{"host":"7wmszz0w4jucpwgw","time":1614326091,"event":{"mods":["Act Like it!","BaseMod","Best Route Mod","Minty Spire (QoL Compilation)","Prisma Mod","Shop Mod","StSLib","Waifu the Spire"],"gold_per_floor":[360,360,69,69,88,88,102,43,91,91,115,115,115,146,146,267,267,286,306,306,306,324,324,344,15,15,56,72,72,0,13,13,13,13],"floor_reached":33,"language":"ENG","playtime":1756,"items_purged":["Strike_R","Strike_R"],"score":265,"play_id":"5dca7cc2-2c7c-4b63-845f-bfb487b53aec","local_time":"20210225235451","is_ascension_mode":false,"campfire_choices":[{"data":"Pommel Strike","floor":6.0,"key":"SMITH"},{"data":"Flex","floor":10.0,"key":"SMITH"},{"data":"Dropkick","floor":12.0,"key":"SMITH"},{"floor":15.0,"key":"REST"},{"floor":23.0,"key":"REST"},{"data":"Seeing Red","floor":29.0,"key":"SMITH"},{"floor":32.0,"key":"REST"}],"circlet_count":0,"master_deck":["Strike_R","Defend_R","Defend_R","Defend_R","Bash+1","Flex+1","Shrug It Off","Metallicize","Pommel Strike+1","Inflame","Dropkick+1","Clothesline+1","Anger","Seeing Red+1","Metallicize","Flex"],"relics":["Burning Blood","MerchantsRug","Golden Idol","Smiling Mask","Omamori","WingedGreaves","Empty Cage","White Beast Statue","Toy Ornithopter","Red Skull"],"acts_visited":["Exordium","TheCity"],"potions_floor_usage":[33,33],"damage_taken":[{"damage":5.0,"enemies":"2 Louse","floor":1.0,"turns":4.0},{"damage":1.0,"enemies":"Jaw Worm","floor":5.0,"turns":3.0},{"damage":0.0,"enemies":"Cultist","floor":7.0,"turns":3.0},{"damage":5.0,"enemies":"2 Fungi Beasts","floor":11.0,"turns":4.0},{"damage":8.0,"enemies":"Gremlin Nob","floor":14.0,"turns":3.0},{"damage":28.0,"enemies":"Hexaghost","floor":16.0,"turns":9.0},{"damage":32.0,"enemies":"Spheric Guardian","floor":18.0,"turns":8.0},{"damage":15.0,"enemies":"3 Byrds","floor":19.0,"turns":6.0},{"damage":40.0,"enemies":"Cultist and Chosen","floor":22.0,"turns":8.0},{"damage":21.0,"enemies":"Shelled Parasite and Fungi","floor":24.0,"turns":6.0},{"damage":4.0,"enemies":"Book of Stabbing","floor":27.0,"turns":4.0},{"damage":21.0,"enemies":"Centurion and Healer","floor":28.0,"turns":5.0},{"damage":25.0,"enemies":"Cultist and Chosen","floor":31.0,"turns":7.0},{"damage":63,"enemies":"Automaton","floor":33,"turns":6}],"seed_played":"4729415751763497821","potions_obtained":[{"floor":7.0,"key":"Fire Potion"},{"floor":11.0,"key":"SpeedPotion"},{"floor":14.0,"key":"ElixirPotion"},{"floor":22.0,"key":"CultistPotion"},{"floor":24.0,"key":"Explosive Potion"},{"floor":27.0,"key":"Dexterity Potion"},{"floor":28.0,"key":"BloodPotion"},{"floor":31.0,"key":"Ancient Potion"}],"is_trial":false,"path_per_floor":["M","?","$","?","M","R","M","$","T","R","M","R","?","E","R","B",null,"M","M","?","T","M","R","M","$","T","E","M","R","?","M","R","B"],"character_chosen":"IRONCLAD","items_purchased":["Shrug It Off","Metallicize","Pommel Strike","MerchantsRug","Toy Ornithopter","Metallicize","Flex"],"campfire_rested":3,"item_purchase_floors":[3,3,3,3,25,25,25],"current_hp_per_floor":[57,57,57,37,42,42,48,48,48,48,49,49,42,40,64,42,80,54,45,45,45,11,35,20,20,20,27,17,17,17,19,43,0,0],"gold":13,"neow_bonus":"TWO_FIFTY_GOLD","is_daily":false,"chose_seed":false,"campfire_upgraded":4,"win_rate":0.0,"timestamp":1614326091,"path_taken":["M","?","$","?","M","R","M","?","T","R","?","R","?","E","R","BOSS","M","M","?","?","M","R","M","$","T","E","?","R","?","M","R","BOSS"],"items_purchased_type":["Card","Card","Card","Relic","Relic","Card","Card"],"build_version":"2020-12-22","purchased_purges":2,"victory":false,"max_hp_per_floor":[80,80,80,80,80,80,80,80,80,80,80,80,80,80,80,80,80,80,80,80,80,80,80,80,80,80,80,80,80,80,80,80,80,80],"card_choices":[{"not_picked":["Perfected Strike","Reckless Charge"],"picked":"Flex","floor":1.0},{"not_picked":["Havoc","Warcry"],"picked":"Inflame","floor":5.0},{"not_picked":["True Grit","Perfected Strike"],"picked":"Dropkick","floor":7.0},{"not_picked":["Perfected Strike","Cleave","Havoc"],"picked":"SKIP","floor":11.0},{"not_picked":["Perfected Strike","Intimidate","Berserk"],"picked":"SKIP","floor":14.0},{"not_picked":["Clash","Havoc"],"picked":"Clothesline+1","floor":18.0},{"not_picked":["Shockwave","Thunderclap","Twin Strike"],"picked":"SKIP","floor":19.0},{"not_picked":["Clash+1","Sentinel"],"picked":"Anger","floor":22.0},{"not_picked":["Second Wind","Rage"],"picked":"Seeing Red","floor":24.0},{"not_picked":["Rampage","Corruption","Sword Boomerang"],"picked":"SKIP","floor":27.0},{"not_picked":["Thunderclap+1","Cleave","Sever Soul"],"picked":"SKIP","floor":28.0},{"not_picked":["Wild Strike","Reckless Charge","Sword Boomerang"],"picked":"SKIP","floor":31.0}],"player_experience":305397,"relics_obtained":[{"floor":9.0,"key":"Smiling Mask"},{"floor":14.0,"key":"WingedGreaves"},{"floor":21.0,"key":"White Beast Statue"},{"floor":27.0,"key":"Red Skull"}],"event_choices":[{"damage_healed":0.0,"max_hp_gain":0.0,"max_hp_loss":0.0,"gold_gain":0.0,"event_name":"Living Wall","player_choice":"Grow","floor":2.0,"gold_loss":0.0,"damage_taken":0.0,"cards_upgraded":["Bash"]},{"damage_healed":0.0,"max_hp_gain":0.0,"max_hp_loss":0.0,"gold_gain":0.0,"event_name":"Golden Idol","player_choice":"Take Damage","floor":4.0,"gold_loss":0.0,"damage_taken":20.0,"relics_obtained":["Golden Idol"]},{"damage_healed":0.0,"max_hp_gain":0.0,"max_hp_loss":0.0,"gold_gain":0.0,"event_name":"Scrap Ooze","player_choice":"Success","floor":13.0,"gold_loss":0.0,"damage_taken":7.0,"relics_obtained":["Omamori"]},{"cards_removed":["Strike_R"],"damage_healed":0.0,"max_hp_gain":0.0,"max_hp_loss":0.0,"gold_gain":0.0,"event_name":"Back to Basics","player_choice":"Elegance","floor":20.0,"gold_loss":0.0,"damage_taken":0.0},{"damage_healed":0.0,"max_hp_gain":0.0,"max_hp_loss":0.0,"gold_gain":0.0,"event_name":"Masked Bandits","player_choice":"Paid Fearfully","floor":30.0,"gold_loss":72.0,"damage_taken":0.0}],"is_beta":false,"boss_relics":[{"not_picked":["Philosopher\u0027s Stone","Velvet Choker"],"picked":"Empty Cage"}],"items_purged_floors":[8,25],"is_endless":false,"potions_floor_spawned":[7,11,14,22,24,27,28,31],"killed_by":"Automaton","ascension_level":0}}