{"host":"kcg3v0hgymzitgl9","time":1614355361,"event":{"mods":["BaseMod","Colored Map","Minty Spire (QoL Compilation)","Relic Stats","Weighted Paths"],"gold_per_floor":[109,120,70,81,95,95,110,110,110,110,129,129,154,177,177,306,306,324,337,355,208,208,208,208,208,208],"floor_reached":25,"language":"ENG","playtime":2083,"items_purged":["Injury"],"score":197,"play_id":"ecc8fb5c-2d1e-4121-b9be-f07e574ee6c9","local_time":"20210227030241","is_ascension_mode":false,"campfire_choices":[{"data":"Cloak And Dagger","floor":6.0,"key":"SMITH"},{"data":"Survivor","floor":8.0,"key":"SMITH"},{"data":"Backflip","floor":15.0,"key":"SMITH"},{"data":"Envenom","floor":23,"key":"SMITH"}],"circlet_count":0,"master_deck":["Strike_G","Strike_G","Strike_G","Strike_G","Strike_G","Defend_G","Defend_G","Defend_G","Defend_G","Survivor+1","Neutralize","Backflip+1","Acrobatics","Cloak And Dagger+1","Backflip","Dagger Throw","Escape Plan","Blade Dance","Expertise","Envenom+1","Blur","Crippling Poison+1","Caltrops"],"relics":["Ring of the Snake","NeowsBlessing","Mercury Hourglass","Bloody Idol","HoveringKite"],"acts_visited":["Exordium","TheCity"],"potions_floor_usage":[16,16,20,20,20,25],"damage_taken":[{"damage":0.0,"enemies":"Small Slimes","floor":1.0,"turns":1.0},{"damage":0.0,"enemies":"2 Louse","floor":2.0,"turns":1.0},{"damage":0.0,"enemies":"Jaw Worm","floor":4.0,"turns":1.0},{"damage":5.0,"enemies":"Red Slaver","floor":5.0,"turns":6.0},{"damage":6.0,"enemies":"Exordium Wildlife","floor":7.0,"turns":5.0},{"damage":2.0,"enemies":"Blue Slaver","floor":11.0,"turns":3.0},{"damage":2.0,"enemies":"3 Louse","floor":13.0,"turns":2.0},{"damage":0.0,"enemies":"Large Slime","floor":14.0,"turns":5.0},{"damage":6,"enemies":"The Guardian","floor":16,"turns":16},{"damage":11,"enemies":"2 Thieves","floor":18,"turns":5},{"damage":7,"enemies":"Spheric Guardian","floor":19,"turns":7},{"damage":8,"enemies":"Cultist and Chosen","floor":20,"turns":8},{"damage":54,"enemies":"Slavers","floor":25,"turns":3}],"seed_played":"9028498943915689991","potions_obtained":[{"floor":2.0,"key":"LiquidMemories"},{"floor":4.0,"key":"SpeedPotion"},{"floor":7.0,"key":"ColorlessPotion"},{"floor":16,"key":"EntropicBrew"},{"floor":19,"key":"Fruit Juice"}],"is_trial":false,"path_per_floor":["M","M","?","M","M","R","M","R","T","?","M","T","M","M","R","B",null,"M","M","M","$","?","R","?","E"],"character_chosen":"THE_SILENT","items_purchased":["Caltrops"],"campfire_rested":0,"item_purchase_floors":[21],"current_hp_per_floor":[70,70,70,70,65,65,59,59,59,59,57,57,55,55,55,49,70,59,52,49,49,49,49,49,0,0],"gold":208,"neow_bonus":"THREE_ENEMY_KILL","is_daily":false,"chose_seed":false,"campfire_upgraded":4,"win_rate":0.0,"timestamp":1614355361,"path_taken":["M","M","?","M","M","R","M","R","T","?","M","?","M","?","R","BOSS","M","M","M","$","?","R","?","E"],"items_purchased_type":["Card"],"build_version":"2020-12-22","purchased_purges":1,"victory":false,"max_hp_per_floor":[70,70,70,70,70,70,70,70,70,70,70,70,70,70,70,70,70,70,70,75,75,75,75,75,75,75],"relic_stats":{"counters":[13,63],"Bloody Idol":0,"HoveringKite":[10],"obtain_stats":[{"NeowsBlessing":0,"Golden Idol":10,"Bloody Idol":22,"HoveringKite":17,"Ring of the Snake":0,"Mercury Hourglass":9},{"NeowsBlessing":0,"Golden Idol":5,"Bloody Idol":12,"HoveringKite":9,"Ring of the Snake":0,"Mercury Hourglass":5},{"NeowsBlessing":0,"Golden Idol":14,"Bloody Idol":60,"HoveringKite":40,"Ring of the Snake":0,"Mercury Hourglass":14}],"Ring of the Snake":[26],"Mercury Hourglass":[170]},"card_choices":[{"not_picked":["Underhanded Strike","Finisher"],"picked":"Backflip","floor":1.0},{"not_picked":["Sucker Punch","Well Laid Plans"],"picked":"Acrobatics","floor":2.0},{"not_picked":["Footwork","Setup"],"picked":"Cloak And Dagger","floor":4.0},{"not_picked":["Deflect","Dagger Spray"],"picked":"Backflip","floor":5.0},{"not_picked":["All Out Attack","Predator"],"picked":"Dagger Throw","floor":7.0},{"not_picked":["Dash","Deadly Poison"],"picked":"Escape Plan","floor":11.0},{"not_picked":["Bouncing Flask","Acrobatics"],"picked":"Blade Dance","floor":13.0},{"not_picked":["Underhanded Strike","Slice"],"picked":"Expertise","floor":14.0},{"not_picked":["Phantasmal Killer","Tools of the Trade"],"picked":"Envenom","floor":16},{"not_picked":["Poisoned Stab","Dagger Throw+1"],"picked":"Blur","floor":18},{"not_picked":["Skewer+1","Dagger Spray","Acrobatics"],"picked":"SKIP","floor":19},{"not_picked":["Dagger Throw","Quick Slash+1"],"picked":"Crippling Poison+1","floor":20}],"player_experience":349934,"relics_obtained":[{"floor":9.0,"key":"Mercury Hourglass"}],"event_choices":[{"cards_removed":["Defend_G"],"damage_healed":0.0,"max_hp_gain":0.0,"max_hp_loss":0.0,"gold_gain":0.0,"event_name":"The Cleric","player_choice":"Card Removal","floor":3.0,"gold_loss":50.0,"damage_taken":0.0},{"damage_healed":0.0,"max_hp_gain":0.0,"max_hp_loss":0.0,"gold_gain":0.0,"event_name":"Golden Idol","player_choice":"Take Wound","floor":10.0,"gold_loss":0.0,"damage_taken":0.0,"relics_obtained":["Golden Idol"],"cards_obtained":["Injury"]},{"damage_healed":0,"gold_gain":0,"player_choice":"Gave Idol","damage_taken":0,"relics_obtained":["Bloody Idol"],"max_hp_gain":0,"max_hp_loss":0,"event_name":"Forgotten Altar","floor":22,"relics_lost":["Golden Idol"],"gold_loss":0},{"damage_healed":0,"gold_gain":0,"player_choice":"Ignored","damage_taken":0,"max_hp_gain":0,"max_hp_loss":0,"event_name":"Ghosts","floor":24,"gold_loss":0}],"is_beta":false,"boss_relics":[{"not_picked":["Runic Pyramid","Tiny House"],"picked":"HoveringKite"}],"items_purged_floors":[21],"is_endless":false,"potions_floor_spawned":[2,4,7,14,16,19],"killed_by":"Slavers","ascension_level":0}}