{"host":"bf5upntvbdompq33","time":1614316845,"event":{"mods":["BaseMod","Bestiary","Colored Map","Colored Powertips","Curses Come First","Highlight Path","Minty Spire (QoL Compilation)","StSLib","ojb\u0027s Info Mod"],"gold_per_floor":[165,183,61,75,25,52,52,52,76,111,81,95,95,110,110,213,213,225,244,258,258,275,275,275,275],"floor_reached":24,"language":"ENG","playtime":1839,"items_purged":["Strike_B"],"score":336,"play_id":"3f726b07-6008-4ab4-b6e8-9e532b721b5d","local_time":"20210225222045","is_ascension_mode":true,"campfire_choices":[{"floor":8,"key":"REST"},{"floor":13,"key":"REST"},{"data":"Hologram","floor":15,"key":"SMITH"},{"data":"Self Repair","floor":23,"key":"SMITH"}],"circlet_count":0,"master_deck":["AscendersBane","Zap+1","Dualcast","Sweeping Beam","Beam Cell","Skim","Cold Snap","Ball Lightning","Glacier","Compile Driver","Hologram+1","Conserve Battery","Steam","Multi-Cast","Consume","Chill","Sunder","Creative AI","Ball Lightning","Storm","Cold Snap","Leap","Self Repair+1","Undo"],"relics":["Tiny House","Blood Vial","MealTicket","Potion Belt","Pandora\u0027s Box"],"acts_visited":["Exordium","TheCity"],"potions_floor_usage":[10,16,16,16,20,24,24,24],"damage_taken":[{"damage":12.0,"enemies":"Jaw Worm","floor":1.0,"turns":3.0},{"damage":0.0,"enemies":"2 Louse","floor":2.0,"turns":3.0},{"damage":0.0,"enemies":"Cultist","floor":4.0,"turns":4.0},{"damage":41.0,"enemies":"Gremlin Nob","floor":6.0,"turns":5.0},{"damage":13.0,"enemies":"Blue Slaver","floor":7.0,"turns":4.0},{"damage":5,"enemies":"Lagavulin","floor":10,"turns":6},{"damage":11,"enemies":"Exordium Wildlife","floor":12,"turns":4},{"damage":1,"enemies":"2 Fungi Beasts","floor":14,"turns":4},{"damage":33,"enemies":"Slime Boss","floor":16,"turns":10},{"damage":0,"enemies":"Spheric Guardian","floor":18,"turns":5},{"damage":8,"enemies":"Chosen","floor":19,"turns":6},{"damage":14,"enemies":"3 Cultists","floor":20,"turns":6},{"damage":23,"enemies":"Snecko","floor":22,"turns":7},{"damage":56,"enemies":"Book of Stabbing","floor":24,"turns":8}],"seed_played":"-3804334203205165820","potions_obtained":[{"floor":0.0,"key":"Dexterity Potion"},{"floor":1.0,"key":"Dexterity Potion"},{"floor":10,"key":"Swift Potion"},{"floor":11,"key":"EssenceOfDarkness"},{"floor":11,"key":"ColorlessPotion"},{"floor":16,"key":"SpeedPotion"},{"floor":18,"key":"Regen Potion"},{"floor":22,"key":"Dexterity Potion"}],"is_trial":false,"path_per_floor":["M","M","$","M","?","E","M","R","T","E","?","M","R","M","R","B",null,"M","M","M","?","M","R","E"],"character_chosen":"DEFECT","items_purchased":["Cold Snap"],"campfire_rested":2,"item_purchase_floors":[3],"current_hp_per_floor":[61,61,61,61,61,20,9,33,33,30,30,21,45,46,46,15,64,66,60,48,48,34,34,0,0],"gold":275,"neow_bonus":"BOSS_RELIC","is_daily":false,"chose_seed":false,"campfire_upgraded":2,"win_rate":0.0,"timestamp":1614316845,"path_taken":["M","M","$","M","?","E","M","R","T","E","?","M","R","M","R","BOSS","M","?","M","?","M","R","E"],"items_purchased_type":["Card"],"build_version":"2020-12-22","purchased_purges":1,"victory":false,"max_hp_per_floor":[80,80,80,80,80,80,80,80,80,80,80,80,80,80,80,80,80,80,80,80,80,80,80,80,80],"card_choices":[{"not_picked":["Aggregate","Steam"],"picked":"Sweeping Beam","floor":0.0},{"not_picked":["Hello World","Darkness"],"picked":"Beam Cell","floor":1.0},{"not_picked":["Turbo","Recycle"],"picked":"Skim","floor":2.0},{"not_picked":["Undo","Redo"],"picked":"Ball Lightning","floor":4.0},{"not_picked":["Sunder","Streamline"],"picked":"Glacier","floor":6.0},{"not_picked":["Go for the Eyes","Loop"],"picked":"Compile Driver","floor":7.0},{"not_picked":["Reprogram","Compile Driver"],"picked":"Hologram","floor":10},{"not_picked":["Stack","Redo"],"picked":"Conserve Battery","floor":12},{"not_picked":["Beam Cell","Skim"],"picked":"Steam","floor":14},{"not_picked":["Meteor Strike","Hyperbeam"],"picked":"Multi-Cast","floor":16},{"not_picked":["Go for the Eyes","Sweeping Beam"],"picked":"Cold Snap","floor":18},{"not_picked":["Melter","Cold Snap"],"picked":"Leap","floor":19},{"not_picked":["Beam Cell","Lockon"],"picked":"Self Repair","floor":20},{"not_picked":["Rebound","Compile Driver"],"picked":"Undo","floor":22}],"player_experience":1750315,"relics_obtained":[{"floor":6.0,"key":"Blood Vial"},{"floor":9,"key":"MealTicket"},{"floor":10,"key":"Potion Belt"}],"event_choices":[{"cards_removed":["Strike_B"],"damage_healed":0.0,"max_hp_gain":0.0,"max_hp_loss":0.0,"gold_gain":0.0,"event_name":"The Cleric","player_choice":"Card Removal","floor":5.0,"gold_loss":50.0,"damage_taken":0.0},{"damage_healed":0,"gold_gain":0,"player_choice":"Bought 2 Potions","damage_taken":0,"max_hp_gain":0,"max_hp_loss":0,"event_name":"The Woman in Blue","floor":11,"gold_loss":0},{"damage_healed":0,"gold_gain":0,"player_choice":"Ignored","damage_taken":0,"max_hp_gain":0,"max_hp_loss":0,"event_name":"Vampires","floor":21,"gold_loss":0}],"is_beta":false,"boss_relics":[{"not_picked":["Snecko Eye","Nuclear Battery"],"picked":"Pandora\u0027s Box"}],"items_purged_floors":[3],"is_endless":false,"potions_floor_spawned":[1,4,10,12,16,18,22],"killed_by":"Book of Stabbing","ascension_level":12}}