{"host":"kh6fvhxn285ncg0o","time":1614323165,"event":{"mods":["Act Like it!","BaseMod","Colored Map","Friendly Minions","Keyboard Shortcuts","Minty Spire (QoL Compilation)","Quick Restart","Relic Stats","StSLib","SuperFastMode","UnlockEverythingMod"],"gold_per_floor":[110,110,110,35,53,84,100,133,133,74,99,99,143,161,161,266,266,294,294,294,303,161,161,195,206,206,238,52,81,99,140,140,227,227,237,299,299,314,326,367,367,367,399,429,445,445,345,370,370,370,370,370,370,32,60,60],"floor_reached":57,"language":"KOR","playtime":1700,"items_purged":["Strike_R","Strike_R"],"score":3268,"play_id":"727c363c-1745-404e-98c4-1e6b934b2a5f","local_time":"20210226160605","is_ascension_mode":true,"campfire_choices":[{"floor":12,"key":"REST"},{"data":"Feed","floor":15,"key":"SMITH"},{"data":"Immolate","floor":23,"key":"SMITH"},{"data":"Burning Pact","floor":32,"key":"SMITH"},{"floor":41,"key":"RECALL"},{"data":"Shrug It Off","floor":49,"key":"SMITH"},{"data":"Defend_R","floor":53,"key":"SMITH"}],"circlet_count":0,"master_deck":["AscendersBane","Defend_R","Defend_R","Defend_R","Defend_R+1","Bash+1","Hemokinesis+1","Evolve","Shrug It Off+1","Berserk+1","Feed+1","Fire Breathing+1","Sever Soul+1","Burning Pact+1","Entrench","Feel No Pain+1","Feed","Disarm","Body Slam+1","Barricade+1","Rage+1","Offering","Clumsy"],"relics":["Burning Blood","NeowsBlessing","Bloody Idol","Frozen Egg 2","Du-Vu Doll","Magic Flower","CeramicFish","Singing Bowl","Snecko Eye","Enchiridion","Bag of Marbles","Mummified Hand","ClockworkSouvenir","Akabeko","Ice Cream","Cursed Key","Charon\u0027s Ashes","Blue Candle","Happy Flower","Boot","Blood Vial","Art of War","Whetstone"],"acts_visited":["Exordium","TheCity","TheBeyond","TheEnding"],"potions_floor_usage":[16,27,27,31,33,39,40,50,50,55,56,56],"damage_taken":[{"damage":0.0,"enemies":"Small Slimes","floor":1.0,"turns":1.0},{"damage":0.0,"enemies":"2 Louse","floor":5.0,"turns":1.0},{"damage":0.0,"enemies":"3 Sentries","floor":6.0,"turns":2.0},{"damage":5.0,"enemies":"Cultist","floor":7.0,"turns":4.0},{"damage":10.0,"enemies":"Gremlin Nob","floor":8.0,"turns":2.0},{"damage":29,"enemies":"Gremlin Gang","floor":11,"turns":6},{"damage":16,"enemies":"Lagavulin","floor":13,"turns":6},{"damage":3,"enemies":"Looter","floor":14,"turns":3},{"damage":25,"enemies":"Hexaghost","floor":16,"turns":9},{"damage":13,"enemies":"Spheric Guardian","floor":18,"turns":4},{"damage":13,"enemies":"Slavers","floor":24,"turns":3},{"damage":2,"enemies":"3 Byrds","floor":25,"turns":3},{"damage":56,"enemies":"Book of Stabbing","floor":27,"turns":6},{"damage":32,"enemies":"Gremlin Leader","floor":29,"turns":4},{"damage":11,"enemies":"Shelled Parasite and Fungi","floor":30,"turns":6},{"damage":21,"enemies":"Slavers","floor":31,"turns":3},{"damage":64,"enemies":"Champ","floor":33,"turns":8},{"damage":0,"enemies":"3 Shapes","floor":35,"turns":1},{"damage":32,"enemies":"2 Orb Walkers","floor":36,"turns":3},{"damage":1,"enemies":"Orb Walker","floor":38,"turns":2},{"damage":0,"enemies":"Transient","floor":39,"turns":5},{"damage":11,"enemies":"Giant Head","floor":40,"turns":5},{"damage":46,"enemies":"Nemesis","floor":44,"turns":5},{"damage":0,"enemies":"3 Darklings","floor":45,"turns":1},{"damage":8,"enemies":"Reptomancer","floor":48,"turns":5},{"damage":6,"enemies":"Awakened One","floor":50,"turns":6},{"damage":15,"enemies":"Donu and Deca","floor":51,"turns":8},{"damage":32,"enemies":"Shield and Spear","floor":55,"turns":4},{"damage":6,"enemies":"The Heart","floor":56,"turns":7}],"seed_played":"1526927959661386628","potions_obtained":[{"floor":1.0,"key":"LiquidMemories"},{"floor":7.0,"key":"SkillPotion"},{"floor":11,"key":"ColorlessPotion"},{"floor":13,"key":"Block Potion"},{"floor":18,"key":"ColorlessPotion"},{"floor":24,"key":"AttackPotion"},{"floor":29,"key":"SkillPotion"},{"floor":30,"key":"Strength Potion"},{"floor":36,"key":"DistilledChaos"},{"floor":38,"key":"DistilledChaos"},{"floor":44,"key":"BlessingOfTheForge"},{"floor":48,"key":"Swift Potion"}],"is_trial":false,"path_per_floor":["M","?","?","?","M","E","M","E","T","?","M","R","E","M","R","B",null,"M","?","?","?","$","R","E","M","T","E","$","E","M","E","R","B",null,"M","?","?","M","M","E","R","?","T","E","M","?","$","E","R","B","B",null,"R","$","E","B",null],"character_chosen":"IRONCLAD","items_purchased":["Feel No Pain+1","Disarm","ClockworkSouvenir","Art of War","EntropicBrew","Swift Potion"],"campfire_rested":1,"item_purchase_floors":[22,28,28,54,54,54],"current_hp_per_floor":[74,51,25,25,31,37,38,34,34,34,14,36,34,47,47,37,75,77,56,56,61,66,66,78,103,103,63,68,57,73,77,77,32,101,117,109,109,129,131,135,135,135,135,105,121,149,149,154,154,158,163,165,165,165,149,155],"gold":60,"neow_bonus":"THREE_ENEMY_KILL","is_daily":false,"chose_seed":false,"campfire_upgraded":5,"win_rate":0.0,"timestamp":1614323165,"path_taken":["M","?","?","?","M","E","M","E","T","?","?","R","E","?","R","BOSS","M","?","?","?","$","R","E","M","T","E","$","E","M","E","R","BOSS","M","?","?","M","M","E","R","?","T","E","M","?","$","E","R","BOSS","BOSS","R","$","E","BOSS"],"items_purchased_type":["Card","Card","Relic","Relic","Potion","Potion"],"build_version":"2020-12-22","purchased_purges":2,"victory":true,"max_hp_per_floor":[75,75,75,75,75,75,75,75,75,75,75,75,78,83,83,87,87,91,91,91,91,91,91,95,104,104,106,106,111,120,124,124,124,124,126,129,123,129,131,135,135,135,135,137,139,149,149,154,154,158,165,165,165,165,167,167],"relic_stats":{"Singing Bowl":24,"Happy Flower":[12],"counters":[29,123],"CeramicFish":117,"Blue Candle":[0],"Magic Flower":[100],"Charon\u0027s Ashes":[358],"Whetstone":["Sever Soul","Body Slam"],"Cursed Key":1,"Boot":[0],"Burning Blood":229,"Blood Vial":3,"Mummified Hand":[134],"Bloody Idol":99,"Snecko Eye":[183,216,172,158],"Art of War":[3],"obtain_stats":[{"Ice Cream":31,"NeowsBlessing":0,"Singing Bowl":13,"Happy Flower":43,"Golden Idol":3,"CeramicFish":10,"Blue Candle":40,"Magic Flower":9,"Enchiridion":19,"Charon\u0027s Ashes":36,"Whetstone":55,"Frozen Egg 2":6,"Cursed Key":34,"Boot":44,"Burning Blood":0,"Akabeko":29,"ClockworkSouvenir":28,"Du-Vu Doll":8,"Blood Vial":48,"Mummified Hand":27,"Bloody Idol":20,"Snecko Eye":17,"Bag of Marbles":24,"Art of War":54},{"Ice Cream":16,"NeowsBlessing":0,"Singing Bowl":7,"Happy Flower":22,"Golden Idol":1,"CeramicFish":5,"Blue Candle":22,"Magic Flower":5,"Enchiridion":10,"Charon\u0027s Ashes":19,"Whetstone":28,"Frozen Egg 2":3,"Cursed Key":17,"Boot":23,"Burning Blood":0,"Akabeko":14,"ClockworkSouvenir":13,"Du-Vu Doll":5,"Blood Vial":25,"Mummified Hand":13,"Bloody Idol":10,"Snecko Eye":9,"Bag of Marbles":11,"Art of War":27},{"Ice Cream":63,"NeowsBlessing":0,"Singing Bowl":22,"Happy Flower":87,"Golden Idol":1,"CeramicFish":10,"Blue Candle":87,"Magic Flower":10,"Enchiridion":38,"Charon\u0027s Ashes":75,"Whetstone":116,"Frozen Egg 2":4,"Cursed Key":71,"Boot":92,"Burning Blood":0,"Akabeko":54,"ClockworkSouvenir":50,"Du-Vu Doll":10,"Blood Vial":98,"Mummified Hand":50,"Bloody Idol":38,"Snecko Eye":34,"Bag of Marbles":41,"Art of War":112}]},"card_choices":[{"not_picked":["Havoc","Uppercut"],"picked":"Hemokinesis","floor":1.0},{"not_picked":["Dark Embrace","Cleave"],"picked":"Evolve","floor":5.0},{"not_picked":["Sword Boomerang","Infernal Blade"],"picked":"Shrug It Off","floor":6.0},{"not_picked":["Armaments","Pommel Strike"],"picked":"Berserk+1","floor":7.0},{"not_picked":["Perfected Strike","Infernal Blade"],"picked":"Feed","floor":8.0},{"not_picked":["Headbutt","Wild Strike"],"picked":"Fire Breathing+1","floor":11},{"not_picked":["Ghostly Armor","Rampage"],"picked":"Sever Soul","floor":13},{"not_picked":["Rampage","Shrug It Off","Clash"],"picked":"Singing Bowl","floor":14},{"not_picked":["Limit Break","Corruption+1"],"picked":"Immolate","floor":16},{"not_picked":["Intimidate+1","Uppercut"],"picked":"Burning Pact","floor":18},{"not_picked":["Heavy Blade","Exhume"],"picked":"Feed","floor":24},{"not_picked":["Bloodletting","True Grit","Battle Trance"],"picked":"Singing Bowl","floor":25},{"not_picked":["Whirlwind","Clothesline","Armaments"],"picked":"Singing Bowl","floor":27},{"not_picked":["Clash","Heavy Blade","Wild Strike"],"picked":"Singing Bowl","floor":29},{"not_picked":["Clothesline","Pommel Strike","Havoc"],"picked":"Singing Bowl","floor":30},{"not_picked":["Pummel","Metallicize+1"],"picked":"Body Slam","floor":31},{"not_picked":["Offering","Feed"],"picked":"Barricade+1","floor":33},{"not_picked":["Sword Boomerang+1","Wild Strike+1","Shrug It Off+1"],"picked":"Singing Bowl","floor":35},{"not_picked":["Metallicize+1","Dropkick"],"picked":"Rage+1","floor":36},{"not_picked":["Anger","Body Slam+1","Cleave"],"picked":"Singing Bowl","floor":38},{"not_picked":["Cleave","Havoc","Rupture+1"],"picked":"Singing Bowl","floor":39},{"not_picked":["Body Slam","Clothesline"],"picked":"Offering","floor":40},{"not_picked":["Bloodletting","Disarm","Seeing Red"],"picked":"Singing Bowl","floor":44},{"not_picked":["Anger","Warcry","Infernal Blade"],"picked":"Singing Bowl","floor":45},{"not_picked":["Dual Wield","Sever Soul+1","Juggernaut+1"],"picked":"Singing Bowl","floor":48},{"not_picked":["Sever Soul+1","Twin Strike","Wild Strike"],"picked":"Singing Bowl","floor":55}],"player_experience":1553411,"relics_obtained":[{"floor":6.0,"key":"Frozen Egg 2"},{"floor":8.0,"key":"Du-Vu Doll"},{"floor":9.0,"key":"Magic Flower"},{"floor":13,"key":"Singing Bowl"},{"floor":19,"key":"Enchiridion"},{"floor":24,"key":"Bag of Marbles"},{"floor":27,"key":"Mummified Hand"},{"floor":29,"key":"Akabeko"},{"floor":31,"key":"Ice Cream"},{"floor":36,"key":"Charon\u0027s Ashes"},{"floor":40,"key":"Blue Candle"},{"floor":43,"key":"Happy Flower"},{"floor":44,"key":"Boot"},{"floor":48,"key":"Blood Vial"},{"floor":55,"key":"Whetstone"}],"event_choices":[{"damage_healed":0.0,"max_hp_gain":0.0,"max_hp_loss":0.0,"gold_gain":0.0,"event_name":"Shining Light","player_choice":"Entered Light","floor":2.0,"gold_loss":0.0,"damage_taken":23.0,"cards_upgraded":["Hemokinesis","Bash"]},{"damage_healed":0.0,"max_hp_gain":0.0,"max_hp_loss":0.0,"gold_gain":0.0,"event_name":"Golden Idol","player_choice":"Take Damage","floor":3.0,"gold_loss":0.0,"damage_taken":26.0,"relics_obtained":["Golden Idol"]},{"cards_removed":["Strike_R"],"damage_healed":0.0,"max_hp_gain":0.0,"max_hp_loss":0.0,"gold_gain":0.0,"event_name":"The Cleric","player_choice":"Card Removal","floor":4.0,"gold_loss":75.0,"damage_taken":0.0},{"damage_healed":0.0,"max_hp_gain":0.0,"max_hp_loss":0.0,"gold_gain":0.0,"event_name":"WeMeetAgain","player_choice":"Paid Gold","floor":10.0,"gold_loss":59.0,"damage_taken":0.0,"relics_obtained":["CeramicFish"]},{"damage_healed":0,"gold_gain":0,"player_choice":"Obtained Book","damage_taken":21,"max_hp_gain":0,"max_hp_loss":0,"event_name":"Cursed Tome","floor":19,"gold_loss":0},{"damage_healed":0,"gold_gain":0,"player_choice":"Gave Idol","damage_taken":0,"relics_obtained":["Bloody Idol"],"max_hp_gain":0,"max_hp_loss":0,"event_name":"Forgotten Altar","floor":20,"relics_lost":["Golden Idol"],"gold_loss":0},{"damage_healed":0,"gold_gain":0,"cards_transformed":["Strike_R"],"player_choice":"Transformed","damage_taken":0,"max_hp_gain":0,"max_hp_loss":0,"event_name":"Transmorgrifier","floor":21,"gold_loss":0,"cards_obtained":["Entrench"]},{"damage_healed":0,"gold_gain":0,"player_choice":"Fight","damage_taken":0,"max_hp_gain":0,"max_hp_loss":0,"event_name":"Mysterious Sphere","floor":36,"gold_loss":0},{"damage_healed":0,"gold_gain":0,"player_choice":"Max HP","damage_taken":0,"max_hp_gain":0,"max_hp_loss":6,"event_name":"Winding Halls","floor":37,"gold_loss":0},{"cards_removed":["Strike_R"],"damage_healed":0,"gold_gain":0,"player_choice":"Removed Attack","damage_taken":0,"max_hp_gain":0,"max_hp_loss":0,"event_name":"Falling","floor":42,"gold_loss":0},{"cards_removed":["Immolate"],"damage_healed":18,"gold_gain":0,"player_choice":"Offered Rare","damage_taken":0,"max_hp_gain":10,"max_hp_loss":0,"event_name":"Bonfire Elementals","floor":46,"gold_loss":0}],"is_beta":false,"boss_relics":[{"not_picked":["Ectoplasm","Black Star"],"picked":"Snecko Eye"},{"not_picked":["Philosopher\u0027s Stone","Busted Crown"],"picked":"Cursed Key"}],"items_purged_floors":[22,47],"is_endless":false,"potions_floor_spawned":[1,7,11,13,18,24,29,30,36,38,44,48],"ascension_level":20}}