{"host":"bf5upntvbdompq33","time":1614359838,"event":{"mods":["BaseMod","Bestiary","Colored Map","Colored Powertips","Curses Come First","Highlight Path","Minty Spire (QoL Compilation)","StSLib","ojb\u0027s Info Mod"],"gold_per_floor":[111,126,276,351,351,382,33,33,33,50,82,92,125,190,190,263,263,278,278,328,343,363,393,404,430,430,146,146,172,172,24,24,24,24],"floor_reached":33,"language":"ENG","playtime":2857,"items_purged":["Strike_R","Strike_R","Strike_R"],"score":737,"play_id":"2441facc-21e0-4550-8e4c-de75cb7f99aa","local_time":"20210226101718","is_ascension_mode":true,"campfire_choices":[{"data":"Armaments","floor":8,"key":"SMITH"},{"floor":15,"key":"REST"},{"data":"Whirlwind","floor":28,"key":"SMITH"},{"data":"Carnage","floor":30,"key":"SMITH"},{"data":"Pommel Strike","floor":32,"key":"SMITH"}],"circlet_count":0,"master_deck":["AscendersBane","Strike_R","Strike_R","Defend_R","Defend_R","Defend_R","Defend_R","Bash","Shrug It Off","Armaments+1","Offering","Hemokinesis","Shrug It Off","Pommel Strike+1","Reaper","Carnage+1","Whirlwind+1","Flame Barrier","Immolate","Twin Strike","Shockwave","Disarm+1","Inflame+1","Shrug It Off+1","Metallicize","Feed","Warcry"],"relics":["Burning Blood","NeowsBlessing","Akabeko","PreservedInsect","Gremlin Horn","Anchor","Sundial","Regal Pillow","Snecko Eye","Centennial Puzzle","MealTicket","Meat on the Bone","Bronze Scales","Unceasing Top"],"acts_visited":["Exordium","TheCity"],"potions_floor_usage":[11,13,16,16,23,25,33],"damage_taken":[{"damage":0,"enemies":"Jaw Worm","floor":1,"turns":1},{"damage":0,"enemies":"Small Slimes","floor":2,"turns":1},{"damage":0,"enemies":"3 Sentries","floor":6,"turns":1},{"damage":2,"enemies":"2 Louse","floor":10,"turns":2},{"damage":22,"enemies":"Gremlin Nob","floor":11,"turns":4},{"damage":11,"enemies":"Large Slime","floor":12,"turns":5},{"damage":10,"enemies":"Lagavulin","floor":13,"turns":4},{"damage":30,"enemies":"3 Sentries","floor":14,"turns":7},{"damage":66,"enemies":"Hexaghost","floor":16,"turns":13},{"damage":25,"enemies":"Spheric Guardian","floor":18,"turns":4},{"damage":0,"enemies":"3 Byrds","floor":21,"turns":2},{"damage":23,"enemies":"Centurion and Healer","floor":22,"turns":4},{"damage":6,"enemies":"Slavers","floor":23,"turns":2},{"damage":6,"enemies":"3 Cultists","floor":24,"turns":3},{"damage":12,"enemies":"Book of Stabbing","floor":25,"turns":4},{"damage":2,"enemies":"Gremlin Leader","floor":29,"turns":2},{"damage":97,"enemies":"Automaton","floor":33,"turns":10}],"seed_played":"-6451687600151037720","potions_obtained":[{"floor":2,"key":"BlessingOfTheForge"},{"floor":6,"key":"Energy Potion"},{"floor":12,"key":"ColorlessPotion"},{"floor":13,"key":"FearPotion"},{"floor":21,"key":"PowerPotion"},{"floor":24,"key":"Weak Potion"},{"floor":25,"key":"BloodPotion"}],"is_trial":false,"path_per_floor":["M","M","?","?","?","E","$","R","T","M","E","M","E","?","R","B",null,"M","?","?","M","M","E","M","E","T","$","R","E","R","$","R","B"],"character_chosen":"IRONCLAD","items_purchased":["Hemokinesis","Shrug It Off","PreservedInsect","Bronze Scales","Metallicize","Warcry"],"campfire_rested":1,"item_purchase_floors":[7,7,7,27,27,31],"current_hp_per_floor":[74,75,75,64,64,70,70,70,70,74,58,53,49,35,72,18,61,42,42,42,52,35,50,62,60,60,75,75,75,75,75,75,0,0],"gold":24,"neow_bonus":"THREE_ENEMY_KILL","is_daily":false,"chose_seed":false,"campfire_upgraded":4,"win_rate":0.0,"timestamp":1614359838,"path_taken":["M","M","?","?","?","E","$","R","T","?","E","M","E","?","R","BOSS","M","?","?","M","M","E","M","E","T","$","R","E","R","$","R","BOSS"],"items_purchased_type":["Card","Card","Relic","Relic","Card","Card"],"build_version":"2020-12-22","purchased_purges":3,"victory":false,"max_hp_per_floor":[75,75,75,75,75,75,75,75,75,75,75,75,75,75,75,75,75,75,75,75,75,75,75,75,75,75,75,75,75,75,75,75,75,75],"card_choices":[{"not_picked":["Fire Breathing","Iron Wave"],"picked":"Shrug It Off","floor":1},{"not_picked":["Flex","True Grit"],"picked":"Armaments","floor":2},{"not_picked":["Inflame","Perfected Strike"],"picked":"Offering","floor":6},{"not_picked":["Flex","Heavy Blade"],"picked":"Pommel Strike","floor":10},{"not_picked":["Clash","Flex"],"picked":"Reaper","floor":11},{"not_picked":["Rupture","Shrug It Off"],"picked":"Carnage","floor":12},{"not_picked":["Cleave","Uppercut"],"picked":"Whirlwind","floor":13},{"not_picked":["Rupture","Entrench"],"picked":"Flame Barrier","floor":14},{"not_picked":["Impervious","Corruption"],"picked":"Immolate","floor":16},{"not_picked":["Dark Embrace","Sever Soul"],"picked":"Twin Strike","floor":18},{"not_picked":["Flex","Cleave"],"picked":"Shockwave","floor":21},{"not_picked":["Armaments","Wild Strike"],"picked":"Disarm+1","floor":22},{"not_picked":["Cleave","Reckless Charge","Sever Soul"],"picked":"SKIP","floor":23},{"not_picked":["Perfected Strike","Pommel Strike"],"picked":"Inflame+1","floor":24},{"not_picked":["Shockwave+1","Sword Boomerang"],"picked":"Shrug It Off+1","floor":25},{"not_picked":["True Grit","Armaments"],"picked":"Feed","floor":29}],"player_experience":1757092,"relics_obtained":[{"floor":6,"key":"Akabeko"},{"floor":9,"key":"Gremlin Horn"},{"floor":11,"key":"Anchor"},{"floor":13,"key":"Sundial"},{"floor":14,"key":"Regal Pillow"},{"floor":23,"key":"Centennial Puzzle"},{"floor":25,"key":"MealTicket"},{"floor":26,"key":"Meat on the Bone"},{"floor":29,"key":"Unceasing Top"}],"event_choices":[{"damage_healed":0,"gold_gain":150,"player_choice":"AGREE","damage_taken":0,"max_hp_gain":0,"max_hp_loss":0,"event_name":"Liars Game","floor":3,"gold_loss":0,"cards_obtained":["Doubt"]},{"damage_healed":0,"gold_gain":75,"player_choice":"Gather Gold","damage_taken":11,"max_hp_gain":0,"max_hp_loss":0,"event_name":"World of Goop","floor":4,"gold_loss":0},{"cards_removed":["Doubt"],"damage_healed":0,"gold_gain":0,"player_choice":"Forget","damage_taken":0,"max_hp_gain":0,"max_hp_loss":0,"event_name":"Living Wall","floor":5,"gold_loss":0},{"damage_healed":0,"gold_gain":0,"player_choice":"Searched \u00271\u0027 times","damage_taken":0,"max_hp_gain":0,"max_hp_loss":0,"event_name":"Dead Adventurer","floor":14,"gold_loss":0},{"damage_healed":0,"gold_gain":0,"player_choice":"Ignored","damage_taken":0,"max_hp_gain":0,"max_hp_loss":0,"event_name":"Vampires","floor":19,"gold_loss":0},{"damage_healed":0,"gold_gain":50,"player_choice":"Stole From Cult","damage_taken":0,"max_hp_gain":0,"max_hp_loss":0,"event_name":"Nest","floor":20,"gold_loss":0}],"is_beta":false,"boss_relics":[{"not_picked":["Tiny House","Busted Crown"],"picked":"Snecko Eye"}],"items_purged_floors":[7,27,31],"is_endless":false,"potions_floor_spawned":[2,6,12,13,21,24,25],"killed_by":"Automaton","ascension_level":15}}