{"host":"92sjzvcjs9ajt7c7","time":1614359162,"event":{"mods":["Bard","BaseMod","Colored Powertips","DeckTracker","Evolution","Minty Spire (QoL Compilation)","Shapeshifter Mod","Shop Mod","StSLib","The Disciple","The Forsaken","The Hayseed","The Hierophant","The Marked","The Runesmith","The Servant 0.9.4","The Showman","Waifu the Spire","WarShipGirlsR/????R mod","everything is the same but u backflip on backflip"],"gold_per_floor":[110,125,137,150,28,28,44,62,62,62,62,62,73,98,98,202,202,216,216,216,61,1,13,45,70,152,164,193,205,217,247,259,373,385,409,440,452,480,512,524,536,536],"floor_reached":41,"language":"ENG","playtime":3653,"items_purged":["StSShapeShifter:ShapeShifter_Defend"],"score":447,"play_id":"c1a21b0d-014b-4caf-941d-dfffeafe6482","local_time":"20210226110602","is_ascension_mode":false,"campfire_choices":[{"data":"StSShapeShifter:PoisonIvy","floor":6.0,"key":"SMITH"},{"data":"StSShapeShifter:Lynx_Form","floor":10.0,"key":"SMITH"},{"data":"StSShapeShifter:SquirrelForm","floor":12.0,"key":"SMITH"},{"floor":15.0,"key":"REST"},{"data":"StSShapeShifter:DragonForm","floor":23.0,"key":"SMITH"},{"floor":27.0,"key":"REST"},{"floor":32.0,"key":"REST"},{"floor":40,"key":"REST"}],"circlet_count":0,"master_deck":["StSShapeShifter:ShapeShifter_Strike","StSShapeShifter:ShapeShifter_Strike","StSShapeShifter:ShapeShifter_Defend","StSShapeShifter:ShapeShifter_Defend","StSShapeShifter:ShapeShifter_Defend","StSShapeShifter:ShapeShifter_Defend","StSShapeShifter:FesteringBite","StSShapeShifter:PoisonIvy+1","StSShapeShifter:RockSlide","StSShapeShifter:SquirrelForm+1","StSShapeShifter:BloomingSlash","StSShapeShifter:AdaptiveStrikes","StSShapeShifter:HummingbirdForm+1","StSShapeShifter:DragonForm+1","StSShapeShifter:Pounce","StSShapeShifter:Rabid+1","StSShapeShifter:VineHandcuffs+1","StSShapeShifter:Winter+1","StSShapeShifter:StormGryphonForm","StSShapeShifter:BurstingSpore","StSShapeShifter:FullMoon","StSShapeShifter:AdaptiveStrikes+1","StSShapeShifter:OakBlade+1"],"relics":["StSShapeShifter:AnimalHeart","StSShapeShifter:TheShapeShiftersMagnolia","EVO:Axolotl","Sundial","StSShapeShifter:FrogOfVitality","Astrolabe","Nilry\u0027s Codex","StSShapeShifter:BeastkeepersGift","MawBank","Mummified Hand","Philosopher\u0027s Stone"],"acts_visited":["Exordium","TheCity","TheBeyond"],"potions_floor_usage":[],"damage_taken":[{"damage":8.0,"enemies":"Small Slimes","floor":1.0,"turns":5.0},{"damage":4.0,"enemies":"Cultist","floor":2.0,"turns":4.0},{"damage":1.0,"enemies":"Jaw Worm","floor":3.0,"turns":3.0},{"damage":21.0,"enemies":"Exordium Thugs","floor":4.0,"turns":4.0},{"damage":0.0,"enemies":"2 Fungi Beasts","floor":7.0,"turns":2.0},{"damage":7.0,"enemies":"Looter","floor":8.0,"turns":3.0},{"damage":5.0,"enemies":"Lots of Slimes","floor":13.0,"turns":3.0},{"damage":25.0,"enemies":"Lagavulin","floor":14.0,"turns":6.0},{"damage":13.0,"enemies":"Slime Boss","floor":16.0,"turns":7.0},{"damage":4.0,"enemies":"2 Thieves","floor":18.0,"turns":2.0},{"damage":23.0,"enemies":"Chosen","floor":24.0,"turns":6.0},{"damage":76.0,"enemies":"3 Cultists","floor":25.0,"turns":6.0},{"damage":10.0,"enemies":"Snake Plant","floor":28.0,"turns":3.0},{"damage":5.0,"enemies":"Chosen and Byrds","floor":31.0,"turns":4.0},{"damage":15.0,"enemies":"Collector","floor":33.0,"turns":7.0},{"damage":13.0,"enemies":"3 Darklings","floor":35.0,"turns":3.0},{"damage":27.0,"enemies":"3 Shapes","floor":36.0,"turns":5.0},{"damage":46.0,"enemies":"Maw","floor":38.0,"turns":6.0},{"damage":19,"enemies":"Sphere and 2 Shapes","floor":39,"turns":4},{"damage":44,"enemies":"Transient","floor":41,"turns":5}],"seed_played":"3108091772908187196","potions_obtained":[{"floor":1.0,"key":"DistilledChaos"},{"floor":2.0,"key":"CultistPotion"},{"floor":8.0,"key":"SpeedPotion"},{"floor":11.0,"key":"FairyPotion"},{"floor":25.0,"key":"Energy Potion"},{"floor":35.0,"key":"BlessingOfTheForge"},{"floor":39,"key":"PowerPotion"}],"is_trial":false,"path_per_floor":["M","M","M","M","$","R","M","M","T","R","?","R","M","E","R","B",null,"M","?","?","$","?","R","M","M","T","R","M","?","$","M","R","B",null,"M","M","?","M","M","R","M"],"character_chosen":"SHAPESHIFTER","items_purchased":["StSShapeShifter:BloomingSlash","StSShapeShifter:BeastkeepersGift"],"campfire_rested":4,"item_purchase_floors":[5,21],"current_hp_per_floor":[77,73,72,51,51,51,51,44,44,44,44,44,39,14,39,30,89,87,71,71,71,71,71,49,15,15,43,33,24,24,21,49,36,98,85,62,62,17,2,34,0,0],"gold":536,"neow_bonus":"TEN_PERCENT_HP_BONUS","is_daily":false,"chose_seed":false,"campfire_upgraded":4,"win_rate":0.0,"timestamp":1614359162,"path_taken":["M","M","M","M","$","R","M","M","T","R","?","R","M","E","R","BOSS","M","?","?","$","?","R","M","M","T","R","?","?","?","M","R","BOSS","M","M","?","M","M","R","M"],"items_purchased_type":["Card","Relic"],"build_version":"2020-12-22","purchased_purges":1,"victory":false,"max_hp_per_floor":[85,85,85,85,85,85,85,85,85,85,85,85,85,85,85,89,89,91,91,91,91,91,91,92,94,94,94,94,94,94,96,96,98,98,98,102,102,103,107,107,108,108],"card_choices":[{"not_picked":["StSShapeShifter:LeapingSlash","StSShapeShifter:EagleForm"],"picked":"StSShapeShifter:FesteringBite","floor":1.0},{"not_picked":["StSShapeShifter:ForestFire","StSShapeShifter:SunflowerShuriken"],"picked":"StSShapeShifter:PoisonIvy","floor":2.0},{"not_picked":["StSShapeShifter:FlowerShield","StSShapeShifter:PoisonIvy"],"picked":"StSShapeShifter:RockSlide","floor":3.0},{"not_picked":["StSShapeShifter:Guard","StSShapeShifter:DeerForm"],"picked":"StSShapeShifter:SquirrelForm","floor":4.0},{"not_picked":["StSShapeShifter:ThornToss","StSShapeShifter:FoxForm","StSShapeShifter:OwlForm"],"picked":"SKIP","floor":7.0},{"not_picked":["StSShapeShifter:OakBlade","StSShapeShifter:FesteringBite"],"picked":"StSShapeShifter:AdaptiveStrikes","floor":8.0},{"not_picked":["StSShapeShifter:BladeOfGrass","StSShapeShifter:SunflowerShuriken"],"picked":"StSShapeShifter:HummingbirdForm","floor":13.0},{"not_picked":["StSShapeShifter:SunflowerShuriken","StSShapeShifter:TopazSkin"],"picked":"StSShapeShifter:DragonForm","floor":14.0},{"not_picked":["StSShapeShifter:MysticalSeed","StSShapeShifter:RestoreBalance"],"picked":"StSShapeShifter:Pounce","floor":16.0},{"not_picked":["StSShapeShifter:EmbraceTheCycle+1","StSShapeShifter:VineHandcuffs","StSShapeShifter:RockSlide"],"picked":"SKIP","floor":18.0},{"not_picked":["StSShapeShifter:Guard+1","StSShapeShifter:SquirrelForm","StSShapeShifter:DeepWound"],"picked":"SKIP","floor":24.0},{"not_picked":["StSShapeShifter:EagleForm","StSShapeShifter:PoisonIvy","StSShapeShifter:RaptorForm"],"picked":"SKIP","floor":25.0},{"not_picked":["StSShapeShifter:FesteringBite+1","StSShapeShifter:Roar+1","StSShapeShifter:IntimidatingAura"],"picked":"SKIP","floor":28.0},{"not_picked":["StSShapeShifter:SunflowerShuriken+1","StSShapeShifter:BarkSkin"],"picked":"StSShapeShifter:BurstingSpore","floor":31.0},{"not_picked":["StSShapeShifter:LionForm","StSShapeShifter:MooseForm"],"picked":"StSShapeShifter:FullMoon","floor":33.0},{"not_picked":["StSShapeShifter:BladeOfGrass+1","StSShapeShifter:FallingLeaves"],"picked":"StSShapeShifter:AdaptiveStrikes+1","floor":35.0},{"not_picked":["StSShapeShifter:ThornToss","StSShapeShifter:SpiritOfTheEarth","StSShapeShifter:FesteringBite+1"],"picked":"SKIP","floor":36.0},{"not_picked":["StSShapeShifter:OwlForm","StSShapeShifter:DeerForm"],"picked":"StSShapeShifter:OakBlade+1","floor":38.0},{"not_picked":["StSShapeShifter:Bonk","StSShapeShifter:EntForm","StSShapeShifter:BurstingSpore+1"],"picked":"SKIP","floor":39}],"player_experience":60287,"relics_obtained":[{"floor":9.0,"key":"Sundial"},{"floor":14.0,"key":"StSShapeShifter:FrogOfVitality"},{"floor":19.0,"key":"Nilry\u0027s Codex"},{"floor":26.0,"key":"Mummified Hand"}],"event_choices":[{"damage_healed":0.0,"max_hp_gain":0.0,"max_hp_loss":0.0,"gold_gain":0.0,"event_name":"Lab","player_choice":"Got Potions","floor":11.0,"gold_loss":0.0,"damage_taken":0.0},{"damage_healed":0.0,"max_hp_gain":0.0,"max_hp_loss":0.0,"gold_gain":0.0,"event_name":"Cursed Tome","player_choice":"Obtained Book","floor":19.0,"gold_loss":0.0,"damage_taken":16.0},{"damage_healed":0.0,"max_hp_gain":0.0,"max_hp_loss":0.0,"gold_gain":0.0,"event_name":"Ghosts","player_choice":"Ignored","floor":20.0,"gold_loss":0.0,"damage_taken":0.0},{"damage_healed":0.0,"max_hp_gain":0.0,"max_hp_loss":0.0,"gold_gain":0.0,"event_name":"WeMeetAgain","player_choice":"Paid Gold","floor":22.0,"gold_loss":60.0,"damage_taken":0.0,"relics_obtained":["MawBank"]}],"is_beta":false,"boss_relics":[{"not_picked":["Tiny House","Black Star"],"picked":"Astrolabe"},{"not_picked":["Coffee Dripper","Runic Dome"],"picked":"Philosopher\u0027s Stone"}],"items_purged_floors":[5],"is_endless":false,"potions_floor_spawned":[1,2,8,14,18,25,35,36,39],"killed_by":"Transient","ascension_level":0}}