{"host":"by8i6f8xc0ywpsd5","time":1614362486,"event":{"mods":["BaseMod","Colored Map","Minty Spire (QoL Compilation)","Relic Stats"],"gold_per_floor":[367,380,391,2,52,52,72,98,98,114,114,144,160,187,187,265,265,280,292,292,292,137,163,163,188,188,213,213,213,241,259,259,336,336,351,369,259,276,13,44,44,76,76,123,154,376,31,60,60,60,60,60,60,12,42,42],"floor_reached":57,"language":"ENG","playtime":3819,"items_purged":["Strike_R","Strike_R"],"score":3263,"play_id":"66e5cd53-978f-4733-a307-b2a210e27c90","local_time":"20210226200126","is_ascension_mode":true,"campfire_choices":[{"data":"Iron Wave","floor":6.0,"key":"SMITH"},{"data":"Hemokinesis","floor":11.0,"key":"SMITH"},{"data":"Feed","floor":15.0,"key":"SMITH"},{"data":"Bash","floor":24.0,"key":"SMITH"},{"data":"Barricade","floor":29,"key":"SMITH"},{"data":"Shockwave","floor":32,"key":"SMITH"},{"floor":41,"key":"RECALL"},{"floor":49,"key":"REST"},{"floor":53,"key":"REST"}],"circlet_count":0,"master_deck":["AscendersBane","Strike_R","Strike_R","Defend_R","Defend_R","Defend_R","Defend_R","Bash+1","Ghostly Armor","Iron Wave+1","Headbutt+1","Finesse","Evolve","Hemokinesis+1","Feed+1","Disarm","Shockwave+1","Offering","Flame Barrier","Ghostly","Ghostly","Ghostly","Barricade+1","Armaments+1","Twin Strike","Seeing Red","Reaper","Dark Embrace","Sentinel","Body Slam+1","Body Slam","Secret Technique","Shockwave","Dark Embrace+1","Body Slam","Master of Strategy","Shrug It Off","Purity"],"relics":["Burning Blood","Centennial Puzzle","StrikeDummy","HornCleat","Magic Flower","Lizard Tail","SlaversCollar","Bag of Preparation","Matryoshka","Blood Vial","Dead Branch","Red Mask","Toy Ornithopter","Fusion Hammer","Akabeko","Torii","Omamori","Pocketwatch","Bird Faced Urn","Membership Card","Calipers","Pen Nib"],"acts_visited":["Exordium","TheCity","TheBeyond","TheEnding"],"potions_floor_usage":[28,31,40,56,56],"damage_taken":[{"damage":11.0,"enemies":"Jaw Worm","floor":1.0,"turns":6.0},{"damage":14.0,"enemies":"Cultist","floor":2.0,"turns":6.0},{"damage":3.0,"enemies":"2 Louse","floor":3.0,"turns":4.0},{"damage":0.0,"enemies":"Looter","floor":7.0,"turns":4.0},{"damage":26.0,"enemies":"Gremlin Nob","floor":8.0,"turns":4.0},{"damage":3.0,"enemies":"2 Fungi Beasts","floor":10.0,"turns":3.0},{"damage":3.0,"enemies":"3 Sentries","floor":12.0,"turns":8.0},{"damage":15.0,"enemies":"Gremlin Gang","floor":13.0,"turns":4.0},{"damage":11.0,"enemies":"Lagavulin","floor":14.0,"turns":6.0},{"damage":72.0,"enemies":"Slime Boss","floor":16.0,"turns":12.0},{"damage":22.0,"enemies":"2 Thieves","floor":18.0,"turns":5.0},{"damage":18.0,"enemies":"Shell Parasite","floor":19.0,"turns":5.0},{"damage":7.0,"enemies":"Slavers","floor":23.0,"turns":7.0},{"damage":4.0,"enemies":"Book of Stabbing","floor":25.0,"turns":9.0},{"damage":28,"enemies":"Masked Bandits","floor":27,"turns":6},{"damage":11,"enemies":"Gremlin Leader","floor":30,"turns":6},{"damage":2,"enemies":"Snecko","floor":31,"turns":12},{"damage":29,"enemies":"Collector","floor":33,"turns":15},{"damage":16,"enemies":"3 Darklings","floor":35,"turns":12},{"damage":29,"enemies":"Orb Walker","floor":36,"turns":4},{"damage":26,"enemies":"Jaw Worm Horde","floor":38,"turns":7},{"damage":3,"enemies":"Reptomancer","floor":40,"turns":11},{"damage":5,"enemies":"Giant Head","floor":42,"turns":2},{"damage":44,"enemies":"2 Orb Walkers","floor":44,"turns":9},{"damage":3,"enemies":"Reptomancer","floor":45,"turns":6},{"damage":56,"enemies":"Giant Head","floor":48,"turns":7},{"damage":11,"enemies":"Awakened One","floor":50,"turns":10},{"damage":4,"enemies":"Donu and Deca","floor":51,"turns":11},{"damage":19,"enemies":"Shield and Spear","floor":55,"turns":9},{"damage":99,"enemies":"The Heart","floor":56,"turns":12}],"seed_played":"3512002437566368872","potions_obtained":[{"floor":1.0,"key":"AttackPotion"},{"floor":3.0,"key":"SkillPotion"},{"floor":10.0,"key":"SteroidPotion"},{"floor":16.0,"key":"SkillPotion"},{"floor":19.0,"key":"SkillPotion"},{"floor":25.0,"key":"GamblersBrew"},{"floor":28,"key":"Fruit Juice"},{"floor":28,"key":"HeartOfIron"},{"floor":31,"key":"Swift Potion"},{"floor":42,"key":"Strength Potion"},{"floor":48,"key":"Ancient Potion"}],"is_trial":false,"path_per_floor":["M","M","M","$","?","R","M","E","T","M","R","E","M","E","R","B",null,"M","M","?","?","$","E","R","E","T","?","?","R","E","M","R","B",null,"M","M","?","M","$","E","R","E","T","?","E","?","$","E","R","B","B",null,"R","$","E","B",null],"character_chosen":"IRONCLAD","items_purchased":["Centennial Puzzle","Finesse","Evolve","Barricade","Body Slam","Secret Technique","Membership Card","Master of Strategy","Shrug It Off","Purity"],"campfire_rested":2,"item_purchase_floors":[4,4,4,22,39,39,47,47,47,54],"current_hp_per_floor":[45,37,40,40,40,40,46,26,26,32,32,38,37,40,40,60,83,76,73,49,49,49,53,53,57,57,50,55,55,62,74,74,60,74,82,68,68,90,90,90,90,90,90,64,94,94,94,63,91,94,98,98,98,98,102,30],"gold":42,"neow_bonus":"TWO_FIFTY_GOLD","is_daily":false,"chose_seed":false,"campfire_upgraded":6,"win_rate":0.0,"timestamp":1614362486,"path_taken":["M","M","M","$","?","R","?","E","T","M","R","E","M","E","R","BOSS","M","?","?","?","$","E","R","E","T","?","?","R","E","M","R","BOSS","M","?","?","M","?","E","R","E","T","?","E","?","$","E","R","BOSS","BOSS","R","$","E","BOSS"],"items_purchased_type":["Relic","Card","Card","Card","Card","Card","Relic","Card","Card","Card"],"build_version":"2020-12-22","purchased_purges":2,"victory":true,"max_hp_per_floor":[75,75,75,75,75,75,75,75,75,78,78,81,84,87,87,91,91,95,99,49,49,49,53,53,57,57,65,70,70,74,74,74,78,78,82,86,86,90,90,90,90,90,90,90,94,94,94,94,94,94,98,98,98,98,102,102],"relic_stats":{"Torii":45,"counters":[30,222],"Dead Branch":[312],"Magic Flower":[141],"Pen Nib":[2],"Bag of Preparation":[34],"Burning Blood":193,"Blood Vial":18,"Centennial Puzzle":[74],"Lizard Tail":65,"Bird Faced Urn":[44],"obtain_stats":[{"Calipers":48,"Torii":42,"Dead Branch":26,"Magic Flower":12,"Pen Nib":55,"Bag of Preparation":23,"Omamori":43,"Burning Blood":0,"Akabeko":40,"Blood Vial":26,"SlaversCollar":17,"Centennial Puzzle":4,"Lizard Tail":14,"HornCleat":9,"Matryoshka":25,"Bird Faced Urn":45,"Fusion Hammer":34,"Red Mask":27,"Membership Card":47,"StrikeDummy":8,"Toy Ornithopter":30,"Pocketwatch":44},{"Calipers":26,"Torii":23,"Dead Branch":14,"Magic Flower":7,"Pen Nib":29,"Bag of Preparation":13,"Omamori":23,"Burning Blood":0,"Akabeko":22,"Blood Vial":14,"SlaversCollar":10,"Centennial Puzzle":3,"Lizard Tail":9,"HornCleat":5,"Matryoshka":14,"Bird Faced Urn":25,"Fusion Hammer":18,"Red Mask":15,"Membership Card":25,"StrikeDummy":5,"Toy Ornithopter":16,"Pocketwatch":24},{"Calipers":180,"Torii":158,"Dead Branch":83,"Magic Flower":35,"Pen Nib":210,"Bag of Preparation":74,"Omamori":158,"Burning Blood":0,"Akabeko":156,"Blood Vial":83,"SlaversCollar":57,"Centennial Puzzle":16,"Lizard Tail":45,"HornCleat":24,"Matryoshka":83,"Bird Faced Urn":173,"Fusion Hammer":122,"Red Mask":89,"Membership Card":173,"StrikeDummy":24,"Toy Ornithopter":95,"Pocketwatch":167}],"Toy Ornithopter":8,"Pocketwatch":[4]},"card_choices":[{"not_picked":["Thunderclap","Dark Embrace"],"picked":"Ghostly Armor","floor":1.0},{"not_picked":["Disarm","Anger"],"picked":"Iron Wave","floor":2.0},{"not_picked":["Dual Wield","Twin Strike"],"picked":"Headbutt","floor":3.0},{"not_picked":["Headbutt","Wild Strike"],"picked":"Hemokinesis","floor":7.0},{"not_picked":["Bloodletting","Armaments"],"picked":"Feed","floor":8.0},{"not_picked":["Wild Strike","Headbutt"],"picked":"Disarm","floor":10.0},{"not_picked":["Clash","Sword Boomerang"],"picked":"Shockwave","floor":12.0},{"not_picked":["Sword Boomerang","Clothesline","Cleave"],"picked":"SKIP","floor":13.0},{"not_picked":["Headbutt","Warcry","Clothesline"],"picked":"SKIP","floor":14.0},{"not_picked":["Headbutt","Warcry","Clothesline"],"picked":"SKIP","floor":14.0},{"not_picked":["Fiend Fire","Brutality"],"picked":"Offering","floor":16.0},{"not_picked":["Uppercut","Flex"],"picked":"Flame Barrier","floor":18.0},{"not_picked":["Body Slam","Shrug It Off","Clothesline"],"picked":"SKIP","floor":19.0},{"not_picked":["Disarm","Metallicize+1"],"picked":"Armaments+1","floor":23.0},{"not_picked":["Armaments","Thunderclap"],"picked":"Twin Strike","floor":25.0},{"not_picked":["Havoc","Carnage"],"picked":"Seeing Red","floor":27},{"not_picked":["Hemokinesis","Flex+1","Cleave"],"picked":"SKIP","floor":30},{"not_picked":["Rage","Headbutt+1","Carnage"],"picked":"SKIP","floor":31},{"not_picked":["Feed","Double Tap"],"picked":"Reaper","floor":33},{"not_picked":["Perfected Strike","Searing Blow"],"picked":"Dark Embrace","floor":35},{"not_picked":["Body Slam","Havoc"],"picked":"Sentinel","floor":36},{"not_picked":["Metallicize+1","Reckless Charge+1"],"picked":"Body Slam+1","floor":38},{"not_picked":["Hemokinesis+1","Bludgeon"],"picked":"Shockwave","floor":40},{"not_picked":["Armaments","Limit Break","Headbutt"],"picked":"SKIP","floor":42},{"not_picked":["Sword Boomerang","Spot Weakness"],"picked":"Dark Embrace+1","floor":44},{"not_picked":["Infernal Blade","Anger"],"picked":"Body Slam","floor":45},{"not_picked":["Pommel Strike","Fire Breathing","Shockwave"],"picked":"SKIP","floor":48},{"not_picked":["Clash","Immolate","Dual Wield"],"picked":"SKIP","floor":55}],"player_experience":1802702,"relics_obtained":[{"floor":8.0,"key":"StrikeDummy"},{"floor":9.0,"key":"HornCleat"},{"floor":12.0,"key":"Magic Flower"},{"floor":14.0,"key":"Lizard Tail"},{"floor":23.0,"key":"Bag of Preparation"},{"floor":25.0,"key":"Matryoshka"},{"floor":26.0,"key":"Blood Vial"},{"floor":26.0,"key":"Dead Branch"},{"floor":27,"key":"Red Mask"},{"floor":30,"key":"Toy Ornithopter"},{"floor":40,"key":"Akabeko"},{"floor":42,"key":"Torii"},{"floor":43,"key":"Omamori"},{"floor":44,"key":"Pocketwatch"},{"floor":45,"key":"Bird Faced Urn"},{"floor":48,"key":"Calipers"},{"floor":55,"key":"Pen Nib"}],"event_choices":[{"damage_healed":0.0,"max_hp_gain":0.0,"max_hp_loss":0.0,"gold_gain":50.0,"event_name":"Golden Shrine","player_choice":"Pray","floor":5.0,"gold_loss":0.0,"damage_taken":0.0},{"damage_healed":0.0,"max_hp_gain":0.0,"max_hp_loss":50.0,"gold_gain":0.0,"event_name":"Ghosts","player_choice":"Became a Ghost","floor":20.0,"gold_loss":0.0,"damage_taken":0.0,"cards_obtained":["Ghostly","Ghostly","Ghostly"]},{"damage_healed":0.0,"max_hp_gain":0.0,"max_hp_loss":0.0,"gold_gain":0.0,"event_name":"Beggar","player_choice":"Ignored","floor":21.0,"gold_loss":0.0,"damage_taken":0.0},{"damage_healed":0,"gold_gain":0,"player_choice":"Fought Bandits","damage_taken":0,"max_hp_gain":0,"max_hp_loss":0,"event_name":"Masked Bandits","floor":27,"gold_loss":0},{"damage_healed":0,"gold_gain":0,"player_choice":"Got Potions","damage_taken":0,"max_hp_gain":0,"max_hp_loss":0,"event_name":"Lab","floor":28,"gold_loss":0},{"cards_removed":["Strike_R"],"damage_healed":0,"gold_gain":0,"player_choice":"Upgrade and Remove","damage_taken":0,"max_hp_gain":0,"max_hp_loss":0,"event_name":"Designer","floor":37,"gold_loss":110,"cards_upgraded":["Headbutt"]},{"damage_healed":0,"gold_gain":0,"player_choice":"Fight","damage_taken":0,"max_hp_gain":0,"max_hp_loss":0,"event_name":"Mysterious Sphere","floor":44,"gold_loss":0},{"damage_healed":0,"gold_gain":222,"player_choice":"Wore Mask","damage_taken":0,"max_hp_gain":0,"max_hp_loss":0,"event_name":"Tomb of Lord Red Mask","floor":46,"gold_loss":0}],"is_beta":false,"boss_relics":[{"not_picked":["Sozu","Ectoplasm"],"picked":"SlaversCollar"},{"not_picked":["Calling Bell","Cursed Key"],"picked":"Fusion Hammer"}],"items_purged_floors":[4,47],"is_endless":false,"potions_floor_spawned":[1,3,10,16,19,25,30,31,38,42,45,48],"ascension_level":20}}