{"host":"cy4bqpzmmfw1b6lr","time":1614306689,"event":{"mods":["AchievementEnabler","BaseMod","Card Forge","Colored Map","Conspire","Downfall","Halation","Hubris","Infinite Spire","Minty Spire (QoL Compilation)","Replay The Spire","StSLib","Waifu the Spire"],"gold_per_floor":[114,40,59,9,34,96,96,122,122,222,247,247,247,295,295,393,393,403,417,459,459,469,469,498,498,498,527,540,540,575,261,261,363,413,423,423,436,138,138,164,184,212,212,243,263,292,147,0,0,0],"floor_reached":51,"language":"ENG","playtime":1812,"items_purged":[],"score":1176,"play_id":"f038340b-db9a-48ae-940e-815f6f9300f8","local_time":"20210225193129","is_ascension_mode":true,"campfire_choices":[{"floor":15.0,"key":"RECALL"},{"floor":23.0,"key":"REST"},{"data":"Hemokinesis","floor":32.0,"key":"SMITH"},{"floor":49,"key":"REST"}],"circlet_count":0,"master_deck":["Inflame+1","Shrug It Off+1","Searing Blow+12","Shockwave+1","Rupture+1","Barricade+1","Flame Barrier+1","Shrug It Off+1","Body Slam+1"],"relics":["Burning Blood","Hammer of Thor","Seething Fire","Anvil of the Gods","conspire:GiftBox","Bird Faced Urn","Tiny Chest","Gremlin Horn","halation:PinkSoulGem","Champion Belt","TungstenRod","Ring of Chaos","Juzu Bracelet","Art of War","ReplayTheSpireMod:Shallot","hubris:Reverence","King of Hearts","Calipers","Tiny House","Replay:Mystery Machine","infinitespire:BottledMercury","halation:PromiseList","InkBottle","Lantern","halation:LettersToHer","Replay:Arrowhead","Bronze Scales","Red Mask"],"acts_visited":["Exordium","TheCity","TheBeyond"],"potions_floor_usage":[],"damage_taken":[{"damage":4.0,"enemies":"Jaw Worm","floor":1.0,"turns":3.0},{"damage":0.0,"enemies":"2 Louse","floor":3.0,"turns":2.0},{"damage":6.0,"enemies":"infinitespire:Voidling","floor":5.0,"turns":3.0},{"damage":5.0,"enemies":"Lagavulin","floor":6.0,"turns":7.0},{"damage":7.0,"enemies":"Gremlin Nob","floor":8.0,"turns":3.0},{"damage":9.0,"enemies":"conspire:2 RoseBushes","floor":11.0,"turns":2.0},{"damage":0.0,"enemies":"Lagavulin","floor":14.0,"turns":2.0},{"damage":4.0,"enemies":"Fading Forest","floor":16.0,"turns":11.0},{"damage":7.0,"enemies":"conspire:FuzzyDice","floor":18.0,"turns":3.0},{"damage":40.0,"enemies":"2 Thieves","floor":19.0,"turns":3.0},{"damage":4.0,"enemies":"Snake Plant","floor":22.0,"turns":2.0},{"damage":23.0,"enemies":"Book of Stabbing","floor":24.0,"turns":2.0},{"damage":24.0,"enemies":"Slavers","floor":27.0,"turns":3.0},{"damage":1.0,"enemies":"Cultist and Chosen","floor":28.0,"turns":4.0},{"damage":0.0,"enemies":"Replay:Snechameleon","floor":30.0,"turns":2.0},{"damage":42.0,"enemies":"hubris:MusketHawk","floor":33.0,"turns":6.0},{"damage":0.0,"enemies":"Orb Walker","floor":35.0,"turns":2.0},{"damage":13.0,"enemies":"3 Shapes","floor":37.0,"turns":4.0},{"damage":3.0,"enemies":"R_Hoarder","floor":40.0,"turns":7.0},{"damage":12.0,"enemies":"Writhing Mass","floor":41.0,"turns":4.0},{"damage":30.0,"enemies":"Nemesis","floor":42.0,"turns":5.0},{"damage":2.0,"enemies":"R_Hoarder","floor":44.0,"turns":9.0},{"damage":0,"enemies":"Maw","floor":45,"turns":4},{"damage":0,"enemies":"Nemesis","floor":46,"turns":3},{"damage":12,"enemies":"hubris:GrandSnecko","floor":50,"turns":5}],"seed_played":"3113864321523351311","potions_obtained":[{"floor":3.0,"key":"Doom Potion"},{"floor":6.0,"key":"champ:CounterPotion"},{"floor":14.0,"key":"Weak Potion"}],"is_trial":false,"path_per_floor":["M","$","M","?","M","E","?","E","T","?","M","?","T","E","R","B",null,"M","M","?","?","M","R","E","$","T","E","M","?","E","$","R","B",null,"M","T","M","$","?","E","M","E","T","E","M","E","$","?","R","B",null],"character_chosen":"IRONCLAD","items_purchased":["Inflame","Calipers","Body Slam","infinitespire:BottledMercury","Bronze Scales"],"campfire_rested":2,"item_purchase_floors":[2,31,38,38,47],"current_hp_per_floor":[88,88,88,88,88,88,76,77,77,77,76,76,76,84,84,88,88,87,56,35,35,37,63,48,48,48,32,39,98,98,98,98,66,103,103,103,96,96,96,103,97,79,79,100,103,103,103,103,103,99],"gold":0,"neow_bonus":"TEN_PERCENT_HP_BONUS","is_daily":false,"chose_seed":false,"campfire_upgraded":1,"win_rate":0.0,"timestamp":1614306689,"path_taken":["M","$","M","?","M","E","?","E","T","?","?","?","?","E","R","BOSS","M","M","?","?","M","R","E","$","T","E","M","?","E","$","R","BOSS","M","?","M","$","?","E","M","E","T","E","M","E","?","?","R","BOSS"],"items_purchased_type":["Card","Relic","Card","Relic","Relic"],"build_version":"2020-12-22","purchased_purges":0,"victory":true,"max_hp_per_floor":[88,88,88,88,88,88,88,88,88,88,88,88,88,88,88,88,88,88,88,88,88,88,88,88,88,88,88,88,98,98,98,98,98,103,103,103,103,103,103,103,103,103,103,103,103,103,103,103,103,103],"card_choices":[{"not_picked":["ReplayTheSpireMod:Limb From Limb","Thunderclap","Perfected Strike"],"picked":"SKIP","floor":1.0},{"not_picked":["Battle Trance","Feel No Pain","Sword Boomerang"],"picked":"SKIP","floor":3.0},{"not_picked":["True Grit","Sword Boomerang"],"picked":"Shrug It Off","floor":5.0},{"not_picked":["Bludgeon","Fiend Fire"],"picked":"Immolate","floor":6.0},{"not_picked":["True Grit","Feel No Pain"],"picked":"Ghostly Armor","floor":6.0},{"not_picked":["Body Slam","Defy Death","Brutality"],"picked":"SKIP","floor":8.0},{"not_picked":["Spot Weakness","Warcry"],"picked":"Searing Blow","floor":11.0},{"not_picked":["ReplayTheSpireMod:Corrosion Curse","Shrug It Off"],"picked":"Pommel Strike","floor":14.0},{"not_picked":["Eclipse","Juggernaut"],"picked":"Demon Form","floor":16.0},{"not_picked":["Wild Strike+1","Searing Blow"],"picked":"Infernal Blade+1","floor":18.0},{"not_picked":["Pommel Strike","True Grit+1"],"picked":"Shockwave","floor":19.0},{"not_picked":["Shrug It Off","Sever Soul"],"picked":"Rupture+1","floor":20.0},{"not_picked":["ReplayTheSpireMod:LeadingStrike","Armaments"],"picked":"Warcry","floor":22.0},{"not_picked":["Defy Death","Wild Strike","Iron Wave"],"picked":"SKIP","floor":24.0},{"not_picked":["Cleave","Replay:Undeath\u0027s Touch"],"picked":"Perfected Strike+1","floor":27.0},{"not_picked":["hubris:ReadiedAction","ReplayTheSpireMod:Strike From Hell+1"],"picked":"Hemokinesis","floor":28.0},{"not_picked":["Cleave+1","Clothesline+1","Havoc"],"picked":"SKIP","floor":30.0},{"not_picked":["Corruption","Double Tap"],"picked":"Barricade","floor":33.0},{"not_picked":["Rage","Abandon"],"picked":"Ghostly Armor+1","floor":34.0},{"not_picked":["Fire Breathing+1","Clothesline"],"picked":"Flame Barrier+1","floor":35.0},{"not_picked":["hubris:ReadiedAction","Warcry"],"picked":"Shrug It Off+1","floor":37.0},{"not_picked":["Evolve","infinitespire:OneForAll+1","Anger+1"],"picked":"SKIP","floor":40.0},{"not_picked":["Evolve","infinitespire:OneForAll+1","Anger+1"],"picked":"SKIP","floor":40.0},{"not_picked":["hubris:SharpeningStone+1","ReplayTheSpireMod:Strike From Hell","Reckless Charge+1"],"picked":"SKIP","floor":41.0},{"not_picked":["Whirlwind","Thunderclap+1","Armaments"],"picked":"SKIP","floor":42.0},{"not_picked":["Body Slam","Perfected Strike+1","Fire Breathing"],"picked":"SKIP","floor":44},{"not_picked":["Perfected Strike+1","Shrug It Off+1","Body Slam"],"picked":"SKIP","floor":45},{"not_picked":["Armaments+1","Spot Weakness+1","Barricade"],"picked":"SKIP","floor":46}],"player_experience":43815,"relics_obtained":[{"floor":6.0,"key":"conspire:GiftBox"},{"floor":8.0,"key":"Tiny Chest"},{"floor":9.0,"key":"Gremlin Horn"},{"floor":13.0,"key":"Champion Belt"},{"floor":14.0,"key":"TungstenRod"},{"floor":20.0,"key":"Juzu Bracelet"},{"floor":24.0,"key":"Art of War"},{"floor":26.0,"key":"ReplayTheSpireMod:Shallot"},{"floor":27.0,"key":"hubris:Reverence"},{"floor":30.0,"key":"King of Hearts"},{"floor":36.0,"key":"Replay:Mystery Machine"},{"floor":40.0,"key":"halation:PromiseList"},{"floor":42.0,"key":"InkBottle"},{"floor":43.0,"key":"Lantern"},{"floor":44,"key":"halation:LettersToHer"},{"floor":46,"key":"Replay:Arrowhead"}],"event_choices":[{"damage_healed":0.0,"max_hp_gain":0.0,"max_hp_loss":0.0,"gold_gain":0.0,"event_name":"conspire:Investor","player_choice":"Invest 1","floor":4.0,"gold_loss":0.0,"damage_taken":0.0},{"damage_healed":0.0,"max_hp_gain":0.0,"max_hp_loss":0.0,"gold_gain":0.0,"event_name":"Scrap Ooze","player_choice":"Success","floor":7.0,"gold_loss":0.0,"damage_taken":12.0,"relics_obtained":["Bird Faced Urn"]},{"damage_healed":0.0,"max_hp_gain":0.0,"max_hp_loss":0.0,"gold_gain":100.0,"event_name":"Golden Shrine","player_choice":"Pray","floor":10.0,"gold_loss":0.0,"damage_taken":0.0},{"cards_removed":["Demon Form"],"damage_healed":49.0,"max_hp_gain":10.0,"max_hp_loss":0.0,"gold_gain":0.0,"event_name":"Bonfire Elementals","player_choice":"Offered Rare","floor":29.0,"gold_loss":0.0,"damage_taken":0.0},{"damage_healed":0.0,"max_hp_gain":0.0,"max_hp_loss":0.0,"gold_gain":0.0,"event_name":"SensoryStone","player_choice":"Memory 1","floor":39.0,"gold_loss":0.0,"damage_taken":0.0},{"damage_healed":0,"gold_gain":0,"player_choice":"Paid","damage_taken":0,"relics_obtained":["Red Mask"],"max_hp_gain":0,"max_hp_loss":0,"event_name":"Tomb of Lord Red Mask","floor":48,"gold_loss":147}],"is_beta":false,"boss_relics":[{"not_picked":["halation:Risk","Pandora\u0027s Box"],"picked":"Ring of Chaos"},{"not_picked":["SacredBark","Coffee Dripper"],"picked":"Tiny House"}],"items_purged_floors":[],"is_endless":false,"potions_floor_spawned":[3,6,14,22,24,27,28,35,37,42,45],"ascension_level":3}}