{"host":"rjfefv2ruvigm2gb","time":1614315722,"event":{"mods":["Act Like it!","AlwaysNeverKeys","BaseMod","Better Note","Better Third Choice","BetterRewards","Block Reminder","Bossed Relics","Colored Map","Colored Powertips","Curses Come First","Displayed Cursed Tome","Downfall","Fox Events","GifTheSpireLib","Gold Saver","Googly Eyes","Highlight Path","Library of Ruina","Library of Ruina Extra","Minty Spire (QoL Compilation)","Permanent Neow","Poor People Problems","Quick Restart","Relic Stats","Reliquary","Shop Mod","Small Relic Pack","Spire Arcade","StS++","StSLib","Stuff the Spire","SuperFastMode","Transform Curses","Uncapped","Virulent Crown"],"gold_per_floor":[224,224,234,252,270,445,445,445,475,493,506,518,518,545,564,669,669,669,679,699,699,699,699,722,735,568,583,601,635,635,666,666,666,666],"floor_reached":32,"language":"ENG","playtime":1224,"items_purged":[],"score":343,"play_id":"bc6e2a4f-4d77-4912-a18a-18d399eb9f23","local_time":"20210225230202","is_ascension_mode":false,"campfire_choices":[{"data":"bronze:Replicate","floor":1.0,"key":"SMITH"},{"data":"bronze:InfiniteBeams","floor":13.0,"key":"SMITH"},{"data":"bronze:BugBarrage","floor":18.0,"key":"SMITH"},{"data":"bronze:Boost","floor":23.0,"key":"SMITH"},{"data":"bronze:Repulsor","floor":30.0,"key":"SMITH"}],"circlet_count":0,"master_deck":["bronze:Strike","bronze:Strike","bronze:Strike","bronze:Strike","bronze:Defend","bronze:Defend","bronze:Defend","bronze:Defend","bronze:Replicate+1","bronze:Goto","bronze:Separator","bronze:WildBeam","bronze:Repulsor+1","bronze:InfiniteBeams+1","bronze:Shield","bronze:Boost+1","bronze:FineTuning+1","bronze:Turbo","bronze:DelayedSlice+1","bronze:BugBarrage+1"],"relics":["bronze:BronzeCore","Akabeko","PageOfApocalypseBird","Akabeko","PageOfTodaysShyLook","PageOfTheQueenOfHatred","Pandora\u0027s Box","Spirit Poop","PageOfTheKnightOfDespair","StuffTheSpire:Mouthbags","PageOfGreed","PageOfWrath"],"acts_visited":["Exordium","TheCity"],"potions_floor_usage":[32],"damage_taken":[{"damage":1.0,"enemies":"Cultist","floor":3.0,"turns":3.0},{"damage":0.0,"enemies":"Small Slimes","floor":4.0,"turns":3.0},{"damage":6.0,"enemies":"Jaw Worm","floor":5.0,"turns":2.0},{"damage":16.0,"enemies":"Lagavulin","floor":9.0,"turns":6.0},{"damage":3.0,"enemies":"2 Fungi Beasts","floor":10.0,"turns":2.0},{"damage":4.0,"enemies":"Exordium Thugs","floor":11.0,"turns":3.0},{"damage":0.0,"enemies":"Lots of Slimes","floor":12.0,"turns":3.0},{"damage":0.0,"enemies":"Gremlin Nob","floor":14.0,"turns":2.0},{"damage":0.0,"enemies":"2 Fungi Beasts","floor":15.0,"turns":3.0},{"damage":21.0,"enemies":"WA_ARCHETYPE_RETAIN","floor":16.0,"turns":5.0},{"damage":4.0,"enemies":"downfall:LooterAlt2","floor":19.0,"turns":2.0},{"damage":0.0,"enemies":"3 Byrds","floor":20.0,"turns":3.0},{"damage":0.0,"enemies":"Cultist and Chosen","floor":25.0,"turns":3.0},{"damage":0.0,"enemies":"downfall:FleeingMerchant","floor":26.0,"turns":4.0},{"damage":0.0,"enemies":"Snake Plant","floor":27.0,"turns":3.0},{"damage":0.0,"enemies":"Centurion and Healer","floor":28.0,"turns":3.0},{"damage":13.0,"enemies":"Slavers","floor":29.0,"turns":3.0},{"damage":0.0,"enemies":"Book of Stabbing","floor":31.0,"turns":3.0},{"damage":54,"enemies":"Sentry and Sphere","floor":32,"turns":3}],"seed_played":"3172034831182750609","potions_obtained":[{"floor":3.0,"key":"StSpp:InhibitionPotion"},{"floor":9.0,"key":"LiquidMemories"},{"floor":10.0,"key":"BlessingOfTheForge"},{"floor":12.0,"key":"Swift Potion"},{"floor":20.0,"key":"hexamod:SoulburnPotion"},{"floor":29.0,"key":"LiquidMemories"}],"is_trial":false,"path_per_floor":["R","T","M","M","M","?","T","?","E","M","M","M","R","E","M","B",null,"R","M","M","?","?","R","T","M","$","M","M","E","R","E","M"],"character_chosen":"THE_AUTOMATON","items_purchased":["StuffTheSpire:Mouthbags"],"campfire_rested":0,"item_purchase_floors":[26],"current_hp_per_floor":[70,70,69,69,63,63,63,63,47,44,40,40,40,40,40,19,70,70,66,66,66,66,66,66,66,66,66,66,53,53,53,0,0,0],"gold":666,"neow_bonus":"RANDOM_COMMON_RELIC","is_daily":false,"chose_seed":false,"campfire_upgraded":5,"win_rate":0.0,"timestamp":1614315722,"path_taken":["R","?","M","?","M","?","T","?","E","M","M","M","R","E","M","BOSS","R","M","M","?","?","R","T","M","$","M","M","E","R","E","M"],"items_purchased_type":["Relic"],"build_version":"2020-12-22","purchased_purges":0,"victory":false,"max_hp_per_floor":[70,70,70,70,70,70,70,70,70,70,70,70,70,70,70,70,70,70,70,70,70,70,70,70,70,70,70,70,70,70,70,70,70,70],"relic_stats":{"counters":[20,59],"Pandora\u0027s Box":[],"obtain_stats":[{"PageOfGreed":29,"PageOfWrath":31,"PageOfTheQueenOfHatred":14,"bronze:BronzeCore":0,"StuffTheSpire:Mouthbags":26,"PageOfTheKnightOfDespair":24,"Spirit Poop":22,"Pandora\u0027s Box":17,"reliquary:SculptingSteel":7,"PageOfApocalypseBird":2,"PageOfTodaysShyLook":9,"Akabeko":0},{"PageOfGreed":17,"PageOfWrath":18,"PageOfTheQueenOfHatred":8,"bronze:BronzeCore":0,"StuffTheSpire:Mouthbags":14,"PageOfTheKnightOfDespair":12,"Spirit Poop":12,"Pandora\u0027s Box":10,"reliquary:SculptingSteel":3,"PageOfApocalypseBird":0,"PageOfTodaysShyLook":4,"Akabeko":0},{"PageOfGreed":53,"PageOfWrath":56,"PageOfTheQueenOfHatred":24,"bronze:BronzeCore":0,"StuffTheSpire:Mouthbags":44,"PageOfTheKnightOfDespair":37,"Spirit Poop":37,"Pandora\u0027s Box":32,"reliquary:SculptingSteel":8,"PageOfApocalypseBird":0,"PageOfTodaysShyLook":14,"Akabeko":0}]},"card_choices":[{"not_picked":["bronze:DigitalCarnage","bronze:OilSpill"],"picked":"bronze:Separator","floor":3.0},{"not_picked":["bronze:DelayedGuard","bronze:Invalidate","bronze:OilSpill"],"picked":"SKIP","floor":4.0},{"not_picked":["bronze:Allocate","bronze:Constructor"],"picked":"bronze:WildBeam","floor":5.0},{"not_picked":["bronze:BronzeArmor","bronze:NullPointer"],"picked":"bronze:Repulsor","floor":9.0},{"not_picked":["bronze:Invalidate","bronze:DarkDash"],"picked":"bronze:BugBarrage","floor":10.0},{"not_picked":["bronze:DigitalCarnage","bronze:Terminator","bronze:Allocate"],"picked":"SKIP","floor":11.0},{"not_picked":["bronze:Repair","bronze:DelayedSlice"],"picked":"bronze:InfiniteBeams","floor":12.0},{"not_picked":["bronze:CleanCode","bronze:Invalidate"],"picked":"bronze:Shield","floor":14.0},{"not_picked":["bronze:Constructor","bronze:DelayedSlice","bronze:CutThrough"],"picked":"SKIP","floor":15.0},{"not_picked":["bronze:Deprecate+1","bronze:Constructor","bronze:Optimize"],"picked":"SKIP","floor":19.0},{"not_picked":["bronze:Separator","bronze:Deprecate"],"picked":"bronze:Boost","floor":20.0},{"not_picked":["bronze:Constructor+1","bronze:Terminator","bronze:RecursiveStrike"],"picked":"SKIP","floor":25.0},{"not_picked":["bronze:Flail+1","bronze:Constructor","bronze:Shell+1"],"picked":"SKIP","floor":26.0},{"not_picked":["bronze:BronzeArmor+1","bronze:DelayedGuard"],"picked":"bronze:FineTuning+1","floor":27.0},{"not_picked":["bronze:Shield","bronze:Allocate"],"picked":"bronze:Turbo","floor":28.0},{"not_picked":["bronze:Backtrace","bronze:Allocate"],"picked":"bronze:DelayedSlice+1","floor":29.0},{"not_picked":["bronze:WhirlingStrike+1","bronze:Overload","bronze:Verify"],"picked":"SKIP","floor":31.0}],"player_experience":1168520,"relics_obtained":[{"floor":2.0,"key":"PageOfApocalypseBird"},{"floor":7.0,"key":"reliquary:SculptingSteel"},{"floor":9.0,"key":"PageOfTodaysShyLook"},{"floor":14.0,"key":"PageOfTheQueenOfHatred"},{"floor":24.0,"key":"PageOfTheKnightOfDespair"},{"floor":29.0,"key":"PageOfGreed"},{"floor":31.0,"key":"PageOfWrath"}],"event_choices":[{"damage_healed":0.0,"max_hp_gain":0.0,"max_hp_loss":0.0,"gold_gain":0.0,"event_name":"betterNote:BetterNote","player_choice":"Ignored","floor":21.0,"gold_loss":0.0,"damage_taken":0.0,"cards_obtained":["DegradedPillar"]},{"cards_removed":["Doubt"],"damage_healed":0.0,"max_hp_gain":0.0,"max_hp_loss":0.0,"gold_gain":0.0,"event_name":"Bonfire Elementals","player_choice":"Offered Curse","floor":22.0,"gold_loss":0.0,"damage_taken":0.0,"relics_obtained":["Spirit Poop"]}],"is_beta":false,"boss_relics":[{"not_picked":["Tiny House","reliquary:KinkedSpring"],"picked":"Pandora\u0027s Box"}],"items_purged_floors":[],"is_endless":false,"potions_floor_spawned":[3,9,10,12,20,29],"killed_by":"Sentry and Sphere","ascension_level":0}}