{"host":"8vqkh0x3c7vpgzzm","time":1614376325,"event":{"mods":["AchievementEnabler","BaseMod","Colored Map","Colored Powertips","Curses Come First","DeckTracker","Highlight Path","Minty Spire (QoL Compilation)","Permanent Neow","Quick Restart","Random Character Mod","Rare Cards Sparkle","Relic Sorter","Relic Stats","StSLib","SuperFastMode","Unceasing Turn Reminder","egg","everything is the same but u backflip on backflip"],"gold_per_floor":[219,46,46,56,131,131,166,166,166,201,221,27,45,70,70,148,148,166,166,180,180,138,163,163,178,178,190,190,190,20,20,20,92,92,107,121,35,49,66,66,66,66,93,123,23,43,63,78,78,78,78],"floor_reached":50,"language":"ENG","playtime":2587,"items_purged":["Defend_G","Strike_G+1"],"score":1245,"play_id":"7f22dd74-d855-40a4-b0ad-808b05700327","local_time":"20210226225205","is_ascension_mode":true,"campfire_choices":[{"data":"Neutralize","floor":6,"key":"SMITH"},{"floor":8,"key":"REST"},{"data":"Backflip","floor":15,"key":"SMITH"},{"data":"Terror","floor":24,"key":"SMITH"},{"data":"Adrenaline","floor":28,"key":"SMITH"},{"data":"Concentrate","floor":32,"key":"SMITH"},{"floor":40,"key":"REST"},{"floor":49,"key":"RECALL"}],"circlet_count":0,"master_deck":["AscendersBane","Defend_G+1","Defend_G+1","Defend_G+1","Survivor+1","Neutralize+1","All Out Attack+1","Adrenaline+1","Dagger Spray+1","Backflip+1","Slice+1","Terror+1","Backflip+1","Masterful Stab+1","Calculated Gamble+1","Masterful Stab+1","Flying Knee+1","Endless Agony+1","Adrenaline+1","Backstab+1","Wraith Form v2+1","Endless Agony+1","Unload+1","Finisher+1","Well Laid Plans+1","Escape Plan+1","Acrobatics+1","Concentrate+1","Predator+1","Escape Plan+1","Malaise+1","Acrobatics+1","Footwork+1","Footwork+1","Envenom","PiercingWail","Acrobatics"],"relics":["Ring of the Snake","Orrery","Pantograph","Strawberry","Juzu Bracelet","Gambling Chip","Astrolabe","MutagenicStrength","Ninja Scroll","Singing Bowl","Ancient Tea Set","Fusion Hammer","Mark of the Bloom","Nunchaku","Blue Candle"],"acts_visited":["Exordium","TheCity","TheBeyond"],"potions_floor_usage":[10,16,50,50,50],"damage_taken":[{"damage":0,"enemies":"2 Louse","floor":1,"turns":3},{"damage":2,"enemies":"Jaw Worm","floor":4,"turns":3},{"damage":24,"enemies":"Lagavulin","floor":7,"turns":8},{"damage":2,"enemies":"3 Sentries","floor":10,"turns":3},{"damage":0,"enemies":"Small Slimes","floor":11,"turns":2},{"damage":9,"enemies":"Exordium Thugs","floor":13,"turns":4},{"damage":0,"enemies":"Gremlin Nob","floor":14,"turns":3},{"damage":31,"enemies":"The Guardian","floor":16,"turns":10},{"damage":0,"enemies":"Chosen","floor":18,"turns":3},{"damage":0,"enemies":"2 Thieves","floor":20,"turns":1},{"damage":6,"enemies":"Slavers","floor":23,"turns":3},{"damage":0,"enemies":"Centurion and Healer","floor":25,"turns":3},{"damage":0,"enemies":"Sentry and Sphere","floor":27,"turns":2},{"damage":0,"enemies":"Collector","floor":33,"turns":3},{"damage":0,"enemies":"3 Shapes","floor":35,"turns":2},{"damage":2,"enemies":"3 Darklings","floor":36,"turns":3},{"damage":24,"enemies":"Maw","floor":38,"turns":7},{"damage":0,"enemies":"Sphere and 2 Shapes","floor":39,"turns":1},{"damage":0,"enemies":"Giant Head","floor":44,"turns":3},{"damage":0,"enemies":"3 Darklings","floor":46,"turns":1},{"damage":9,"enemies":"4 Shapes","floor":47,"turns":4},{"damage":0,"enemies":"Sphere and 2 Shapes","floor":48,"turns":3},{"damage":69,"enemies":"Time Eater","floor":50,"turns":15}],"seed_played":"-5835076189456992596","potions_obtained":[{"floor":1,"key":"LiquidBronze"},{"floor":7,"key":"ColorlessPotion"},{"floor":10,"key":"FearPotion"},{"floor":16,"key":"Regen Potion"},{"floor":33,"key":"PowerPotion"},{"floor":38,"key":"EntropicBrew"}],"is_trial":false,"path_per_floor":["M","$","?","M","?","R","E","R","T","E","M","$","M","E","R","B",null,"M","?","M","?","$","E","R","M","T","M","R","?","$","?","R","B",null,"M","M","$","M","M","R","?","?","T","E","$","M","M","M","R","B"],"character_chosen":"THE_SILENT","items_purchased":["Orrery","Calculated Gamble","Masterful Stab","Finisher","Acrobatics","Concentrate","Predator","Footwork"],"campfire_rested":2,"item_purchase_floors":[2,12,12,22,30,30,30,37],"current_hp_per_floor":[59,59,52,50,39,39,15,34,41,39,39,39,30,30,30,24,61,61,61,61,61,61,55,55,55,55,57,57,57,57,57,57,75,75,75,75,75,53,53,76,76,76,76,76,76,76,67,67,67,0,0],"gold":78,"neow_bonus":"HUNDRED_GOLD","is_daily":false,"chose_seed":false,"campfire_upgraded":5,"win_rate":0.0,"timestamp":1614376325,"path_taken":["M","$","?","M","?","R","E","R","T","E","M","$","M","E","R","BOSS","M","?","M","?","$","E","R","M","T","M","R","?","$","?","R","BOSS","M","M","$","M","M","R","?","?","T","E","$","M","M","M","R","BOSS"],"items_purchased_type":["Relic","Card","Card","Card","Card","Card","Card","Card"],"build_version":"2020-12-22","purchased_purges":2,"victory":false,"max_hp_per_floor":[66,66,66,66,66,66,66,66,73,73,73,73,73,73,73,73,73,73,73,73,73,73,73,73,73,73,75,75,75,75,75,75,75,75,75,77,77,79,79,79,79,79,79,81,81,81,81,81,81,81,81],"relic_stats":{"Mark of the Bloom":27,"Nunchaku":[7],"Singing Bowl":8,"counters":[23,90],"Pantograph":43,"Gambling Chip":[38],"Astrolabe":["Backstab","Wraith Form v2","Endless Agony"],"Blue Candle":[0],"Juzu Bracelet":1,"obtain_stats":[{"Mark of the Bloom":41,"Singing Bowl":26,"Astrolabe":17,"Blue Candle":44,"Juzu Bracelet":10,"Ancient Tea Set":29,"Nunchaku":43,"Ninja Scroll":23,"Pantograph":7,"Strawberry":9,"Gambling Chip":14,"MutagenicStrength":19,"Orrery":2,"Fusion Hammer":34,"Ring of the Snake":0},{"Mark of the Bloom":18,"Singing Bowl":12,"Astrolabe":8,"Blue Candle":19,"Juzu Bracelet":4,"Ancient Tea Set":13,"Nunchaku":18,"Ninja Scroll":11,"Pantograph":3,"Strawberry":3,"Gambling Chip":7,"MutagenicStrength":9,"Orrery":1,"Fusion Hammer":14,"Ring of the Snake":0},{"Mark of the Bloom":64,"Singing Bowl":46,"Astrolabe":36,"Blue Candle":67,"Juzu Bracelet":17,"Ancient Tea Set":48,"Nunchaku":64,"Ninja Scroll":43,"Pantograph":14,"Strawberry":14,"Gambling Chip":26,"MutagenicStrength":39,"Orrery":3,"Fusion Hammer":51,"Ring of the Snake":0}],"Ring of the Snake":[43]},"card_choices":[{"not_picked":["Skewer","Outmaneuver"],"picked":"All Out Attack","floor":1},{"not_picked":["Outmaneuver","Quick Slash"],"picked":"Adrenaline","floor":2},{"not_picked":["Prepared","Deadly Poison"],"picked":"Dagger Spray","floor":2},{"not_picked":["Dodge and Roll","Caltrops"],"picked":"Backflip","floor":2},{"not_picked":["Dagger Throw","Dagger Spray"],"picked":"Slice","floor":2},{"not_picked":["Cloak And Dagger","Accuracy"],"picked":"Terror","floor":2},{"not_picked":["Catalyst","Tactician","Eviscerate"],"picked":"SKIP","floor":4},{"not_picked":["Setup","Tactician"],"picked":"Backflip","floor":7},{"not_picked":["Deadly Poison","PiercingWail"],"picked":"Masterful Stab","floor":10},{"not_picked":["Dodge and Roll","Outmaneuver","Dagger Throw"],"picked":"SKIP","floor":11},{"not_picked":["Quick Slash","Eviscerate"],"picked":"Flying Knee","floor":13},{"not_picked":["Accuracy","Poisoned Stab"],"picked":"Endless Agony","floor":14},{"not_picked":["Storm of Steel","Glass Knife"],"picked":"Adrenaline","floor":16},{"not_picked":["Bane","Deadly Poison","Dagger Throw"],"picked":"SKIP","floor":18},{"not_picked":["Reflex","Quick Slash"],"picked":"Unload","floor":20},{"not_picked":["PiercingWail","Dash"],"picked":"Well Laid Plans","floor":23},{"not_picked":["Acrobatics","Dagger Throw"],"picked":"Escape Plan+1","floor":25},{"not_picked":["Quick Slash","Prepared","Crippling Poison"],"picked":"Singing Bowl","floor":27},{"not_picked":["Bullet Time","Unload"],"picked":"Malaise","floor":33},{"not_picked":["Heel Hook+1","Poisoned Stab"],"picked":"Acrobatics","floor":35},{"not_picked":["Bane+1","Blade Dance","Quick Slash"],"picked":"Singing Bowl","floor":36},{"not_picked":["Heel Hook+1","Backflip","Quick Slash"],"picked":"Singing Bowl","floor":38},{"not_picked":["Backflip","Blade Dance+1"],"picked":"Footwork","floor":39},{"not_picked":["Eviscerate","Reflex","PiercingWail"],"picked":"Singing Bowl","floor":44},{"not_picked":["Flying Knee","Endless Agony+1"],"picked":"Envenom","floor":46},{"not_picked":["Outmaneuver","Masterful Stab"],"picked":"PiercingWail","floor":47},{"not_picked":["Cloak And Dagger+1","Poisoned Stab"],"picked":"Acrobatics","floor":48}],"player_experience":664729,"relics_obtained":[{"floor":7,"key":"Pantograph"},{"floor":9,"key":"Strawberry"},{"floor":10,"key":"Juzu Bracelet"},{"floor":14,"key":"Gambling Chip"},{"floor":23,"key":"Ninja Scroll"},{"floor":26,"key":"Singing Bowl"},{"floor":43,"key":"Nunchaku"},{"floor":44,"key":"Blue Candle"}],"event_choices":[{"cards_removed":["Strike_G"],"damage_healed":0,"gold_gain":0,"player_choice":"Card Removal","damage_taken":7,"max_hp_gain":0,"max_hp_loss":0,"event_name":"Golden Wing","floor":3,"gold_loss":0},{"damage_healed":0,"gold_gain":75,"player_choice":"Gather Gold","damage_taken":11,"max_hp_gain":0,"max_hp_loss":0,"event_name":"World of Goop","floor":5,"gold_loss":0},{"damage_healed":0,"gold_gain":0,"player_choice":"Inject Mutagens","damage_taken":0,"relics_obtained":["MutagenicStrength"],"max_hp_gain":0,"max_hp_loss":0,"event_name":"Drug Dealer","floor":19,"gold_loss":0},{"damage_healed":0,"gold_gain":0,"player_choice":"Ignored","damage_taken":0,"max_hp_gain":0,"max_hp_loss":0,"event_name":"Vampires","floor":21,"gold_loss":0},{"damage_healed":0,"gold_gain":0,"player_choice":"Gave Potion","damage_taken":0,"relics_obtained":["Ancient Tea Set"],"max_hp_gain":0,"max_hp_loss":0,"event_name":"WeMeetAgain","floor":29,"gold_loss":0},{"damage_healed":0,"gold_gain":0,"player_choice":"Read","damage_taken":0,"max_hp_gain":0,"max_hp_loss":0,"event_name":"The Library","floor":31,"gold_loss":0,"cards_obtained":["Escape Plan"]},{"damage_healed":0,"gold_gain":0,"player_choice":"Upgrade","damage_taken":0,"relics_obtained":["Mark of the Bloom"],"max_hp_gain":0,"max_hp_loss":0,"event_name":"MindBloom","floor":41,"gold_loss":0,"cards_upgraded":["Strike_G","Strike_G","Defend_G","Defend_G","Defend_G","Survivor","All Out Attack","Adrenaline","Dagger Spray","Slice","Backflip","Masterful Stab","Calculated Gamble","Masterful Stab","Flying Knee","Endless Agony","Unload","Finisher","Well Laid Plans","Acrobatics","Predator","Escape Plan","Malaise","Acrobatics","Footwork","Footwork"]},{"cards_removed":["Strike_G"],"damage_healed":0,"gold_gain":0,"player_choice":"Removed Attack","damage_taken":0,"max_hp_gain":0,"max_hp_loss":0,"event_name":"Falling","floor":42,"gold_loss":0}],"is_beta":false,"boss_relics":[{"not_picked":["Velvet Choker","Busted Crown"],"picked":"Astrolabe"},{"not_picked":["Coffee Dripper","Empty Cage"],"picked":"Fusion Hammer"}],"items_purged_floors":[12,45],"is_endless":false,"potions_floor_spawned":[1,7,10,16,18,23,27,33,36,38,44],"killed_by":"Time Eater","ascension_level":20}}