{"host":"4pc4ysofexzh6wwj","time":1614309231,"event":{"mods":["BaseMod","Downfall","GifTheSpireLib","Good Game Mod","HololiveMod","Minty Spire (QoL Compilation)","Remilia£®¿Ÿ√◊¿Ú—«£©","Replay The Spire","StSLib","The Animator","UnlockEverythingMod","noobMod"],"gold_per_floor":[99,112,187,187,20,47,47,47,47,47],"floor_reached":8,"language":"ZHS","playtime":347,"items_purged":[],"score":55,"play_id":"ae7fbb78-7d03-4612-b246-bdf373339ddd","local_time":"20210226111351","is_ascension_mode":true,"campfire_choices":[],"circlet_count":0,"master_deck":["Slimebound:Strike_Slimebound","Slimebound:Strike_Slimebound","Slimebound:Tackle","Slimebound:Defend_Slimebound","Slimebound:Split","Slimebound:CorrosiveSpit","Slimebound:SpikyOuterGoop+1","Slimebound:FlameTackle+1","Slimebound:Gluttony+1","Slimebound:GrowthPunch","Slimebound:AcidTongue","Slimebound:Gluttony+1","Slimebound:OneTwoCombo","Slimebound:SplitLeeching"],"relics":["ice","REME:ComplimentaryCards","Astrolabe","Medical Kit","Replay:Mystery Machine"],"acts_visited":["Exordium"],"potions_floor_usage":[],"damage_taken":[{"damage":7,"enemies":"Small Slimes","floor":2,"turns":3},{"damage":8,"enemies":"downfall:FleeingMerchant","floor":5,"turns":4},{"damage":24,"enemies":"Gremlin Nob","floor":6,"turns":4},{"damage":0,"enemies":"3 Sentries","floor":8,"turns":1}],"seed_played":"-7199477243603027746","potions_obtained":[{"floor":2,"key":"Adrenaline Potion"}],"is_trial":false,"path_per_floor":["R","M","?","?","$","E","T","E"],"character_chosen":"SLIMEBOUND","items_purchased":["Medical Kit"],"campfire_rested":0,"item_purchase_floors":[5],"current_hp_per_floor":[65,58,58,58,50,26,26,26,26,26],"gold":47,"neow_bonus":"BOSS_RELIC","is_daily":false,"chose_seed":false,"campfire_upgraded":0,"win_rate":0.0,"timestamp":1614309231,"path_taken":["R","M","?","?","$","E","T","E"],"items_purchased_type":["Relic"],"build_version":"2020-12-22","purchased_purges":0,"victory":false,"max_hp_per_floor":[65,65,65,65,65,65,65,65,65,65],"card_choices":[{"not_picked":["Slimebound:GoopTackle","Slimebound:SamplingLick"],"picked":"Slimebound:AcidTongue","floor":2},{"not_picked":["Slimebound:PressTheAttack","Slimebound:Grow"],"picked":"Slimebound:OneTwoCombo","floor":5},{"not_picked":["Slimebound:SplitBruiser","Slimebound:ForwardTackle"],"picked":"Slimebound:SplitLeeching","floor":6}],"player_experience":357084,"relics_obtained":[{"floor":6,"key":"Replay:Mystery Machine"}],"event_choices":[],"is_beta":false,"boss_relics":[],"items_purged_floors":[],"is_endless":false,"potions_floor_spawned":[2],"killed_by":"3 Sentries","ascension_level":1}}