{"host":"Finnegan","time":1614374749,"event":{"mods":["AchievementEnabler","BaseMod","Colored Map","Colored Powertips","Highlight Path","Minty Spire (QoL Compilation)","Permanent Neow","Quick Restart","Rare Cards Sparkle","Relic Stats","StSLib","everything is the same but u backflip on backflip","slay the spire mod where everything is the same but ironclad has a cowboy hat"],"gold_per_floor":[115,128,128,140,154,154,168,168,168,199,211,211],"floor_reached":11,"language":"ENG","playtime":352,"items_purged":[],"score":117,"play_id":"5c8cc5b1-1319-42e5-accc-2f0e35e5baa7","local_time":"20210226222549","is_ascension_mode":true,"campfire_choices":[{"data":"Backflip","floor":6.0,"key":"SMITH"},{"floor":8.0,"key":"REST"}],"circlet_count":0,"master_deck":["AscendersBane","Strike_G","Strike_G","Strike_G","Strike_G","Strike_G","Defend_G","Defend_G","Defend_G","Defend_G","Defend_G","Survivor","Neutralize","Flechettes+1","PiercingWail","Dagger Spray","Backflip+1","Blade Dance","Blade Dance"],"relics":["Ring of the Snake","Turnip","MawBank"],"acts_visited":["Exordium"],"potions_floor_usage":[11],"damage_taken":[{"damage":0.0,"enemies":"Small Slimes","floor":1.0,"turns":6.0},{"damage":0.0,"enemies":"Cultist","floor":2.0,"turns":4.0},{"damage":6.0,"enemies":"Jaw Worm","floor":4.0,"turns":5.0},{"damage":11.0,"enemies":"Blue Slaver","floor":5.0,"turns":5.0},{"damage":13.0,"enemies":"Exordium Wildlife","floor":7.0,"turns":3.0},{"damage":5.0,"enemies":"Red Slaver","floor":10.0,"turns":6.0},{"damage":34,"enemies":"Gremlin Nob","floor":11,"turns":5}],"seed_played":"-5621803127137342805","potions_obtained":[{"floor":4.0,"key":"ColorlessPotion"},{"floor":5.0,"key":"LiquidBronze"},{"floor":7.0,"key":"Dexterity Potion"}],"is_trial":false,"path_per_floor":["M","M","?","M","M","R","M","R","T","M","E"],"character_chosen":"THE_SILENT","items_purchased":[],"campfire_rested":1,"item_purchase_floors":[],"current_hp_per_floor":[59,59,59,53,42,42,29,47,47,42,8,8],"gold":211,"neow_bonus":"ONE_RARE_RELIC","is_daily":false,"chose_seed":false,"campfire_upgraded":1,"win_rate":0.0,"timestamp":1614374749,"path_taken":["M","M","?","M","M","R","M","R","T","?","E"],"items_purchased_type":[],"build_version":"2020-12-18","purchased_purges":0,"victory":false,"max_hp_per_floor":[60,60,60,60,60,60,60,60,60,60,60,60],"relic_stats":{"counters":[7,34],"Turnip":[2],"MawBank":24,"obtain_stats":[{"Turnip":0,"MawBank":9,"Ring of the Snake":0},{"Turnip":0,"MawBank":5,"Ring of the Snake":0},{"Turnip":0,"MawBank":23,"Ring of the Snake":0}],"Ring of the Snake":[14]},"card_choices":[{"not_picked":["Acrobatics","Dodge and Roll"],"picked":"Flechettes","floor":1.0},{"not_picked":["Dagger Spray","Sucker Punch"],"picked":"PiercingWail","floor":2.0},{"not_picked":["PiercingWail","Bane"],"picked":"Dagger Spray","floor":4.0},{"not_picked":["Calculated Gamble","Setup"],"picked":"Backflip","floor":5.0},{"not_picked":["Predator","Slice"],"picked":"Blade Dance","floor":7.0},{"not_picked":["Deflect","Dagger Spray"],"picked":"Blade Dance","floor":10.0}],"player_experience":920991,"relics_obtained":[{"floor":9.0,"key":"MawBank"}],"event_choices":[{"damage_healed":0.0,"max_hp_gain":0.0,"max_hp_loss":0.0,"gold_gain":0.0,"event_name":"Upgrade Shrine","player_choice":"Upgraded","floor":3.0,"gold_loss":0.0,"damage_taken":0.0,"cards_upgraded":["Flechettes"]}],"is_beta":true,"boss_relics":[],"items_purged_floors":[],"is_endless":false,"potions_floor_spawned":[4,5,7],"killed_by":"Gremlin Nob","ascension_level":15}}