{"host":"x1qj4d8ympd5jdqh","time":1614349304,"event":{"mods":["AchievementEnabler","AlwaysNeverKeys","BaseMod","Colored Map","Custom Start","DeckTracker","Highlight Path","Minty Spire (QoL Compilation)","StSLib","SuperFastMode"],"gold_per_floor":[117,135,1,1,16,44,44,54,99,99,119,131,149,162,162,162,162],"floor_reached":16,"language":"KOR","playtime":1309,"items_purged":["Strike_G"],"score":212,"play_id":"740c0570-7dbf-482f-b14b-06ec7b4f8cb6","local_time":"20210226232144","is_ascension_mode":true,"campfire_choices":[{"data":"Blade Dance","floor":7,"key":"SMITH"},{"floor":10,"key":"REST"},{"floor":15,"key":"REST"}],"circlet_count":0,"master_deck":["AscendersBane","Strike_G","Strike_G","Strike_G","Strike_G","Defend_G","Defend_G+1","Defend_G","Defend_G","Defend_G","Survivor","Neutralize","Dagger Throw","Eviscerate","Acrobatics+1","Blade Dance+1","Concentrate","PiercingWail","Finisher"],"relics":["WristBlade","Pear","War Paint","Oddly Smooth Stone"],"acts_visited":["Exordium"],"potions_floor_usage":[6,8,13],"damage_taken":[{"damage":5,"enemies":"Small Slimes","floor":1,"turns":4},{"damage":5,"enemies":"2 Louse","floor":2,"turns":3},{"damage":1,"enemies":"Cultist","floor":5,"turns":3},{"damage":21,"enemies":"Gremlin Nob","floor":6,"turns":4},{"damage":4,"enemies":"Gremlin Gang","floor":8,"turns":3},{"damage":8,"enemies":"Exordium Thugs","floor":11,"turns":3},{"damage":7,"enemies":"3 Louse","floor":12,"turns":3},{"damage":15,"enemies":"Gremlin Gang","floor":13,"turns":2},{"damage":0,"enemies":"Exordium Wildlife","floor":14,"turns":3},{"damage":26,"enemies":"Slime Boss","floor":16,"turns":6}],"seed_played":"-272651068499473431","potions_obtained":[{"floor":5,"key":"Block Potion"},{"floor":6,"key":"Block Potion"},{"floor":11,"key":"CunningPotion"}],"is_trial":false,"path_per_floor":["M","M","$","?","M","E","R","M","T","R","M","M","M","M","R","B"],"character_chosen":"THE_SILENT","items_purchased":["Acrobatics"],"campfire_rested":2,"item_purchase_floors":[3],"current_hp_per_floor":[54,49,49,48,47,26,26,22,22,44,36,29,14,14,36,10,10],"gold":162,"neow_bonus":"BOSS_RELIC","is_daily":false,"chose_seed":false,"campfire_upgraded":1,"win_rate":0.0,"timestamp":1614349304,"path_taken":["M","M","$","?","M","E","R","M","T","R","M","M","M","M","R","BOSS"],"items_purchased_type":["Card"],"build_version":"2020-12-22","purchased_purges":1,"victory":false,"max_hp_per_floor":[66,66,66,76,76,76,76,76,76,76,76,76,76,76,76,76,76],"card_choices":[{"not_picked":["Tactician","Flechettes"],"picked":"Dagger Throw","floor":1},{"not_picked":["Distraction","Blur"],"picked":"Eviscerate","floor":2},{"not_picked":["Flying Knee","Distraction"],"picked":"Blade Dance","floor":5},{"not_picked":["Dodge and Roll","Concentrate","Prepared"],"picked":"SKIP","floor":6},{"not_picked":["Cloak And Dagger","Dagger Throw","Prepared"],"picked":"SKIP","floor":8},{"not_picked":["Riddle With Holes","Outmaneuver","Backflip"],"picked":"SKIP","floor":11},{"not_picked":["Acrobatics","Quick Slash"],"picked":"Concentrate","floor":12},{"not_picked":["Sucker Punch","Skewer"],"picked":"PiercingWail","floor":13},{"not_picked":["Riddle With Holes","Slice"],"picked":"Finisher","floor":14}],"player_experience":1336703,"relics_obtained":[{"floor":6,"key":"War Paint"},{"floor":9,"key":"Oddly Smooth Stone"}],"event_choices":[{"damage_healed":0,"gold_gain":0,"player_choice":"Success","damage_taken":11,"relics_obtained":["Pear"],"max_hp_gain":0,"max_hp_loss":0,"event_name":"Scrap Ooze","floor":4,"gold_loss":0}],"is_beta":false,"boss_relics":[],"items_purged_floors":[3],"is_endless":false,"potions_floor_spawned":[5,6,11],"killed_by":"Slime Boss","ascension_level":20}}