{"host":"wy4vwr4x0uqk666t","time":1614338501,"event":{"mods":["Aspiration","BaseMod","BetterRewards","Colored Map","Colored Powertips","Curses Come First","Defuse TimeMaze Blight","Downfall","Hubris","Infinite Spire","Lobotomy","Minty Spire (QoL Compilation)","Quick Restart","Replay The Spire","StSLib"],"gold_per_floor":[163,163,163,163,177,177,177,197,297,316,330,330,330,330],"floor_reached":12,"language":"ENG","playtime":550,"items_purged":[],"score":68,"play_id":"db1d51bd-ad94-4a9c-a162-d908ea0d3743","local_time":"20210226122141","is_ascension_mode":false,"campfire_choices":[{"data":"Guardian:RollAttack","floor":6,"key":"SMITH"}],"circlet_count":0,"master_deck":["Guardian:Strike_Guardian","Guardian:Strike_Guardian","Guardian:Strike_Guardian","Guardian:Strike_Guardian","Guardian:Defend_Guardian","Guardian:Defend_Guardian","Guardian:Defend_Guardian","Guardian:Defend_Guardian","Guardian:CurlUp","Guardian:TwinSlam","Guardian:ShieldSpikes","Guardian:ShieldCharger","Guardian:RollAttack+1","Guardian:TimeCapacitor","Guardian:ArmoredProtocol","Guardian:Gem_Red","Guardian:Planning","Guardian:PolyBeam","Guardian:GemFire","Jack Of All Trades","hubris:Compulsion","Guardian:SpikerProtocol","Guardian:Gem_Green","Guardian:SentryBeam"],"relics":["Guardian:ModeShifter","downfall:HeartsMalice","Garlic","downfall:GremlinSack"],"acts_visited":["Exordium"],"potions_floor_usage":[],"damage_taken":[{"damage":0,"enemies":"Small Slimes","floor":2,"turns":1},{"damage":0,"enemies":"Cultist","floor":3,"turns":1},{"damage":0,"enemies":"2 Louse","floor":4,"turns":1},{"damage":11,"enemies":"Exordium Wildlife","floor":5,"turns":7},{"damage":7,"enemies":"Blue Slaver","floor":8,"turns":4},{"damage":44,"enemies":"Blue Slaver","floor":9,"turns":7},{"damage":0,"enemies":"3 Louse","floor":10,"turns":5},{"damage":8,"enemies":"Large Slime","floor":11,"turns":10},{"damage":14,"enemies":"3 Sentries","floor":12,"turns":2}],"seed_played":"514509006208552630","potions_obtained":[{"floor":5,"key":"sneckomod:MuddlingPotion"},{"floor":9,"key":"EssenceOfSteel"},{"floor":10,"key":"LiquidMemories"}],"is_trial":false,"path_per_floor":["R_BF","M","M","M","M","R","T","M","?","M","M","E"],"character_chosen":"GUARDIAN","items_purchased":[],"campfire_rested":0,"item_purchase_floors":[],"current_hp_per_floor":[80,80,80,80,69,69,69,62,18,18,10,0,0,0],"gold":330,"neow_bonus":"THREE_ENEMY_KILL","is_daily":false,"chose_seed":false,"campfire_upgraded":1,"win_rate":0.0,"timestamp":1614338501,"path_taken":["R_BF","M","M","M","M","R","T","M","?","?","M","E"],"items_purchased_type":[],"build_version":"2020-12-22","purchased_purges":0,"victory":false,"max_hp_per_floor":[80,80,80,80,80,80,80,80,80,80,80,80,80,80],"card_choices":[{"not_picked":["Guardian:Recover","Guardian:FuturePlans"],"picked":"Guardian:ShieldSpikes","floor":2},{"not_picked":["Guardian:ChargeCore","Guardian:Gem_Yellow"],"picked":"Guardian:ShieldCharger","floor":3},{"not_picked":["Guardian:Reroute","Guardian:VentSteam"],"picked":"Guardian:RollAttack","floor":4},{"not_picked":["Guardian:Recover","Guardian:TemporalStrike"],"picked":"Guardian:TimeCapacitor","floor":5},{"not_picked":["Guardian:Gem_Lightblue","Guardian:StasisField"],"picked":"Guardian:ArmoredProtocol","floor":8},{"not_picked":["Guardian:SentryBeam","Guardian:WalkerClaw"],"picked":"Guardian:SpikerProtocol","floor":9},{"not_picked":["Guardian:Harden","Guardian:VentSteam"],"picked":"Guardian:Gem_Green","floor":10},{"not_picked":["Guardian:Emergency","Guardian:Gem_Lightblue"],"picked":"Guardian:SentryBeam","floor":11}],"player_experience":3769301,"relics_obtained":[{"floor":7,"key":"Garlic"},{"floor":9,"key":"downfall:GremlinSack"}],"event_choices":[],"is_beta":false,"boss_relics":[],"items_purged_floors":[],"is_endless":false,"potions_floor_spawned":[5,9,10],"killed_by":"3 Sentries","ascension_level":0}}