{"host":"6mnbfzadgw5plvxd","time":1614322802,"event":{"mods":["BaseMod","Downfall","Hermit","Hubris","Minty Spire (QoL Compilation)","Replay The Spire","StSLib","The Cursed","The Jungle"],"gold_per_floor":[111,111,130,55,55,72,72,84,84,126,155,155,155],"floor_reached":12,"language":"ENG","playtime":615,"items_purged":["hermit:Defend_Hermit"],"score":80,"play_id":"466957c0-8a45-453c-b9be-e5b0cff4ae7e","local_time":"20210226180002","is_ascension_mode":false,"campfire_choices":[{"data":"hermit:WideOpen","floor":7,"key":"SMITH"}],"circlet_count":0,"master_deck":["hermit:Strike_Hermit","hermit:Strike_Hermit","hermit:Strike_Hermit","hermit:Defend_Hermit","hermit:Defend_Hermit","hermit:Defend_Hermit","hermit:Snapshot","hermit:Covet+1","hermit:ShadowCloak","hermit:WideOpen+1","hermit:ShadowCloak","hermit:GoldenBullet","hermit:FlashPowder"],"relics":["hermit:Momento","NeowsBlessing","CeramicFish","Golden Egg"],"acts_visited":["Exordium"],"potions_floor_usage":[12],"damage_taken":[{"damage":0,"enemies":"2 Louse","floor":1,"turns":1},{"damage":0,"enemies":"Cultist","floor":3,"turns":1},{"damage":0,"enemies":"Small Slimes","floor":6,"turns":1},{"damage":18,"enemies":"Exordium Wildlife","floor":8,"turns":4},{"damage":24,"enemies":"Replay:BlueRogue","floor":10,"turns":6},{"damage":18,"enemies":"3 Louse","floor":11,"turns":3},{"damage":17,"enemies":"3 Sentries","floor":12,"turns":5}],"seed_played":"-8252828783256970153","potions_obtained":[{"floor":11,"key":"DistilledChaos"}],"is_trial":false,"path_per_floor":["M","?","M","$","?","M","R","M","T","E","M","E"],"character_chosen":"HERMIT","items_purchased":[],"campfire_rested":0,"item_purchase_floors":[],"current_hp_per_floor":[75,75,75,75,75,75,75,57,57,33,15,0,0],"gold":155,"neow_bonus":"THREE_ENEMY_KILL","is_daily":false,"chose_seed":false,"campfire_upgraded":1,"win_rate":0.0,"timestamp":1614322802,"path_taken":["M","?","?","$","?","M","R","M","T","E","M","E"],"items_purchased_type":[],"build_version":"2020-12-22","purchased_purges":1,"victory":false,"max_hp_per_floor":[75,75,75,75,75,75,75,75,75,75,75,75,75],"card_choices":[{"not_picked":["hermit:Quickdraw","hermit:GhostlyPresence"],"picked":"hermit:ShadowCloak","floor":1},{"not_picked":["hermit:Desperado","hermit:Snipe","hermit:Coalescence"],"picked":"SKIP","floor":3},{"not_picked":["hermit:HoleUp","hermit:Maintenance"],"picked":"hermit:WideOpen","floor":6},{"not_picked":["hermit:FlashPowder","hermit:HighCaliber"],"picked":"hermit:ShadowCloak","floor":8},{"not_picked":["hermit:Adapt","hermit:Quickdraw"],"picked":"hermit:GoldenBullet","floor":10},{"not_picked":["hermit:LowProfile","hermit:ShadowCloak"],"picked":"hermit:FlashPowder","floor":11}],"player_experience":221022,"relics_obtained":[{"floor":9,"key":"CeramicFish"},{"floor":10,"key":"Golden Egg"}],"event_choices":[{"cards_removed":["hermit:Strike_Hermit"],"damage_healed":0,"gold_gain":0,"player_choice":"Purged","damage_taken":0,"max_hp_gain":0,"max_hp_loss":0,"event_name":"Purifier","floor":2,"gold_loss":0},{"damage_healed":0,"gold_gain":0,"player_choice":"Grow","damage_taken":0,"max_hp_gain":0,"max_hp_loss":0,"event_name":"Living Wall","floor":5,"gold_loss":0,"cards_upgraded":["hermit:Covet"]}],"is_beta":false,"boss_relics":[],"items_purged_floors":[4],"is_endless":false,"potions_floor_spawned":[11],"killed_by":"3 Sentries","ascension_level":0}}