{"host":"e4mqwdeqkh64qloq","time":1614350537,"event":{"mods":["BaseMod","Downfall","Minty Spire (QoL Compilation)","Relic Stats","Replay The Spire","StSLib","The Cursed"],"gold_per_floor":[99,109,125,136,136,156,156,189,89,109,144,44,69,96,107,212,212,212,222,232,232,244,244,268,268,106,141,141,153,153,163,182,277,277,277,292,305,305,323,323,323,323,341,328,328,328,346,361,236,251,267,267,267,267],"floor_reached":52,"language":"ENG","playtime":3024,"items_purged":["Guardian:Strike_Guardian","Guardian:Strike_Guardian","Guardian:Strike_Guardian"],"score":600,"play_id":"dd2fe0b7-c3e3-43e6-95f1-dfdea6e34c58","local_time":"20210226094217","is_ascension_mode":false,"campfire_choices":[{"floor":1.0,"key":"RECALL"},{"floor":9.0,"key":"REST"},{"floor":12.0,"key":"REST"},{"floor":18.0,"key":"REST"},{"floor":23.0,"key":"REST"},{"floor":25.0,"key":"REST"},{"floor":30.0,"key":"REST"},{"floor":35.0,"key":"REST"},{"floor":40,"key":"REST"}],"circlet_count":0,"master_deck":["Guardian:Strike_Guardian","Guardian:Defend_Guardian","Guardian:Defend_Guardian","Guardian:Defend_Guardian","Guardian:Defend_Guardian","Guardian:CurlUp","Guardian:TwinSlam","Guardian:PolyBeam","Guardian:Reroute","Guardian:PolyBeam","Guardian:MultiBeam","Guardian:ChargeCore","Guardian:WalkerClaw","Guardian:TemporalShield","Guardian:SentryBeam","Guardian:ChargeUp","Guardian:GemFinder","Guardian:Reroute","Guardian:BronzeOrb","Pot Of Greed","Guardian:TemporalStrike+1","Pot Of Greed","Guardian:PrismaticBarrier","Guardian:RollAttack+1","expansioncontent:StudyTheSpire+1","Guardian:Suspension","Guardian:Planning","Guardian:StasisField","Guardian:Emergency","Pot Of Greed","Guardian:SentryBeam+1","Guardian:PrismaticBeam+1","Guardian:Gem_Red","Guardian:DecasProtection","Guardian:Gem_Red","Guardian:Gem_Red","Guardian:TimeCapacitor","Guardian:DonusPower+1","Guardian:Gem_Green","Guardian:Gem_Green","Guardian:Gem_Green","Pot Of Greed","Guardian:Gem_Fragmented","Guardian:Gem_Red","Guardian:Gem_Purple"],"relics":["Fusion Hammer","Matryoshka","Bird Faced Urn","downfall:HeartBlessingRed","Shuriken","downfall:HeartBlessingGreen","Snack Pack","Odd Mushroom","Painkiller Herb","Centennial Puzzle","Grinning Jar","Gremlin Horn","Snecko Heart","Vajra","Nunchaku"],"acts_visited":["Exordium","TheCity","TheBeyond"],"potions_floor_usage":[52],"damage_taken":[{"damage":0.0,"enemies":"2 Louse","floor":2.0,"turns":3.0},{"damage":7.0,"enemies":"Jaw Worm","floor":3.0,"turns":3.0},{"damage":0.0,"enemies":"Cultist","floor":4.0,"turns":3.0},{"damage":3.0,"enemies":"Red Slaver","floor":6.0,"turns":4.0},{"damage":32.0,"enemies":"Lagavulin","floor":8.0,"turns":7.0},{"damage":3.0,"enemies":"3 Louse","floor":10.0,"turns":2.0},{"damage":6.0,"enemies":"Gremlin Nob","floor":11.0,"turns":3.0},{"damage":12.0,"enemies":"3 Sentries","floor":13.0,"turns":3.0},{"damage":9.0,"enemies":"The Mushroom Lair","floor":14.0,"turns":2.0},{"damage":10.0,"enemies":"Exordium Thugs","floor":15.0,"turns":2.0},{"damage":19.0,"enemies":"DF_ARCHETYPE_STREAMLINE","floor":16.0,"turns":6.0},{"damage":0.0,"enemies":"3 Byrds","floor":19.0,"turns":4.0},{"damage":1.0,"enemies":"Spheric Guardian","floor":20.0,"turns":3.0},{"damage":0.0,"enemies":"Cultist and Chosen","floor":22.0,"turns":4.0},{"damage":4.0,"enemies":"downfall:FleeingMerchant","floor":26.0,"turns":4.0},{"damage":0.0,"enemies":"Book of Stabbing","floor":27.0,"turns":4.0},{"damage":18.0,"enemies":"Snecko","floor":29.0,"turns":4.0},{"damage":21.0,"enemies":"Snake Plant","floor":31.0,"turns":3.0},{"damage":6.0,"enemies":"Shelled Parasite and Fungi","floor":32.0,"turns":3.0},{"damage":24.0,"enemies":"IC_MUSHROOM_ARCHETYPE","floor":33.0,"turns":5.0},{"damage":0.0,"enemies":"Orb Walker","floor":36.0,"turns":3.0},{"damage":18.0,"enemies":"3 Darklings","floor":37.0,"turns":3.0},{"damage":8,"enemies":"Spire Growth","floor":39,"turns":4},{"damage":15,"enemies":"Maw","floor":43,"turns":6},{"damage":0,"enemies":"downfall:FleeingMerchant","floor":44,"turns":4},{"damage":22,"enemies":"Jaw Worm Horde","floor":47,"turns":3},{"damage":40,"enemies":"Sphere and 2 Shapes","floor":48,"turns":4},{"damage":9,"enemies":"3 Darklings","floor":50,"turns":4},{"damage":12,"enemies":"Transient","floor":51,"turns":5},{"damage":61,"enemies":"WA_ARCHETYPE_DIVINITY","floor":52,"turns":9}],"seed_played":"4200310414456196387","potions_obtained":[{"floor":4.0,"key":"DistilledChaos"},{"floor":6.0,"key":"Guardian:AcceleratePotion"},{"floor":10.0,"key":"GamblersBrew"},{"floor":11.0,"key":"PowerPotion"},{"floor":16.0,"key":"FearPotion"},{"floor":19.0,"key":"Block Potion"},{"floor":27.0,"key":"champ:CounterPotion"},{"floor":33.0,"key":"hexamod:SoulburnPotion"},{"floor":37.0,"key":"bronze:BurnAndBuffPotion"}],"is_trial":false,"path_per_floor":["R","M","M","M","?","M","T","E","R","M","E","R","E","?","M","B",null,"T","?","?","?","?","T","T","T","T","E","?","?","T","?","?","B",null,"T","?","?","?","?","T","T","?","?","T","PTL","PTL","?","?","T","?","?","B"],"character_chosen":"GUARDIAN","items_purchased":["Guardian:PrismaticBarrier","Guardian:TimeCapacitor","Nunchaku"],"campfire_rested":8,"item_purchase_floors":[26,44,44],"current_hp_per_floor":[80,80,73,73,73,70,70,38,62,59,53,77,67,60,52,39,80,80,80,79,79,80,80,80,80,80,80,80,64,80,59,59,45,80,80,80,64,64,64,80,80,80,79,80,80,80,68,40,40,43,37,0,0,0],"gold":267,"neow_bonus":"BOSS_RELIC","is_daily":false,"chose_seed":false,"campfire_upgraded":0,"win_rate":0.0,"timestamp":1614350537,"path_taken":["R","M","M","M","?","M","T","E","R","M","E","R","E","?","M","BOSS","T","?","?","?","?","T","T","T","T","E","?","?","T","?","?","BOSS","T","?","?","?","?","T","T","?","?","T","PTL","PTL","?","?","T","?","?","BOSS"],"items_purchased_type":["Card","Card","Relic"],"build_version":"2020-12-22","purchased_purges":3,"victory":false,"max_hp_per_floor":[80,80,80,80,80,80,80,80,80,80,80,80,80,80,80,80,80,80,80,80,80,80,80,80,80,80,80,80,80,80,80,80,80,80,80,80,80,80,80,80,80,80,80,80,80,80,80,80,80,80,80,80,80,80],"relic_stats":{"Centennial Puzzle":[39],"Nunchaku":[6],"Gremlin Horn":[10,10],"counters":[30,117],"Shuriken":[52],"Bird Faced Urn":[52],"obtain_stats":[{"Snecko Heart":34,"downfall:HeartBlessingRed":9,"Gremlin Horn":27,"Guardian:ModeShifter":0,"Vajra":41,"downfall:HeartBlessingGreen":12,"Painkiller Herb":17,"Odd Mushroom":14,"Centennial Puzzle":24,"Nunchaku":44,"Matryoshka":7,"Shuriken":11,"Bird Faced Urn":8,"Fusion Hammer":0,"Snack Pack":13,"Grinning Jar":24},{"Snecko Heart":20,"downfall:HeartBlessingRed":5,"Gremlin Horn":16,"Guardian:ModeShifter":0,"Vajra":23,"downfall:HeartBlessingGreen":7,"Painkiller Herb":11,"Odd Mushroom":9,"Centennial Puzzle":14,"Nunchaku":25,"Matryoshka":4,"Shuriken":7,"Bird Faced Urn":5,"Fusion Hammer":0,"Snack Pack":8,"Grinning Jar":14},{"Snecko Heart":72,"downfall:HeartBlessingRed":20,"Gremlin Horn":57,"Guardian:ModeShifter":0,"Vajra":82,"downfall:HeartBlessingGreen":25,"Painkiller Herb":38,"Odd Mushroom":30,"Centennial Puzzle":49,"Nunchaku":92,"Matryoshka":13,"Shuriken":25,"Bird Faced Urn":20,"Fusion Hammer":0,"Snack Pack":28,"Grinning Jar":49}]},"card_choices":[{"not_picked":["Guardian:Gem_Lightblue","Guardian:EvasiveProtocol"],"picked":"Guardian:PolyBeam","floor":2.0},{"not_picked":["Guardian:Gem_Yellow","Guardian:BronzeArmor"],"picked":"Guardian:Reroute","floor":3.0},{"not_picked":["Guardian:Gem_Cyan","Guardian:Clone"],"picked":"Guardian:PolyBeam","floor":4.0},{"not_picked":["Guardian:Suspension","Guardian:BronzeArmor"],"picked":"Guardian:MultiBeam","floor":6.0},{"not_picked":["Guardian:GuardianWhirl","Guardian:ChargeUp"],"picked":"Guardian:Gem_Lightblue","floor":8.0},{"not_picked":["Guardian:Reroute","Guardian:TemporalShield"],"picked":"Guardian:ChargeCore","floor":10.0},{"not_picked":["Guardian:Emergency","Guardian:Gem_Green"],"picked":"Guardian:WalkerClaw","floor":11.0},{"not_picked":["Guardian:Suspension","Guardian:PrimingBeam"],"picked":"Guardian:TemporalShield","floor":13.0},{"not_picked":["Guardian:ChargeCore","Guardian:DonusPower"],"picked":"Guardian:SentryBeam","floor":14.0},{"not_picked":["Guardian:BronzeOrb","Guardian:GatlingBeam"],"picked":"Guardian:ChargeUp","floor":15.0},{"not_picked":["Guardian:GatlingBeam","Guardian:FastForward"],"picked":"Guardian:GemFinder","floor":16.0},{"not_picked":["Guardian:Gem_Green","Guardian:Gem_Cyan"],"picked":"Guardian:Gem_Red","floor":19.0},{"not_picked":["Guardian:ArmoredProtocol","Guardian:Repulse"],"picked":"Guardian:Reroute","floor":19.0},{"not_picked":["Guardian:DecasProtection","Guardian:TimeCapacitor"],"picked":"Guardian:BronzeOrb","floor":20.0},{"not_picked":["Guardian:Gem_Cyan","Guardian:Gem_Green"],"picked":"Guardian:Gem_Red","floor":22.0},{"not_picked":["Guardian:RefractedBeam","Guardian:SpikerProtocol"],"picked":"Guardian:Gem_Red","floor":22.0},{"not_picked":["Guardian:Gem_Lightblue","Guardian:Gem_Green"],"picked":"Guardian:Gem_Red","floor":26.0},{"not_picked":["Guardian:Gem_Crimson","Guardian:Gem_Cyan"],"picked":"Guardian:TemporalStrike+1","floor":26.0},{"not_picked":["Guardian:Gem_Cyan","Guardian:Gem_Red"],"picked":"Guardian:RollAttack+1","floor":27.0},{"not_picked":["Guardian:Gem_Lightblue","Guardian:Gem_Cyan"],"picked":"Guardian:Gem_Green","floor":29.0},{"not_picked":["Guardian:Gem_Lightblue","Guardian:Gem_Cyan"],"picked":"Guardian:Gem_Green","floor":29.0},{"not_picked":["Guardian:Reroute","Guardian:Preprogram"],"picked":"Guardian:Suspension","floor":31.0},{"not_picked":["Guardian:Gem_Red","Guardian:Gem_Green"],"picked":"Guardian:Gem_Cyan","floor":32.0},{"not_picked":["Guardian:GemFinder","Guardian:TemporalStrike+1"],"picked":"Guardian:Planning","floor":32.0},{"not_picked":["Guardian:Gem_Green","Guardian:Gem_Lightblue"],"picked":"Guardian:Gem_Red","floor":33.0},{"not_picked":["Guardian:GemFinder","Guardian:GatlingBeam"],"picked":"Guardian:StasisField","floor":33.0},{"not_picked":["Guardian:Gem_Lightblue","Guardian:Gem_Red"],"picked":"Guardian:Gem_Cyan","floor":36.0},{"not_picked":["Guardian:BodySlam","Guardian:Gem_Cyan"],"picked":"Guardian:Emergency","floor":36.0},{"not_picked":["Guardian:EvasiveProtocol+1","Guardian:Clone"],"picked":"Guardian:SentryBeam+1","floor":37.0},{"not_picked":["Guardian:Gem_Lightblue","Guardian:Gem_Green"],"picked":"Guardian:Gem_Cyan","floor":39},{"not_picked":["Guardian:Gem_Red","Guardian:Gem_Lightblue"],"picked":"Guardian:PrismaticBeam+1","floor":39},{"not_picked":["Guardian:Gem_Lightblue","Guardian:Gem_Green"],"picked":"Guardian:Gem_Red","floor":43},{"not_picked":["Guardian:Planning+1","Guardian:Harden+1"],"picked":"Guardian:DecasProtection","floor":43},{"not_picked":["Guardian:Gem_Lightblue","Guardian:Gem_Cyan"],"picked":"Guardian:Gem_Red","floor":44},{"not_picked":["Guardian:TimeBomb","Guardian:Suspension"],"picked":"Guardian:Gem_Red","floor":44},{"not_picked":["Guardian:Planning+1","Guardian:RollAttack+1"],"picked":"Guardian:DonusPower+1","floor":47},{"not_picked":["Guardian:Gem_Cyan","Guardian:Gem_Lightblue"],"picked":"Guardian:Gem_Green","floor":48},{"not_picked":["Guardian:FastForward","Guardian:ShieldCharger"],"picked":"Guardian:Gem_Green","floor":48},{"not_picked":["Guardian:Gem_Cyan","Guardian:Gem_Lightblue"],"picked":"Guardian:Gem_Green","floor":50},{"not_picked":["Guardian:Recover","Guardian:Planning"],"picked":"Guardian:Gem_Fragmented","floor":50},{"not_picked":["Guardian:Gem_Lightblue","Guardian:Gem_Cyan"],"picked":"Guardian:Gem_Red","floor":51},{"not_picked":["Guardian:Recover","Guardian:ChargeCore+1"],"picked":"Guardian:Gem_Purple","floor":51}],"player_experience":264785,"relics_obtained":[{"floor":7.0,"key":"Matryoshka"},{"floor":8.0,"key":"Bird Faced Urn"},{"floor":11.0,"key":"Shuriken"},{"floor":13.0,"key":"Snack Pack"},{"floor":14.0,"key":"Odd Mushroom"},{"floor":24.0,"key":"Centennial Puzzle"},{"floor":24.0,"key":"Grinning Jar"},{"floor":27.0,"key":"Gremlin Horn"},{"floor":41,"key":"Vajra"}],"event_choices":[{"damage_healed":0.0,"max_hp_gain":0.0,"max_hp_loss":0.0,"gold_gain":0.0,"event_name":"Mushrooms","player_choice":"Fought Mushrooms","floor":14.0,"gold_loss":0.0,"damage_taken":0.0},{"cards_removed":["Pot Of Greed"],"damage_healed":0.0,"max_hp_gain":0.0,"max_hp_loss":0.0,"gold_gain":0.0,"event_name":"NoteForYourself","player_choice":"Took Card","floor":28.0,"gold_loss":0.0,"damage_taken":0.0,"cards_obtained":["expansioncontent:StudyTheSpire"]}],"is_beta":false,"boss_relics":[{"not_picked":["ChewingGum","ReplayTheSpireMod:DimensionalGlitch"],"picked":"Painkiller Herb"},{"not_picked":["Runic Dome","Kintsugi"],"picked":"Snecko Heart"}],"items_purged_floors":[26,44,49],"is_endless":false,"potions_floor_spawned":[4,6,10,11,16,19,20,27,32,33,37,47,48],"killed_by":"WA_ARCHETYPE_DIVINITY","ascension_level":0}}