{"host":"uidy69bgx28xzt88","time":1614380315,"event":{"mods":["BaseMod","Minty Spire (QoL Compilation)","Relic Stats"],"gold_per_floor":[123,145,170,193,218,230,262,274,286,313,325,363,375,420,432,574,586,622,25,43,43,118,158,158,189,189,189,209,233,233,253,253,373,373,398,422,29,29,45,45,84,102,102,129,129,147,69,92,92,92,92,92,24,67,67],"floor_reached":56,"language":"ENG","playtime":4452,"items_purged":["Injury"],"score":1281,"play_id":"66b16484-bb2b-487a-8b55-968b06c02186","local_time":"20210227005835","is_ascension_mode":false,"campfire_choices":[{"data":"Poisoned Stab","floor":6,"key":"SMITH"},{"data":"Neutralize","floor":8,"key":"SMITH"},{"data":"Calculated Gamble","floor":11,"key":"SMITH"},{"data":"Infinite Blades","floor":15,"key":"SMITH"},{"floor":27,"key":"REST"},{"data":"Wraith Form v2","floor":32,"key":"SMITH"},{"floor":40,"key":"RECALL"},{"data":"Night Terror","floor":45,"key":"SMITH"},{"data":"Accuracy","floor":49,"key":"SMITH"},{"data":"Tactician","floor":52,"key":"SMITH"}],"circlet_count":0,"master_deck":["Survivor","Neutralize+1","Dagger Throw","Calculated Gamble+1","All Out Attack","Poisoned Stab+1","Cloak And Dagger","Infinite Blades+1","Endless Agony","Wraith Form v2+1","Finisher","Night Terror+1","Infinite Blades","Die Die Die","Leg Sweep","Deadly Poison","Adrenaline","Heel Hook","Blur","Footwork","Acrobatics+1","Prepared+1","Skewer+1","A Thousand Cuts","Choke+1","Accuracy+1","Dark Shackles","Secret Weapon","Noxious Fumes+1","Prepared+1","Backstab+1","Tactician+1","Envenom","Dagger Throw+1"],"relics":["Ring of the Snake","MawBank","FossilizedHelix","Tiny Chest","Golden Idol","Unceasing Top","Pandora\u0027s Box","Calipers","Medical Kit","Dead Branch","Vajra","Tough Bandages","InkBottle","Busted Crown","Shuriken","Strawberry","PreservedInsect","Lantern"],"acts_visited":["Exordium","TheCity","TheBeyond","TheEnding"],"potions_floor_usage":[7,14,14,33,50,55,55],"damage_taken":[{"damage":4,"enemies":"Jaw Worm","floor":1,"turns":6},{"damage":0,"enemies":"Small Slimes","floor":2,"turns":4},{"damage":0,"enemies":"2 Louse","floor":3,"turns":2},{"damage":7,"enemies":"Red Slaver","floor":4,"turns":6},{"damage":5,"enemies":"2 Fungi Beasts","floor":5,"turns":5},{"damage":0,"enemies":"Gremlin Gang","floor":7,"turns":3},{"damage":0,"enemies":"Blue Slaver","floor":10,"turns":3},{"damage":0,"enemies":"Lagavulin","floor":12,"turns":7},{"damage":0,"enemies":"Gremlin Nob","floor":14,"turns":3},{"damage":32,"enemies":"Hexaghost","floor":16,"turns":12},{"damage":0,"enemies":"Shell Parasite","floor":18,"turns":5},{"damage":3,"enemies":"2 Thieves","floor":20,"turns":4},{"damage":17,"enemies":"Gremlin Leader","floor":23,"turns":9},{"damage":25,"enemies":"Book of Stabbing","floor":25,"turns":6},{"damage":0,"enemies":"Snecko","floor":28,"turns":4},{"damage":0,"enemies":"Centurion and Healer","floor":29,"turns":7},{"damage":0,"enemies":"Snake Plant","floor":31,"turns":4},{"damage":1,"enemies":"Collector","floor":33,"turns":9},{"damage":1,"enemies":"3 Darklings","floor":35,"turns":3},{"damage":0,"enemies":"Orb Walker","floor":36,"turns":3},{"damage":0,"enemies":"Sphere and 2 Shapes","floor":39,"turns":5},{"damage":0,"enemies":"Reptomancer","floor":41,"turns":5},{"damage":0,"enemies":"4 Shapes","floor":42,"turns":7},{"damage":0,"enemies":"Spire Growth","floor":46,"turns":4},{"damage":0,"enemies":"Transient","floor":48,"turns":5},{"damage":29,"enemies":"Awakened One","floor":50,"turns":13},{"damage":0,"enemies":"Shield and Spear","floor":54,"turns":5},{"damage":73,"enemies":"The Heart","floor":55,"turns":9}],"seed_played":"6120044618655725224","potions_obtained":[{"floor":2,"key":"Block Potion"},{"floor":10,"key":"Fire Potion"},{"floor":12,"key":"Fire Potion"},{"floor":14,"key":"SmokeBomb"},{"floor":16,"key":"Swift Potion"},{"floor":25,"key":"FearPotion"},{"floor":29,"key":"Dexterity Potion"},{"floor":30,"key":"Regen Potion"},{"floor":30,"key":"PowerPotion"},{"floor":33,"key":"CunningPotion"},{"floor":41,"key":"SkillPotion"}],"is_trial":false,"path_per_floor":["M","M","M","M","M","R","M","R","T","M","R","E","?","E","R","B",null,"M","$","M","?","?","E","T","E","T","R","M","M","?","M","R","B",null,"M","M","$","?","M","R","E","M","T","T","R","M","$","M","R","B",null,"R","$","E","B",null],"character_chosen":"THE_SILENT","items_purchased":["Calipers","Medical Kit","Footwork","Shuriken","Accuracy","Dark Shackles","Tactician","Envenom"],"campfire_rested":1,"item_purchase_floors":[19,19,19,37,37,37,47,53],"current_hp_per_floor":[66,66,66,59,54,54,54,54,54,54,54,54,54,54,54,22,70,70,70,67,67,60,43,43,18,18,39,39,39,39,39,39,38,70,69,69,69,69,69,69,76,76,76,76,76,76,76,76,76,47,77,77,77,77,4],"gold":67,"neow_bonus":"RANDOM_COMMON_RELIC","is_daily":false,"chose_seed":false,"campfire_upgraded":8,"win_rate":0.0,"timestamp":1614380315,"path_taken":["M","M","M","M","M","R","M","R","T","M","R","E","?","E","R","BOSS","M","$","M","?","?","E","?","E","T","R","M","M","?","?","R","BOSS","M","M","$","?","M","R","E","M","T","?","R","M","$","M","R","BOSS","R","$","E","BOSS"],"items_purchased_type":["Relic","Relic","Card","Relic","Card","Card","Card","Card"],"build_version":"2020-12-22","purchased_purges":1,"victory":true,"max_hp_per_floor":[70,70,70,70,70,70,70,70,70,70,70,70,70,70,70,70,70,70,70,70,70,70,70,70,70,70,70,70,70,70,70,70,70,70,70,70,70,70,70,70,77,77,77,77,77,77,77,77,77,77,77,77,77,77,77],"relic_stats":{"counters":[28,158],"Golden Idol":185,"Dead Branch":[182],"PreservedInsect":68,"MawBank":228,"Medical Kit":[10],"Tough Bandages":[651],"Busted Crown":18,"Shuriken":[37],"Tiny Chest":2,"Pandora\u0027s Box":["Finisher","Night Terror","Infinite Blades","Die Die Die","Concentrate","Leg Sweep","Deadly Poison","Adrenaline","Heel Hook","Blur"],"obtain_stats":[{"Lantern":54,"Calipers":19,"Golden Idol":13,"Dead Branch":23,"Vajra":24,"PreservedInsect":44,"MawBank":0,"Medical Kit":19,"Tough Bandages":25,"Busted Crown":34,"Shuriken":37,"Strawberry":41,"Tiny Chest":12,"Pandora\u0027s Box":17,"FossilizedHelix":9,"Unceasing Top":14,"InkBottle":26,"Ring of the Snake":0},{"Lantern":27,"Calipers":11,"Golden Idol":8,"Dead Branch":13,"Vajra":13,"PreservedInsect":23,"MawBank":0,"Medical Kit":11,"Tough Bandages":14,"Busted Crown":18,"Shuriken":20,"Strawberry":22,"Tiny Chest":8,"Pandora\u0027s Box":10,"FossilizedHelix":6,"Unceasing Top":9,"InkBottle":14,"Ring of the Snake":0},{"Lantern":149,"Calipers":56,"Golden Idol":36,"Dead Branch":69,"Vajra":69,"PreservedInsect":122,"MawBank":0,"Medical Kit":56,"Tough Bandages":75,"Busted Crown":99,"Shuriken":105,"Strawberry":115,"Tiny Chest":36,"Pandora\u0027s Box":51,"FossilizedHelix":26,"Unceasing Top":39,"InkBottle":75,"Ring of the Snake":0}],"Unceasing Top":[19],"InkBottle":[52],"Ring of the Snake":[60]},"card_choices":[{"not_picked":["Slice","Riddle With Holes"],"picked":"Dagger Throw","floor":1},{"not_picked":["Dagger Throw","Finisher"],"picked":"Calculated Gamble","floor":2},{"not_picked":["Acrobatics","Caltrops"],"picked":"All Out Attack","floor":3},{"not_picked":["Eviscerate","Backstab","Underhanded Strike"],"picked":"SKIP","floor":4},{"not_picked":["Deadly Poison","Prepared"],"picked":"Poisoned Stab","floor":5},{"not_picked":["Accuracy","Sucker Punch"],"picked":"Cloak And Dagger","floor":7},{"not_picked":["Underhanded Strike","Outmaneuver"],"picked":"Infinite Blades","floor":10},{"not_picked":["Deadly Poison","Calculated Gamble"],"picked":"Endless Agony","floor":12},{"not_picked":["Outmaneuver","Burst","Underhanded Strike"],"picked":"SKIP","floor":14},{"not_picked":["Night Terror","Storm of Steel"],"picked":"Wraith Form v2","floor":16},{"not_picked":["Prepared","Blade Dance","Flying Knee"],"picked":"SKIP","floor":18},{"not_picked":["Prepared","Cloak And Dagger+1","Predator"],"picked":"SKIP","floor":20},{"not_picked":["Deadly Poison+1","Unload"],"picked":"Acrobatics+1","floor":23},{"not_picked":["Dagger Throw","Deflect"],"picked":"Prepared+1","floor":25},{"not_picked":["Concentrate","Dodge and Roll+1","Finisher"],"picked":"SKIP","floor":28},{"not_picked":["Sucker Punch","Poisoned Stab"],"picked":"Skewer+1","floor":29},{"not_picked":["Deflect","Setup","Acrobatics"],"picked":"SKIP","floor":31},{"not_picked":["Phantasmal Killer","Malaise"],"picked":"A Thousand Cuts","floor":33},{"not_picked":["Sucker Punch+1"],"picked":"SKIP","floor":35},{"not_picked":[],"picked":"Choke+1","floor":36},{"not_picked":[],"picked":"Secret Weapon","floor":38},{"not_picked":["Dagger Spray+1"],"picked":"SKIP","floor":39},{"not_picked":[],"picked":"Noxious Fumes+1","floor":41},{"not_picked":[],"picked":"Prepared+1","floor":42},{"not_picked":[],"picked":"Backstab+1","floor":46},{"not_picked":["Flying Knee+1"],"picked":"SKIP","floor":48},{"not_picked":[],"picked":"Dagger Throw+1","floor":54}],"player_experience":282647,"relics_obtained":[{"floor":9,"key":"FossilizedHelix"},{"floor":12,"key":"Tiny Chest"},{"floor":14,"key":"Unceasing Top"},{"floor":23,"key":"Dead Branch"},{"floor":24,"key":"Vajra"},{"floor":25,"key":"Tough Bandages"},{"floor":26,"key":"InkBottle"},{"floor":41,"key":"Strawberry"},{"floor":44,"key":"PreservedInsect"},{"floor":54,"key":"Lantern"}],"event_choices":[{"damage_healed":0,"gold_gain":0,"player_choice":"Take Wound","damage_taken":0,"relics_obtained":["Golden Idol"],"max_hp_gain":0,"max_hp_loss":0,"event_name":"Golden Idol","floor":13,"gold_loss":0,"cards_obtained":["Injury"]},{"cards_removed":["Concentrate"],"damage_healed":0,"gold_gain":0,"player_choice":"Elegance","damage_taken":0,"max_hp_gain":0,"max_hp_loss":0,"event_name":"Back to Basics","floor":21,"gold_loss":0},{"damage_healed":0,"gold_gain":75,"player_choice":"Touch","damage_taken":7,"max_hp_gain":0,"max_hp_loss":0,"event_name":"FaceTrader","floor":22,"gold_loss":0},{"damage_healed":0,"gold_gain":0,"player_choice":"Got Potions","damage_taken":0,"max_hp_gain":0,"max_hp_loss":0,"event_name":"Lab","floor":30,"gold_loss":0},{"damage_healed":0,"gold_gain":0,"player_choice":"Memory 1","damage_taken":0,"max_hp_gain":0,"max_hp_loss":0,"event_name":"SensoryStone","floor":38,"gold_loss":0}],"is_beta":false,"boss_relics":[{"not_picked":["Black Star","Astrolabe"],"picked":"Pandora\u0027s Box"},{"not_picked":["SlaversCollar","Fusion Hammer"],"picked":"Busted Crown"}],"items_purged_floors":[19],"is_endless":false,"potions_floor_spawned":[2,10,12,14,16,25,28,29,31,33,36,41],"ascension_level":0}}