{"host":"627up2rvtmm0cf0r","time":1614341229,"event":{"mods":["ATMod(阿瑾Mod)","Act Like it!","BaseMod","Better Vampires","Bossed Relics","CapriCore","Card Filter","Card Forge","Colored Powertips","DeckTracker","Dota2Spire","Downfall","Energized Spire","Friendly Minions","Highlight Path","Infinite Spire","Jedi Mod","Library of Ruina","Library of Ruina Extra","Minty Spire (QoL Compilation)","MostiFishMod","Permanent Neow","Potionbrewer","Practice Mode","Quick Restart","Relic Stats","Reliquary","Ryuuou龙王","Shop Mod","Spicy Shops","StSLib","SuperFastMode","TestMod","【遗物卡牌】REMEMod","篝火指南"],"gold_per_floor":[113,113,113,128,128,128,143,143,143,143,156,156,168,199,199,300,300,319,66,81,81,81,95,95,95,95,95,115,115,127,161,16,121,121,133,133,133,133,1150,1150,3162,1392,1392,1392,481,2516,5536,7565,6573,8573,10573],"floor_reached":52,"language":"ZHS","playtime":1850,"items_purged":["potionbrewer:PotionbrewerStrike","potionbrewer:ChoosePotion","potionbrewer:PotionbrewerStrike+1","potionbrewer:PotionbrewerDefend+1"],"score":1103,"play_id":"954a9fbc-e321-4fe4-94f2-8fba8fadb4f9","local_time":"20210226200709","is_ascension_mode":false,"campfire_choices":[{"data":"MostiFishMod:Kaleido","floor":6,"key":"SMITH"},{"data":"potionbrewer:Catalyze","floor":8,"key":"SMITH"},{"data":"potionbrewer:Biohazard","floor":15,"key":"SMITH"},{"data":"infinitespire:Collect","floor":24,"key":"SMITH"},{"data":"potionbrewer:Collect","floor":29,"key":"SMITH"},{"data":"Ryuuou:NotRegret","floor":40,"key":"SMITH"}],"circlet_count":0,"master_deck":["potionbrewer:PotionbrewerDefend+1","potionbrewer:PotionbrewerDefend+1","potionbrewer:PotionbrewerDefend+1","potionbrewer:Collect+1","MostiFishMod:Kaleido+1","potionbrewer:LabJournal+1","potionbrewer:Catalyze+1","potionbrewer:ChemicalWeapons+1","potionbrewer:Biohazard+1","potionbrewer:PotentialEnergy+1","potionbrewer:AnotherRound+1","infinitespire:Collect+1","potionbrewer:SpecialFormula+1","potionbrewer:ChoosePotion","potionbrewer:ChoosePotion","Ryuuou:NotRegret+1","Ryuuou:NotRegret+1","Discovery+1"],"relics":["potionbrewer:PotionKit","Hammer of Thor","Seething Fire","Anvil of the Gods","DaveBox","testmod-TestBox","REME_ComplimentaryCards","AT_ATBox","testmod-Nyarlathotep","RhineSuit","SynthV:TestCard","reliquary:NewFriend","Shuriken","PageOfBigBird","ThornShield","Black Star","PageOfJudgementBird","BirthdayGift-Tetrahedron","reliquary:FeatherDuster","jedi:shrinkray","StoneCalendar","PageOfBigBadWolf","Slimebound:StickyStick","Philosopher\u0027s Stone","Smiling Mask","reliquary:Buckler","ImprovedEquipment","BirthdayGift-Tetrahedron","Mercury Hourglass","PageOfOzma","SynthV:C4","reliquary:Vitrine","Torii","sneckomod:BlankCard","Gremlin Horn","Gremlin Horn","MostiFishMod:Haymaker","PageOfSpiderBud","reliquary:Bookmark","potionbrewer:BunsenBurner","testmod-BlackFramedGlasses","Boot","Dota2Spire:Vanguard"],"acts_visited":["Exordium","TheCity","TheBeyond"],"potions_floor_usage":[],"damage_taken":[{"damage":0,"enemies":"Small Slimes","floor":1,"turns":2},{"damage":0,"enemies":"2 Louse","floor":4,"turns":2},{"damage":4,"enemies":"infinitespire:Voidling","floor":7,"turns":3},{"damage":0,"enemies":"Looter","floor":11,"turns":1},{"damage":3,"enemies":"Lots of Slimes","floor":13,"turns":2},{"damage":0,"enemies":"3 Sentries","floor":14,"turns":2},{"damage":7,"enemies":"Hexaghost","floor":16,"turns":8},{"damage":2,"enemies":"Shell Parasite","floor":18,"turns":2},{"damage":2,"enemies":"2 Thieves","floor":20,"turns":3},{"damage":2,"enemies":"Cultist and Chosen","floor":23,"turns":2},{"damage":3,"enemies":"Shelled Parasite and Fungi","floor":28,"turns":2},{"damage":0,"enemies":"Snake Plant","floor":30,"turns":1},{"damage":0,"enemies":"REME_1_Revenger","floor":31,"turns":1},{"damage":2,"enemies":"KingOfGreed","floor":33,"turns":2},{"damage":0,"enemies":"3 Darklings","floor":35,"turns":1},{"damage":0,"enemies":"Orb Walker","floor":39,"turns":1},{"damage":0,"enemies":"Transient","floor":41,"turns":1},{"damage":0,"enemies":"Nemesis","floor":46,"turns":1},{"damage":0,"enemies":"Writhing Mass","floor":47,"turns":1},{"damage":0,"enemies":"Giant Head","floor":48,"turns":1},{"damage":0,"enemies":"infinitespire:MassOfShapes","floor":50,"turns":1}],"seed_played":"3112544974417676018","potions_obtained":[{"floor":1,"key":"Dexterity Potion"},{"floor":11,"key":"Guardian:BlockOnCardUsePotion"},{"floor":14,"key":"BlessingOfTheForge"},{"floor":30,"key":"potionbrewer:ToxicPotion"}],"is_trial":false,"path_per_floor":["M","?","?","M","?","R","M","R","T","$","M","?","M","E","R","B",null,"M","$","M","?","AVR","M","R","?","T","?","M","R","M","E","R","B",null,"M","?","?","?","M","R","M","R","T","T","R","E","M","E","R","B",null,null],"character_chosen":"POTIONBREWER","items_purchased":["PageOfJudgementBird","Slimebound:StickyStick","Smiling Mask","reliquary:Buckler","ImprovedEquipment","BirthdayGift-Tetrahedron","SynthV:C4","reliquary:Vitrine","Torii","sneckomod:BlankCard","reliquary:Bookmark","potionbrewer:BunsenBurner","testmod-BlackFramedGlasses","Boot","Dota2Spire:Vanguard","Discovery"],"campfire_rested":0,"item_purchase_floors":[19,32,42,42,42,42,45,45,45,45,49,49,49,49,49,49],"current_hp_per_floor":[54,54,54,54,54,54,54,54,54,54,54,54,51,51,51,44,75,73,73,71,71,71,73,73,73,73,73,70,70,75,75,75,73,75,75,75,75,75,75,75,75,75,75,75,75,75,75,75,75,75,75],"gold":10573,"neow_bonus":"RANDOM_COLORLESS_2","is_daily":false,"chose_seed":false,"campfire_upgraded":6,"win_rate":0.0,"timestamp":1614341229,"path_taken":["M","?","?","M","?","R","?","R","T","$","M","?","?","E","R","BOSS","M","$","M","?","AVR","M","R","?","T","?","M","R","M","E","R","BOSS","M","?","?","?","M","R","?","R","T","?","R","E","M","E","R","BOSS"],"items_purchased_type":["Relic","Relic","Relic","Relic","Relic","Relic","Relic","Relic","Relic","Relic","Relic","Relic","Relic","Relic","Relic","Card"],"build_version":"2020-12-22","purchased_purges":4,"victory":true,"max_hp_per_floor":[75,75,75,75,75,75,75,75,75,75,75,75,75,75,75,75,75,75,75,75,75,75,75,75,75,75,75,75,75,75,75,75,75,75,75,75,75,75,75,75,75,75,75,75,75,75,75,75,75,75,75],"relic_stats":{"Torii":0,"Gremlin Horn":[0,0],"counters":[22,41],"Shuriken":[17],"StoneCalendar":[0],"Black Star":3,"Smiling Mask":150,"Boot":[0],"obtain_stats":[{"reliquary:FeatherDuster":26,"AT_ATBox":0,"DaveBox":0,"Torii":45,"Gremlin Horn":46,"MostiFishMod:Haymaker":48,"sneckomod:BlankCard":45,"RhineSuit":0,"StoneCalendar":31,"Hammer of Thor":0,"Dota2Spire:Vanguard":49,"testmod-Nyarlathotep":0,"Smiling Mask":42,"Boot":49,"SynthV:C4":45,"testmod-BlackFramedGlasses":49,"potionbrewer:PotionKit":0,"jedi:shrinkray":27,"PageOfSpiderBud":48,"PageOfJudgementBird":19,"Slimebound:StickyStick":32,"reliquary:NewFriend":2,"Philosopher\u0027s Stone":34,"reliquary:Buckler":42,"potionbrewer:BunsenBurner":49,"reliquary:Vitrine":45,"BirthdayGift-Tetrahedron":22,"PageOfBigBadWolf":31,"testmod-TestBox":0,"PageOfOzma":44,"ImprovedEquipment":42,"Seething Fire":0,"ThornShield":14,"Mercury Hourglass":43,"reliquary:Bookmark":49,"SynthV:TestCard":1,"Anvil of the Gods":0,"Shuriken":9,"reliquary:SculptingSteel":46,"Black Star":17,"PageOfBigBird":12,"REME_ComplimentaryCards":0},{"reliquary:FeatherDuster":10,"AT_ATBox":0,"DaveBox":0,"Torii":17,"Gremlin Horn":18,"MostiFishMod:Haymaker":20,"sneckomod:BlankCard":17,"RhineSuit":0,"StoneCalendar":13,"Hammer of Thor":0,"Dota2Spire:Vanguard":20,"testmod-Nyarlathotep":0,"Smiling Mask":17,"Boot":20,"SynthV:C4":17,"testmod-BlackFramedGlasses":20,"potionbrewer:PotionKit":0,"jedi:shrinkray":10,"PageOfSpiderBud":20,"PageOfJudgementBird":8,"Slimebound:StickyStick":13,"reliquary:NewFriend":1,"Philosopher\u0027s Stone":14,"reliquary:Buckler":17,"potionbrewer:BunsenBurner":20,"reliquary:Vitrine":17,"BirthdayGift-Tetrahedron":9,"PageOfBigBadWolf":13,"testmod-TestBox":0,"PageOfOzma":17,"ImprovedEquipment":17,"Seething Fire":0,"ThornShield":6,"Mercury Hourglass":17,"reliquary:Bookmark":20,"SynthV:TestCard":1,"Anvil of the Gods":0,"Shuriken":3,"reliquary:SculptingSteel":18,"Black Star":7,"PageOfBigBird":4,"REME_ComplimentaryCards":0},{"reliquary:FeatherDuster":27,"AT_ATBox":0,"DaveBox":0,"Torii":36,"Gremlin Horn":37,"MostiFishMod:Haymaker":39,"sneckomod:BlankCard":36,"RhineSuit":0,"StoneCalendar":31,"Hammer of Thor":0,"Dota2Spire:Vanguard":39,"testmod-Nyarlathotep":0,"Smiling Mask":36,"Boot":39,"SynthV:C4":36,"testmod-BlackFramedGlasses":39,"potionbrewer:PotionKit":0,"jedi:shrinkray":27,"PageOfSpiderBud":39,"PageOfJudgementBird":22,"Slimebound:StickyStick":31,"reliquary:NewFriend":2,"Philosopher\u0027s Stone":33,"reliquary:Buckler":36,"potionbrewer:BunsenBurner":39,"reliquary:Vitrine":36,"BirthdayGift-Tetrahedron":25,"PageOfBigBadWolf":31,"testmod-TestBox":0,"PageOfOzma":36,"ImprovedEquipment":36,"Seething Fire":0,"ThornShield":12,"Mercury Hourglass":36,"reliquary:Bookmark":39,"SynthV:TestCard":2,"Anvil of the Gods":0,"Shuriken":7,"reliquary:SculptingSteel":37,"Black Star":20,"PageOfBigBird":8,"REME_ComplimentaryCards":0}],"Mercury Hourglass":[10]},"card_choices":[{"not_picked":["potionbrewer:Smack","potionbrewer:QuickStep"],"picked":"potionbrewer:LabJournal","floor":1},{"not_picked":["potionbrewer:Toxicity","potionbrewer:TestFormula","potionbrewer:Contingency","potionbrewer:ChemicalRage"],"picked":"potionbrewer:Catalyze","floor":4},{"not_picked":["potionbrewer:Biohazard","potionbrewer:OneTwoPunch","potionbrewer:QuickStep","potionbrewer:Shovel"],"picked":"potionbrewer:ChemicalWeapons","floor":7},{"not_picked":["potionbrewer:LabAccident","potionbrewer:Brandish","potionbrewer:Contingency","potionbrewer:AcidCloud"],"picked":"potionbrewer:Biohazard","floor":11},{"not_picked":["potionbrewer:ChemicalShroud","potionbrewer:MicrobeSpray","potionbrewer:FortifiedSerum","potionbrewer:OneTwoPunch","potionbrewer:UnstableFormula"],"picked":"SKIP","floor":13},{"not_picked":["potionbrewer:Smack","potionbrewer:QuickStep","potionbrewer:BrokenBeakers","potionbrewer:Contingency","potionbrewer:OneTwoPunch"],"picked":"SKIP","floor":14},{"not_picked":["potionbrewer:TwoForOne","potionbrewer:EquivalentExchange","potionbrewer:IronFlesh","potionbrewer:TheFinalStraw"],"picked":"potionbrewer:PotentialEnergy","floor":16},{"not_picked":["potionbrewer:BlindingSpray","potionbrewer:FortifiedSerum","potionbrewer:TimeBomb","potionbrewer:Toxicity+1"],"picked":"potionbrewer:AnotherRound","floor":18},{"not_picked":["potionbrewer:BlindingMist+1","potionbrewer:UnstableFormula+1","potionbrewer:QuickStep+1","potionbrewer:PrivateReserves","potionbrewer:Contingency"],"picked":"SKIP","floor":20},{"not_picked":["potionbrewer:Biohazard","potionbrewer:BalancedFormula+1","potionbrewer:Smokescreen","potionbrewer:TestSubject","potionbrewer:IronFist"],"picked":"SKIP","floor":23},{"not_picked":["potionbrewer:Experimentation","potionbrewer:VolatileSolution","potionbrewer:FlashPowder","potionbrewer:UnstableFormula","potionbrewer:ExothermicReaction+1"],"picked":"SKIP","floor":28},{"not_picked":["potionbrewer:TimeBomb","potionbrewer:Catalyze","potionbrewer:Smack","potionbrewer:VolatileSolution+1","potionbrewer:AcidCloud"],"picked":"SKIP","floor":30},{"not_picked":["potionbrewer:CausticBarrier","potionbrewer:Brandish","potionbrewer:ExplosiveReaction","potionbrewer:Refill","potionbrewer:FlareUp"],"picked":"SKIP","floor":31},{"not_picked":["potionbrewer:BrokenBeakers","potionbrewer:BeatDown","potionbrewer:AlchemistForm","potionbrewer:Accelerant","potionbrewer:Prototype"],"picked":"potionbrewer:SpecialFormula","floor":33},{"not_picked":["potionbrewer:Smokescreen","potionbrewer:Contingency+1","potionbrewer:Toxicity","potionbrewer:MicrobeSpray","potionbrewer:OneTwoPunch+1"],"picked":"SKIP","floor":35},{"not_picked":["potionbrewer:VolatileSolution","potionbrewer:Backhand","potionbrewer:FlareUp","potionbrewer:Biohazard+1","potionbrewer:LeftoverSpecimen"],"picked":"SKIP","floor":39},{"not_picked":["potionbrewer:FortifiedSerum+1","potionbrewer:TestFormula","potionbrewer:TimeBomb+1","potionbrewer:Shovel+1","potionbrewer:Biohazard"],"picked":"SKIP","floor":41},{"not_picked":["potionbrewer:LabAccident","potionbrewer:FlashPowder","potionbrewer:Contingency+1","potionbrewer:ExplosiveReaction","potionbrewer:ChemicalWeapons"],"picked":"SKIP","floor":46},{"not_picked":["potionbrewer:TestFormula+1","potionbrewer:VolatileSolution","potionbrewer:EmptyBottle","potionbrewer:FlashPowder+1","potionbrewer:Accelerant"],"picked":"SKIP","floor":47},{"not_picked":["potionbrewer:ChemicalShroud","potionbrewer:Biohazard","potionbrewer:QuickStep","potionbrewer:OneTwoPunch","potionbrewer:Discombobulate+1"],"picked":"SKIP","floor":48}],"player_experience":179528,"relics_obtained":[{"floor":1,"key":"SynthV:TestCard"},{"floor":2,"key":"reliquary:NewFriend"},{"floor":9,"key":"Shuriken"},{"floor":14,"key":"ThornShield"},{"floor":26,"key":"reliquary:FeatherDuster"},{"floor":27,"key":"jedi:shrinkray"},{"floor":31,"key":"StoneCalendar"},{"floor":31,"key":"PageOfBigBadWolf"},{"floor":43,"key":"Mercury Hourglass"},{"floor":44,"key":"PageOfOzma"},{"floor":46,"key":"Gremlin Horn"},{"floor":46,"key":"reliquary:SculptingSteel"},{"floor":48,"key":"MostiFishMod:Haymaker"},{"floor":48,"key":"PageOfSpiderBud"}],"event_choices":[{"damage_healed":0,"gold_gain":0,"player_choice":"Leave","damage_taken":0,"max_hp_gain":0,"max_hp_loss":0,"event_name":"The Cleric","floor":3,"gold_loss":0},{"damage_healed":0,"gold_gain":0,"cards_transformed":["potionbrewer:PotionbrewerStrike"],"player_choice":"Transformed","damage_taken":0,"max_hp_gain":0,"max_hp_loss":0,"event_name":"Transmorgrifier","floor":5,"gold_loss":0,"cards_obtained":["potionbrewer:Brandish"]},{"damage_healed":0,"gold_gain":0,"player_choice":"Gave Potion","damage_taken":0,"relics_obtained":["PageOfBigBird"],"max_hp_gain":0,"max_hp_loss":0,"event_name":"WeMeetAgain","floor":12,"gold_loss":0},{"damage_healed":0,"gold_gain":0,"player_choice":"Ignored","damage_taken":0,"max_hp_gain":0,"max_hp_loss":0,"event_name":"给自己的盒子","floor":21,"gold_loss":0},{"damage_healed":0,"gold_gain":0,"player_choice":"Ignored","damage_taken":0,"max_hp_gain":0,"max_hp_loss":0,"event_name":"Ghosts","floor":25,"gold_loss":0},{"damage_healed":0,"gold_gain":0,"player_choice":"Memory 1","damage_taken":0,"max_hp_gain":0,"max_hp_loss":0,"event_name":"SensoryStone","floor":36,"gold_loss":0},{"damage_healed":0,"gold_gain":0,"player_choice":"Copied","damage_taken":0,"max_hp_gain":0,"max_hp_loss":0,"event_name":"Duplicator","floor":38,"gold_loss":0,"cards_obtained":["Ryuuou:NotRegret"]}],"is_beta":false,"boss_relics":[{"not_picked":["Cursed Key","testmod-IncinerationGenerator"],"picked":"Black Star"},{"not_picked":["reliquary:KinkedSpring","energizedSpire:EnergizedDie"],"picked":"Philosopher\u0027s Stone"}],"items_purged_floors":[22,42,45,49],"is_endless":false,"potions_floor_spawned":[1,11,14,23,30,33,35,41],"ascension_level":0}}