{"host":"v4nyfngrgywi7zc6","time":1614325990,"event":{"mods":["2.2 Compatiblity","Act Like it!","BaseMod","Custom Start","Friendly Minions","Library of Ruina","Minty Spire (QoL Compilation)","Reliquary","Ruina","Shop Mod","StSLib"],"gold_per_floor":[114,114,114,114,125,125,151,151,176,176,203,215,230,247,247,349,349,369,387,387,414,414,446,462,462,462,477,477,487,497,497,497,599,599,618,632,467,467,479,496,506,606,606,619,638,638,671,684,684,684,684,684,249,280,280],"floor_reached":56,"language":"ENG","playtime":1881,"items_purged":["DegradedFairy","DegradedFairy"],"score":1213,"play_id":"45b3c951-78ca-469d-9132-9cb38f4ed85c","local_time":"20210226015310","is_ascension_mode":false,"campfire_choices":[{"data":"UnavoidableGaze","floor":6.0,"key":"SMITH"},{"floor":8.0,"key":"RECALL"},{"floor":10.0,"key":"REST"},{"data":"UnavoidableGaze","floor":15.0,"key":"SMITH"},{"data":"BackAttack","floor":32.0,"key":"SMITH"},{"floor":49.0,"key":"REST"},{"floor":52.0,"key":"REST"}],"circlet_count":0,"master_deck":["DegradedFairy","DegradedChain","DegradedChain","DegradedLock","DegradedPillar+1","DegradedPillar","DegradedShockwave","UnavoidableGaze+1","FrontalAssault","UnavoidableGaze+1","BackAttack+1","SomberProcuration","ruina:FadedMemories","Madness","Madness","Madness","UnavoidableGaze"],"relics":["PageOfLibrarian","Akabeko","reliquary:IridiumChain","Boot","reliquary:KinkedSpring","ruina:Goodbye","Happy Flower","StrikeDummy","PageOfUniverseFragment","PageOfHappyTeddyBear","Fusion Hammer","reliquary:BoilingFlask","Torii","Membership Card","PageOfScorchedGirl","CaptainsWheel"],"acts_visited":["Exordium","Exordium","TheBeyond","TheEnding"],"potions_floor_usage":[55,55],"damage_taken":[{"damage":0.0,"enemies":"2 Louse","floor":1.0,"turns":1.0},{"damage":0.0,"enemies":"Small Slimes","floor":5.0,"turns":1.0},{"damage":0.0,"enemies":"3 Sentries","floor":7.0,"turns":1.0},{"damage":0.0,"enemies":"Gremlin Nob","floor":11.0,"turns":2.0},{"damage":0.0,"enemies":"Cultist","floor":12.0,"turns":1.0},{"damage":0.0,"enemies":"Blue Slaver","floor":13.0,"turns":1.0},{"damage":0.0,"enemies":"Looter","floor":14.0,"turns":1.0},{"damage":6.0,"enemies":"The Guardian","floor":16.0,"turns":4.0},{"damage":0.0,"enemies":"ruina:3_Bats","floor":18.0,"turns":1.0},{"damage":0.0,"enemies":"ruina:Nosferatu","floor":19.0,"turns":2.0},{"damage":0.0,"enemies":"ruina:RoadHome","floor":23.0,"turns":1.0},{"damage":0.0,"enemies":"ruina:Woodsman","floor":24.0,"turns":2.0},{"damage":0.0,"enemies":"ruina:3_Scarecrows","floor":27.0,"turns":2.0},{"damage":0.0,"enemies":"ruina:QueenOfHate","floor":29.0,"turns":1.0},{"damage":0.0,"enemies":"ruina:KnightOfDespair","floor":30.0,"turns":1.0},{"damage":0.0,"enemies":"ruina:Ozma","floor":33.0,"turns":3.0},{"damage":0.0,"enemies":"3 Darklings","floor":35.0,"turns":1.0},{"damage":0.0,"enemies":"Orb Walker","floor":36.0,"turns":1.0},{"damage":0.0,"enemies":"Jaw Worm Horde","floor":39.0,"turns":1.0},{"damage":0.0,"enemies":"Writhing Mass","floor":40.0,"turns":1.0},{"damage":0.0,"enemies":"Spire Growth","floor":41.0,"turns":1.0},{"damage":0.0,"enemies":"Maw","floor":44.0,"turns":1.0},{"damage":0.0,"enemies":"4 Shapes","floor":45.0,"turns":1.0},{"damage":0.0,"enemies":"Giant Head","floor":47.0,"turns":3.0},{"damage":0.0,"enemies":"Jaw Worm Horde","floor":48.0,"turns":1.0},{"damage":0.0,"enemies":"Donu and Deca","floor":50.0,"turns":2.0},{"damage":0.0,"enemies":"Shield and Spear","floor":54.0,"turns":2.0},{"damage":16,"enemies":"The Heart","floor":55,"turns":5}],"seed_played":"-5827796937952910644","potions_obtained":[{"floor":5.0,"key":"SpeedPotion"},{"floor":7.0,"key":"Explosive Potion"},{"floor":19.0,"key":"FearPotion"},{"floor":23.0,"key":"DuplicationPotion"},{"floor":44.0,"key":"EntropicBrew"}],"is_trial":false,"path_per_floor":["M","?","?","?","M","R","E","R","T","R","E","M","M","M","R","B",null,"M","M","?","T","?","E","M","?","T","M","T","M","M","?","R","B",null,"M","M","$","?","M","M","M","?","T","M","M","?","E","M","R","B",null,"R","$","E","B",null],"character_chosen":"Librarian","items_purchased":["Madness","Membership Card","UnavoidableGaze","PageOfScorchedGirl","BlessingOfTheForge","CultistPotion"],"campfire_rested":3,"item_purchase_floors":[37,53,53,53,53,53],"current_hp_per_floor":[60,60,53,53,53,53,53,53,53,80,80,80,80,80,80,74,90,90,90,90,90,98,98,98,91,91,91,91,91,91,86,86,86,86,86,86,86,86,86,86,86,86,86,86,86,75,75,75,86,86,86,86,86,86,70],"gold":280,"neow_bonus":"UPGRADE_CARD","is_daily":false,"chose_seed":false,"campfire_upgraded":3,"win_rate":0.0,"timestamp":1614325990,"path_taken":["M","?","?","?","?","R","E","R","T","R","E","M","M","M","R","BOSS","M","M","?","?","?","E","M","?","T","?","?","M","M","?","R","BOSS","M","M","$","?","M","?","M","?","T","M","?","?","E","M","R","BOSS","R","$","E","BOSS"],"items_purchased_type":["Card","Relic","Card","Relic","Potion","Potion"],"build_version":"2020-12-22","purchased_purges":2,"victory":true,"max_hp_per_floor":[90,90,90,90,90,90,90,90,90,90,90,90,90,90,90,90,90,90,90,90,90,98,98,98,91,91,91,91,91,91,86,86,86,86,86,86,86,86,86,86,86,86,86,86,86,86,86,86,86,86,86,86,86,86,86],"card_choices":[{"not_picked":["Gigigig","LawAndOrder","PinpointShot","HandleRequest","SharpSwipe","DirtyBlow","HiddenBlade","EnergyStrike"],"picked":"UnavoidableGaze","floor":1.0},{"not_picked":["ShockingBlow","Leap_lor","DaringDecision","AlloutWar","Overcharge","SinglePointStab","MultiBlock","SkitterAway"],"picked":"FrontalAssault","floor":5.0},{"not_picked":["Standoff","FeatherShield","RhinoRam","ExtractFuel","Observe","Preparation","FierceCharge","AlloutWar","FleetFootsteps"],"picked":"SKIP","floor":7.0},{"not_picked":["SmokingPipe","TimeForALittleTest","FierceCharge","SturdyDefense","Gigigig","Multislash","Disposal","Parry2","Faith"],"picked":"SKIP","floor":11.0},{"not_picked":["Preparation","StrongStrike","QuickAttack","PinpointShot","SunsetBlade","Reload","ElectricShock","EnergyShield","ExtractFuel"],"picked":"SKIP","floor":12.0},{"not_picked":["DarkCloud","Standoff","TasteMyFlamingBat","MultiBlock","CookingPrep","HighKick","Execute_lor","Overcharge"],"picked":"UnavoidableGaze","floor":13.0},{"not_picked":["Multislash","AssaultOrder","MultiBlock","FervidEmotions","EnergyStrike","EnergyBeam","SmokingPipe","ExtractFuel"],"picked":"BackAttack","floor":14.0},{"not_picked":["NightInTheBackstreets","FleetFootsteps+1","ViolentFlame","SearingSword+1","EnergyCycle","Crush+1","SerpentSwordTechnique","UnavoidableGaze"],"picked":"SomberProcuration","floor":18.0},{"not_picked":["Wallop_lor+1","Rewind+1","Standoff","CoordinatedAssault+1","FrontalAssault","Parry2","GuidanceOfTheGears","YoureAHindrance","VioletBlade"],"picked":"SKIP","floor":19.0},{"not_picked":["Faith","WillBeTasty","FeelinGood","FormingStorm","PreemptiveStrike+1","SmokingPipe+1","Reload","UnavoidableGaze","GreatSerpentsImpact"],"picked":"SKIP","floor":23.0},{"not_picked":["KeepItFresh","NightInTheBackstreets","BiAn","Outburst","DarkCloud+1","CookingPrep","ViolentFlame","SpearedSweep","FrontalAssault"],"picked":"SKIP","floor":24.0},{"not_picked":["ruina:SwordSharpened","ruina:CobaltScar","ruina:HomingInstinct","ruina:Lumber","ruina:Nihil","ruina:GoldRush","ruina:CrimsonScar","ruina:Thirst"],"picked":"ruina:FadedMemories","floor":25.0},{"not_picked":["AutomatedMovement","FleetEdge","StrongStrike","Mutilate","OpportunitySpotted","BurningFlash","Struggle","ChiWen","ButterflySlash"],"picked":"SKIP","floor":27.0},{"not_picked":["SpearedSweep+1","Parry","ScratchThat","WillOfThePrescript","BackAttack","StrikeDown","QuickSuppression","Crush","Brawl+1"],"picked":"SKIP","floor":29.0},{"not_picked":["TendonChords","RhinoRam","AGoldenOpportunity","ShockRound","Leap_lor","StructuralAnalysis","EnergyCycle","Outburst","ShockingBlow+1"],"picked":"SKIP","floor":30.0},{"not_picked":["Quickness+1","MultiHit","HiddenBlade","SuppressingShot","BiAn","ShockingBlow","FlashingStrike","PinpointShot+1","VioletBlade+1"],"picked":"SKIP","floor":35.0},{"not_picked":["SerpentSwordTechnique","Outburst","Diversion+1","DimensionalRift","SnakesPrey+1","Pound","DesperateStruggle","SharpSwipe+1","Reload+1"],"picked":"SKIP","floor":36.0},{"not_picked":["TrashDisposal","Diversion+1","AutonomousRush+1","EnergyShield","BladeWhirl+1","DarkCloud","Feast","HighKick+1","AsThePrescriptOrders"],"picked":"SKIP","floor":39.0},{"not_picked":["SuppressingShot+1","TheRedNotes+1","ShockRound+1","DesperateStruggle","UndertakePrescript+1","Track+1","HardRehearsal","JiaoTu","YoureAHindrance+1"],"picked":"SKIP","floor":40.0},{"not_picked":["BurningFlash","Gamble","SnakesPrey+1","Unlock1+1","ViolentFlame+1","MultiHit","DimensionalRift+1","SharpSwipe+1","BiAn"],"picked":"SKIP","floor":41.0},{"not_picked":["Pound","LoosenUp+1","UpbeatPerformance","GrazeTheGrass+1","Reload+1","MindCrush","FrontalAssault","TraceOfFumes+1","AsThePrescriptOrders+1"],"picked":"SKIP","floor":44.0},{"not_picked":["EnergyShield+1","QuickAttack+1","MultiHit","Thirst","HandleRequest+1","EndlessBattle+1","HighSpeedStabbing","SpearedSweep","Gigigig+1"],"picked":"SKIP","floor":45.0},{"not_picked":["Crush","MultiBlock+1","GutHarvesting","QuickSuppression","PreemptiveStrike+1","Multislash","SunsetBlade+1","SpearedSweep","TraceOfFumes+1"],"picked":"SKIP","floor":47.0},{"not_picked":["EnergyCycle+1","HandleRequest+1","SnakesPrey+1","ExtractFuel","Creak","BiAn+1","SpearedSweep","CoordinatedAssault+1","FrontalAssault"],"picked":"SKIP","floor":48.0},{"not_picked":["Quickness+1","Overcharge+1","SinglePointStab","Struggle+1","Thrust","Reload+1","BiteOff","Multislash+1","UncannyStrike+1"],"picked":"SKIP","floor":54.0}],"player_experience":223059,"relics_obtained":[{"floor":7.0,"key":"reliquary:IridiumChain"},{"floor":11.0,"key":"Boot"},{"floor":21.0,"key":"Happy Flower"},{"floor":23.0,"key":"StrikeDummy"},{"floor":26.0,"key":"PageOfUniverseFragment"},{"floor":28.0,"key":"PageOfHappyTeddyBear"},{"floor":43.0,"key":"reliquary:BoilingFlask"},{"floor":47.0,"key":"Torii"},{"floor":54.0,"key":"CaptainsWheel"}],"event_choices":[{"damage_healed":0.0,"max_hp_gain":0.0,"max_hp_loss":0.0,"gold_gain":0.0,"event_name":"Big Fish","player_choice":"Box","floor":2.0,"gold_loss":0.0,"damage_taken":0.0,"relics_obtained":["Akabeko"],"cards_obtained":["Regret"]},{"cards_removed":["Regret"],"damage_healed":0.0,"max_hp_gain":0.0,"max_hp_loss":0.0,"gold_gain":0.0,"event_name":"Golden Wing","player_choice":"Card Removal","floor":3.0,"gold_loss":0.0,"damage_taken":7.0},{"damage_healed":0.0,"max_hp_gain":0.0,"max_hp_loss":0.0,"gold_gain":0.0,"event_name":"NoteForYourself","player_choice":"Ignored","floor":4.0,"gold_loss":0.0,"damage_taken":0.0},{"damage_healed":0.0,"max_hp_gain":0.0,"max_hp_loss":0.0,"gold_gain":0.0,"event_name":"Transmorgrifier","player_choice":"Ignored","floor":38.0,"gold_loss":0.0,"damage_taken":0.0},{"damage_healed":0.0,"max_hp_gain":0.0,"max_hp_loss":0.0,"gold_gain":100.0,"event_name":"Golden Shrine","player_choice":"Pray","floor":42.0,"gold_loss":0.0,"damage_taken":0.0},{"damage_healed":0.0,"max_hp_gain":0.0,"max_hp_loss":0.0,"gold_gain":0.0,"event_name":"Winding Halls","player_choice":"Embrace Madness","floor":46.0,"gold_loss":0.0,"damage_taken":11.0,"cards_obtained":["Madness","Madness"]}],"is_beta":false,"boss_relics":[{"not_picked":["Empty Cage","Runic Pyramid"],"picked":"reliquary:KinkedSpring"},{"not_picked":["Coffee Dripper","Cursed Key"],"picked":"Fusion Hammer"}],"items_purged_floors":[37,53],"is_endless":false,"potions_floor_spawned":[5,7,19,23,24,29,33,39,41,44],"ascension_level":0}}