{"host":"qcf259yvvmr1jh6w","time":1614360819,"event":{"mods":["AchievementEnabler","Always Whale","BaseMod","BetterRewards","Colored Map","Downfall","Energized Spire","Hubris","Infinite Spire","Jorbs\u0027s Wanderer Trilogy","Minty Spire (QoL Compilation)","Quick Restart","Relic Sorter","Replay The Spire","Shop Mod","StSLib","SuperFastMode"],"gold_per_floor":[112,126,226,226,243,274,274,82,152,152,152,53,53,66,66,163,163,183,99,99,113,113,113],"floor_reached":22,"language":"ENG","playtime":1266,"items_purged":["downfall:Haunted","downfall:Haunted"],"score":259,"play_id":"0cac3955-ce4e-4091-8398-10dc071ba6ac","local_time":"20210226183339","is_ascension_mode":false,"campfire_choices":[{"floor":7,"key":"REST"},{"data":"Zap","floor":10,"key":"SMITH"},{"data":"Defragment","floor":13,"key":"SMITH"},{"floor":15,"key":"REST"}],"circlet_count":0,"master_deck":["Strike_B","Strike_B","Strike_B","Strike_B","Defend_B","Defend_B","Defend_B","Defend_B","Zap+1","Dualcast","ReplayTheSpireMod:Calculation Training","Aggregate","stsjorbsmod:Amnesia","Shame","Thunder Strike","Compile Driver","Ball Lightning","hubris:SpecializedCircuitry","hubris:SpecializedCircuitry","Defragment+1","Specialist","Sadistic Nature","BootSequence","Ball Lightning","ReplayRNGCard","Ball Lightning","Ball Lightning"],"relics":["Cracked Core","NeowsBlessing","Darkstone Periapt","Mummified Hand","hubris:64BitClover","Bottled Tornado","hubris:Towel","BargainBundle","hubris:Backtick","The Courier"],"acts_visited":["Exordium","TheCity"],"potions_floor_usage":[16,16,16,16],"damage_taken":[{"damage":0,"enemies":"2 Louse","floor":1,"turns":1},{"damage":0,"enemies":"Jaw Worm","floor":2,"turns":1},{"damage":0,"enemies":"Cultist","floor":5,"turns":1},{"damage":56,"enemies":"3 Sentries","floor":6,"turns":9},{"damage":10,"enemies":"Red Slaver","floor":14,"turns":4},{"damage":69,"enemies":"The Guardian","floor":16,"turns":9},{"damage":33,"enemies":"3 Byrds","floor":18,"turns":5},{"damage":21,"enemies":"Chosen","floor":19,"turns":5},{"damage":52,"enemies":"3 Cultists","floor":21,"turns":5},{"damage":9,"enemies":"Centurion and Healer","floor":22,"turns":2}],"seed_played":"-1634525965845386858","potions_obtained":[{"floor":2,"key":"Block Potion"},{"floor":14,"key":"Slimebound:ThreeZeroPotion"},{"floor":16,"key":"hexamod:SoulburnPotion"},{"floor":21,"key":"SneckoOil"}],"is_trial":false,"path_per_floor":["M","M","?","T","M","E","R","$","T","R","?","$","R","M","R","B",null,"M","M","$","M","M"],"character_chosen":"DEFECT","items_purchased":["hubris:SpecializedCircuitry","BargainBundle","Defragment","Specialist","Sadistic Nature","EssenceOfSteel","sneckomod:MuddlingPotion","BootSequence"],"campfire_rested":2,"item_purchase_floors":[8,12,12,12,12,12,12,12],"current_hp_per_floor":[75,75,110,110,110,54,87,87,87,87,87,87,87,77,110,41,110,77,56,56,4,0,0],"gold":113,"neow_bonus":"THREE_ENEMY_KILL","is_daily":false,"chose_seed":false,"campfire_upgraded":2,"win_rate":0.0,"timestamp":1614360819,"path_taken":["M","M","?","?","?","E","R","?","T","R","?","$","R","M","R","BOSS","M","M","$","M","M"],"items_purchased_type":["Card","Relic","Card","Card","Card","Potion","Potion","Card"],"build_version":"2020-12-22","purchased_purges":2,"victory":false,"max_hp_per_floor":[75,75,110,110,110,110,110,110,110,110,110,110,110,110,110,110,110,110,110,110,110,110,110],"card_choices":[{"not_picked":["Sweeping Beam","Barrage"],"picked":"ReplayTheSpireMod:Calculation Training","floor":1},{"not_picked":["Go for the Eyes","Streamline"],"picked":"Aggregate","floor":2},{"not_picked":["Steam","Coolheaded"],"picked":"Compile Driver","floor":5},{"not_picked":["Lockon","Barrage"],"picked":"Ball Lightning","floor":6},{"not_picked":["Go for the Eyes","ReplayTheSpireMod:GoodbyeWorld"],"picked":"Ball Lightning","floor":14},{"not_picked":["Seek","hubris:Prefetch"],"picked":"ReplayRNGCard","floor":16},{"not_picked":["Streamline","Darkness","FTL+1"],"picked":"SKIP","floor":18},{"not_picked":["Time Bomb+1","ReplaySort"],"picked":"Ball Lightning","floor":19},{"not_picked":["Stack","Rebound"],"picked":"Ball Lightning","floor":21}],"player_experience":135516,"relics_obtained":[{"floor":4,"key":"Mummified Hand"},{"floor":6,"key":"hubris:64BitClover"},{"floor":9,"key":"Bottled Tornado"}],"event_choices":[],"is_beta":false,"boss_relics":[{"not_picked":["Ectoplasm","Ring of Chaos"],"picked":"hubris:Backtick"}],"items_purged_floors":[8,12],"is_endless":false,"potions_floor_spawned":[2,14,16,21],"killed_by":"Centurion and Healer","ascension_level":0}}