{"host":"8piv3t5bmy3h6dgk","time":1614299120,"event":{"mods":["AchievementEnabler","Astrologer","Bard","BaseMod","Better Altar","Better Match","BetterRewards","Colored Map","Colored Powertips","Faster Ascension Climbing","Gold Saver","Hermit","Minty Spire (QoL Compilation)","Remove Card Discount Mod","StSLib","The Disciple","The Hierophant","The Marked","The Necromancer","The Problem Sleuth","The Valiant","The Wild Card"],"gold_per_floor":[910,929,943,960,972,606,606,620,645,679,235,303,335,335,335,430,430,443,443,301,320,339,371,371,80,150,164,190,203,302,337,337,438,438,457,507,217,237,257,257,257,257,257,276,276,276,306,0,0,0],"floor_reached":51,"language":"ENG","playtime":1788,"items_purged":["Defend_R","Defend_R","Defend_R","Defend_R"],"score":1070,"play_id":"b82d03bf-e6b7-4fe9-a88d-f4eb918b2302","local_time":"20210225192520","is_ascension_mode":false,"campfire_choices":[{"data":"Inflame","floor":7,"key":"SMITH"},{"data":"Heavy Blade","floor":15,"key":"SMITH"},{"data":"Double Tap","floor":24,"key":"SMITH"},{"data":"Flex","floor":32,"key":"SMITH"},{"data":"Limit Break","floor":40,"key":"SMITH"},{"data":"Flex","floor":46,"key":"SMITH"},{"data":"Flex","floor":49,"key":"SMITH"}],"circlet_count":0,"master_deck":["Strike_R+1","Strike_R","Strike_R","Strike_R","Strike_R","Bash+1","Searing Blow","Inflame+1","Whirlwind","Thunderclap","Whirlwind","Flex+1","Clash","Heavy Blade+1","Double Tap+1","Heavy Blade","Flex+1","Clash","Feed","Flex+1","Limit Break+1"],"relics":["Black Blood","Bag of Marbles","Paper Frog","Pen Nib","Pear","Juzu Bracelet","Ginger","Lee\u0027s Waffle","Pantograph","Potion Belt","Eternal Feather","Dream Catcher","Mummified Hand","Bottled Lightning","Torii","FossilizedHelix","Philosopher\u0027s Stone","Unceasing Top","Whetstone","Orichalcum","White Beast Statue","Anchor","Happy Flower","Strawberry","Toolbox"],"acts_visited":["Exordium","TheCity","TheBeyond"],"potions_floor_usage":[4,28,28,33,33,36,50,50,50,50,50],"damage_taken":[{"damage":0,"enemies":"Cultist","floor":1,"turns":2},{"damage":0,"enemies":"2 Louse","floor":2,"turns":1},{"damage":11,"enemies":"Jaw Worm","floor":3,"turns":3},{"damage":0,"enemies":"Large Slime","floor":4,"turns":3},{"damage":9,"enemies":"2 Fungi Beasts","floor":5,"turns":2},{"damage":0,"enemies":"Exordium Wildlife","floor":8,"turns":1},{"damage":16,"enemies":"Gremlin Nob","floor":10,"turns":3},{"damage":36,"enemies":"Lagavulin","floor":13,"turns":4},{"damage":40,"enemies":"The Guardian","floor":16,"turns":5},{"damage":12,"enemies":"Shell Parasite","floor":18,"turns":2},{"damage":10,"enemies":"Spheric Guardian","floor":21,"turns":3},{"damage":21,"enemies":"Snake Plant","floor":22,"turns":2},{"damage":55,"enemies":"Slavers","floor":23,"turns":4},{"damage":0,"enemies":"Snecko","floor":27,"turns":2},{"damage":51,"enemies":"Book of Stabbing","floor":28,"turns":4},{"damage":12,"enemies":"Centurion and Healer","floor":29,"turns":3},{"damage":12,"enemies":"Slavers","floor":31,"turns":2},{"damage":10,"enemies":"Automaton","floor":33,"turns":5},{"damage":6,"enemies":"3 Shapes","floor":35,"turns":1},{"damage":12,"enemies":"Mind Bloom Boss Battle","floor":36,"turns":2},{"damage":0,"enemies":"Orb Walker","floor":38,"turns":1},{"damage":23,"enemies":"Spire Growth","floor":39,"turns":3},{"damage":0,"enemies":"Jaw Worm Horde","floor":44,"turns":2},{"damage":8,"enemies":"Giant Head","floor":47,"turns":5},{"damage":66,"enemies":"Awakened One","floor":50,"turns":6}],"seed_played":"21993339194147790","potions_obtained":[{"floor":2,"key":"DistilledChaos"},{"floor":3,"key":"BloodPotion"},{"floor":8,"key":"GamblersBrew"},{"floor":16,"key":"EssenceOfSteel"},{"floor":23,"key":"Block Potion"},{"floor":28,"key":"BloodPotion"},{"floor":29,"key":"BlessingOfTheForge"},{"floor":31,"key":"SkillPotion"},{"floor":36,"key":"Swift Potion"},{"floor":38,"key":"DuplicationPotion"},{"floor":39,"key":"EssenceOfSteel"},{"floor":44,"key":"PowerPotion"}],"is_trial":false,"path_per_floor":["M","M","M","M","M","$","R","M","T","E","$","?","E","T","R","B",null,"M","?","$","M","M","E","R","$","T","M","E","M","?","E","R","B",null,"M","?","$","M","M","R","?","T","T","M","?","R","E","$","R","B",null],"character_chosen":"IRONCLAD","items_purchased":["Bag of Marbles","Searing Blow","Inflame","Paper Frog","Pen Nib","Whirlwind","Pear","Clash","Swift Potion","Heavy Blade","Lee\u0027s Waffle","Pantograph","Double Tap","Mummified Hand","Flex","Whetstone","Orichalcum","Strawberry","Toolbox"],"campfire_rested":0,"item_purchase_floors":[0,0,0,0,0,0,6,6,6,11,11,11,20,25,25,37,37,48,48],"current_hp_per_floor":[80,80,75,80,77,87,87,90,90,80,97,97,67,67,73,63,97,97,97,97,97,88,45,54,54,54,66,65,65,65,65,74,97,97,97,100,100,100,89,100,100,100,100,100,100,100,100,107,107,56],"gold":0,"neow_bonus":"","is_daily":false,"chose_seed":false,"campfire_upgraded":7,"win_rate":0.0,"timestamp":1614299120,"path_taken":["M","M","M","M","M","$","R","?","T","E","$","?","E","?","R","BOSS","M","?","$","M","M","E","R","$","T","M","E","M","?","E","R","BOSS","M","?","$","M","M","R","?","?","T","M","?","R","E","$","R","BOSS"],"items_purchased_type":["Relic","Card","Card","Relic","Relic","Card","Relic","Card","Potion","Card","Relic","Relic","Card","Relic","Card","Relic","Relic","Relic","Relic"],"build_version":"2020-12-22","purchased_purges":4,"victory":true,"max_hp_per_floor":[80,80,80,80,80,90,90,90,90,90,97,97,97,97,97,97,97,97,97,97,97,97,97,97,97,97,97,97,97,97,97,97,97,97,97,100,100,100,100,100,100,100,100,100,100,100,100,107,107,110],"card_choices":[{"not_picked":["Wild Strike","Infernal Blade"],"picked":"Thunderclap","floor":1},{"not_picked":["Headbutt","Iron Wave","Clothesline"],"picked":"SKIP","floor":2},{"not_picked":["True Grit","Wild Strike"],"picked":"Whirlwind","floor":3},{"not_picked":["Twin Strike","Power Through"],"picked":"Flex","floor":4},{"not_picked":["Headbutt","Reckless Charge","Sword Boomerang"],"picked":"SKIP","floor":5},{"not_picked":["Flame Barrier","Pummel","Body Slam"],"picked":"SKIP","floor":8},{"not_picked":["True Grit","Carnage","Battle Trance"],"picked":"SKIP","floor":10},{"not_picked":["Brutality","Entrench","Bloodletting"],"picked":"SKIP","floor":13},{"not_picked":["Bloodletting","Thunderclap","Body Slam+1"],"picked":"SKIP","floor":18},{"not_picked":["Clothesline","Body Slam+1","Feel No Pain"],"picked":"SKIP","floor":21},{"not_picked":["Perfected Strike+1","Disarm","Anger"],"picked":"SKIP","floor":22},{"not_picked":["Pummel","Blood for Blood"],"picked":"Heavy Blade","floor":23},{"not_picked":["Bloodletting","Brutality","Carnage+1"],"picked":"SKIP","floor":27},{"not_picked":["Body Slam","Sever Soul+1","Perfected Strike"],"picked":"SKIP","floor":28},{"not_picked":["Havoc+1","Burning Pact"],"picked":"Clash","floor":29},{"not_picked":["Battle Trance","Seeing Red","Entrench"],"picked":"SKIP","floor":31},{"not_picked":["Reaper","Bludgeon"],"picked":"Feed","floor":33},{"not_picked":["True Grit","Sever Soul","Shrug It Off+1"],"picked":"SKIP","floor":35},{"not_picked":["Flame Barrier+1","Armaments"],"picked":"Flex","floor":38},{"not_picked":["True Grit","Armaments"],"picked":"Limit Break","floor":39},{"not_picked":["Warcry+1","Iron Wave+1","Wild Strike+1"],"picked":"SKIP","floor":44},{"not_picked":["Rupture","Iron Wave+1","Armaments"],"picked":"SKIP","floor":47}],"player_experience":161552,"relics_obtained":[{"floor":9,"key":"Juzu Bracelet"},{"floor":10,"key":"Ginger"},{"floor":13,"key":"Potion Belt"},{"floor":14,"key":"Eternal Feather"},{"floor":23,"key":"Dream Catcher"},{"floor":26,"key":"Bottled Lightning"},{"floor":28,"key":"Torii"},{"floor":31,"key":"FossilizedHelix"},{"floor":36,"key":"Unceasing Top"},{"floor":42,"key":"White Beast Statue"},{"floor":43,"key":"Anchor"},{"floor":47,"key":"Happy Flower"}],"event_choices":[{"damage_healed":0,"gold_gain":68,"player_choice":"Gained Gold","damage_taken":0,"max_hp_gain":0,"max_hp_loss":0,"event_name":"Golden Wing","floor":12,"gold_loss":0},{"damage_healed":0,"gold_gain":0,"player_choice":"Ignored","damage_taken":0,"max_hp_gain":0,"max_hp_loss":0,"event_name":"Ghosts","floor":19,"gold_loss":0},{"damage_healed":0,"gold_gain":99,"player_choice":"Stole From Cult","damage_taken":0,"max_hp_gain":0,"max_hp_loss":0,"event_name":"Nest","floor":30,"gold_loss":0},{"damage_healed":0,"gold_gain":0,"player_choice":"Fight","damage_taken":0,"max_hp_gain":0,"max_hp_loss":0,"event_name":"MindBloom","floor":36,"gold_loss":0},{"damage_healed":0,"gold_gain":0,"player_choice":"Ignored","damage_taken":0,"max_hp_gain":0,"max_hp_loss":0,"event_name":"NoteForYourself","floor":45,"gold_loss":0}],"is_beta":false,"boss_relics":[{"not_picked":["SacredBark","Busted Crown"],"picked":"Black Blood"},{"not_picked":["SlaversCollar","Empty Cage"],"picked":"Philosopher\u0027s Stone"}],"items_purged_floors":[0,0,0,0],"is_endless":false,"potions_floor_spawned":[2,3,8,16,23,28,29,31,36,38,39,44,47],"ascension_level":0}}