{"host":"76n1didplu2laqh4","time":1614341636,"event":{"mods":["BaseMod","Downfall","Good Game Mod","Marisa£®ÏF”Í°°ƒß¿Ì…≥£©","Minty Spire (QoL Compilation)","Prisma Mod","Quick Restart","READ ME - Guardian Mod","Replay The Spire","Shop Mod","StSLib","The Hierophant","The Senshi","The Servant 0.9.4","UnlockEverythingMod","Youmu£®ªÍ∆«—˝√Œ£©","Yuri Mod"],"gold_per_floor":[115,115,131,131,20,20,53,77,77,115,115,138,138,154,154,154,154],"floor_reached":16,"language":"ZHS","playtime":473,"items_purged":["PrismaMod:ChloeCommonDefend"],"score":135,"play_id":"1bcc0316-f336-4184-9542-2d03cca6515b","local_time":"20210226201356","is_ascension_mode":false,"campfire_choices":[{"floor":6,"key":"RECALL"},{"data":"1","floor":13,"key":"LIFT"},{"data":"2","floor":15,"key":"LIFT"}],"circlet_count":0,"master_deck":["PrismaMod:ChloeCommonAttack","PrismaMod:ChloeCommonAttack","PrismaMod:ChloeCommonAttack","PrismaMod:ChloeCommonAttack","PrismaMod:ChloeCommonDefend","PrismaMod:ChloeCommonDefend","PrismaMod:ChloeCommonDefend","PrismaMod:ChloeCommonDefend","PrismaMod:ChloeCheapAttack","PrismaMod:ChloeCheapDefend","Juggernaut","PrismaMod:ChloeExcalibur","PrismaMod:ChloeGaeBolg","PrismaMod:ChloeRhongomyniad","PrismaMod:ChloeCommonAOEAttack","PrismaMod:ChloeCheapDefend","PrismaMod:ChloeRitsuka","Pain","PrismaMod:ChloeExhaustOne","PrismaMod:ChloeCommonAOEAttack"],"relics":["PrismaMod:PrismaTraceOn","REME:ComplimentaryCards","NeowsBlessing","Golden Idol","Girya","Incense Burner","Smiling Mask","WarpedTongs"],"acts_visited":["Exordium"],"potions_floor_usage":[16,16,16],"damage_taken":[{"damage":0,"enemies":"Jaw Worm","floor":1,"turns":1},{"damage":0,"enemies":"2 Louse","floor":3,"turns":1},{"damage":0,"enemies":"Lagavulin","floor":7,"turns":1},{"damage":4,"enemies":"Cultist","floor":8,"turns":3},{"damage":10,"enemies":"Gremlin Nob","floor":10,"turns":4},{"damage":11,"enemies":"Looter","floor":12,"turns":4},{"damage":2,"enemies":"Exordium Wildlife","floor":14,"turns":3},{"damage":41,"enemies":"Slime Boss","floor":16,"turns":5}],"seed_played":"-8180023468988058016","potions_obtained":[{"floor":7,"key":"Strength Potion"},{"floor":10,"key":"Adrenaline Potion"},{"floor":14,"key":"GamblersBrew"}],"is_trial":false,"path_per_floor":["M","?","M","?","$","R","E","M","T","E","?","M","R","M","R","B"],"character_chosen":"CHLOE","items_purchased":["PrismaMod:ChloeRhongomyniad"],"campfire_rested":0,"item_purchase_floors":[5],"current_hp_per_floor":[75,68,68,68,68,68,68,64,64,54,54,43,43,41,41,0,0],"gold":154,"neow_bonus":"THREE_ENEMY_KILL","is_daily":false,"chose_seed":false,"campfire_upgraded":0,"win_rate":0.0,"timestamp":1614341636,"path_taken":["M","?","M","?","$","R","E","M","T","E","?","?","R","M","R","BOSS"],"items_purchased_type":["Card"],"build_version":"2020-12-22","purchased_purges":1,"victory":false,"max_hp_per_floor":[75,75,75,69,69,69,69,69,69,69,69,69,69,69,69,69,69],"card_choices":[{"not_picked":["PrismaMod:ChloeBetterTracePools","PrismaMod:ChloeCheapAttackTwo"],"picked":"PrismaMod:ChloeExcalibur","floor":1},{"not_picked":["PrismaMod:ChloeCheapAttackTwo","PrismaMod:ChloeExhaustTwo"],"picked":"PrismaMod:ChloeGaeBolg","floor":3},{"not_picked":["PrismaMod:ChloeMordred","PrismaMod:ChloeCheapDefend"],"picked":"PrismaMod:ChloeCommonAOEAttack","floor":7},{"not_picked":["PrismaMod:ChloeChristmas","PrismaMod:ChloeMaid"],"picked":"PrismaMod:ChloeCheapDefend","floor":8},{"not_picked":["PrismaMod:ChloeDemonicTutor","PrismaMod:ChloeCheapAttackTwo"],"picked":"PrismaMod:ChloeRitsuka","floor":10},{"not_picked":["PrismaMod:ChloeCheapDefend","PrismaMod:ChloeDiscardRecovery"],"picked":"PrismaMod:ChloeExhaustOne","floor":12},{"not_picked":["PrismaMod:ChloeMordred","PrismaMod:ChloeCheapAttackTwo"],"picked":"PrismaMod:ChloeCommonAOEAttack","floor":14}],"player_experience":261685,"relics_obtained":[{"floor":7,"key":"Girya"},{"floor":9,"key":"Incense Burner"},{"floor":10,"key":"Smiling Mask"}],"event_choices":[{"cards_removed":["PrismaMod:ChloeCommonAttack"],"damage_healed":0,"gold_gain":0,"player_choice":"Card Removal","damage_taken":7,"max_hp_gain":0,"max_hp_loss":0,"event_name":"Golden Wing","floor":2,"gold_loss":0},{"damage_healed":0,"gold_gain":0,"player_choice":"Lose Max HP","damage_taken":0,"relics_obtained":["Golden Idol"],"max_hp_gain":0,"max_hp_loss":6,"event_name":"Golden Idol","floor":4,"gold_loss":0},{"damage_healed":0,"gold_gain":0,"player_choice":"Rummage","damage_taken":0,"relics_obtained":["WarpedTongs"],"max_hp_gain":0,"max_hp_loss":0,"event_name":"Accursed Blacksmith","floor":11,"gold_loss":0,"cards_obtained":["Pain"]}],"is_beta":false,"boss_relics":[],"items_purged_floors":[5],"is_endless":false,"potions_floor_spawned":[7,10,14],"killed_by":"Slime Boss","ascension_level":0}}