{"host":"z439itq93uucuvou","time":1614318542,"event":{"mods":["BaseMod","Colored Powertips","Downfall","Jorbs\u0027s Wanderer Trilogy","Minty Spire (QoL Compilation)","StSLib"],"gold_per_floor":[99,115,128,145,165,165,191,204,219,219,238,238,252,281,301,401,401,401,418,143,143,159,159,159,194,194,226,226,252,252,252,267,267,267,267],"floor_reached":33,"language":"ENG","playtime":1980,"items_purged":["bronze:Strike"],"score":324,"play_id":"1614bac3-23ec-4938-ab2e-ab7792f58e9b","local_time":"20210225214902","is_ascension_mode":true,"campfire_choices":[{"data":"bronze:Goto","floor":1.0,"key":"SMITH"},{"data":"bronze:Boost","floor":6.0,"key":"SMITH"},{"data":"bronze:Repulsor","floor":10.0,"key":"SMITH"},{"data":"bronze:AlphaBuild","floor":12.0,"key":"SMITH"},{"data":"bronze:Shell","floor":18.0,"key":"SMITH"},{"data":"bronze:FineTuning","floor":23,"key":"SMITH"},{"floor":30,"key":"REST"}],"circlet_count":0,"master_deck":["bronze:Defend","bronze:Defend","bronze:Defend","bronze:Defend","bronze:Replicate","bronze:Goto+1","bronze:MaxOutput","bronze:Repair","bronze:Boost+1","bronze:ChosenStrike","bronze:Frontload","bronze:Repulsor+1","bronze:AlphaBuild+1","bronze:Philosophize","bronze:GetLatest","bronze:Shell+1","bronze:BurnOut","bronze:Frontload+1","bronze:FineTuning+1","expansioncontent:DashGenerateEvil","Slimebound:Tackle+1","Slimebound:Tackle+1","Slimebound:Tackle+1","bronze:CleanCode","bronze:Terminator+1","bronze:SpaghettiCode","downfall:Bewildered","bronze:Invalidate+1","bronze:ForLoop"],"relics":["bronze:BronzeCore","Bronze Scales","hexamod:BolsterEngine","Philosopher\u0027s Stone","Prayer Wheel","Potion Belt","hexamod:Sixitude","sneckomod:BabySnecko","Juzu Bracelet"],"acts_visited":["Exordium","TheCity"],"potions_floor_usage":[25,33],"damage_taken":[{"damage":1.0,"enemies":"Cultist","floor":2.0,"turns":3.0},{"damage":2.0,"enemies":"2 Louse","floor":3.0,"turns":3.0},{"damage":1.0,"enemies":"Jaw Worm","floor":4.0,"turns":6.0},{"damage":2.0,"enemies":"Blue Slaver","floor":5.0,"turns":5.0},{"damage":6.0,"enemies":"Large Slime","floor":8.0,"turns":6.0},{"damage":10.0,"enemies":"Red Slaver","floor":9.0,"turns":4.0},{"damage":4.0,"enemies":"downfall:LooterAlt","floor":11.0,"turns":5.0},{"damage":5.0,"enemies":"Gremlin Gang","floor":13.0,"turns":5.0},{"damage":30.0,"enemies":"Lagavulin","floor":14.0,"turns":7.0},{"damage":2.0,"enemies":"Exordium Thugs","floor":15.0,"turns":5.0},{"damage":38.0,"enemies":"DF_ARCHETYPE_STREAMLINE","floor":16.0,"turns":8.0},{"damage":0,"enemies":"Shell Parasite","floor":19,"turns":2},{"damage":5,"enemies":"downfall:FleeingMerchant","floor":20,"turns":4},{"damage":6,"enemies":"Chosen","floor":22,"turns":5},{"damage":16,"enemies":"Gremlin Leader","floor":25,"turns":7},{"damage":25,"enemies":"Slavers","floor":27,"turns":4},{"damage":17,"enemies":"Gremlin Leader","floor":29,"turns":7},{"damage":9,"enemies":"Sentry and Sphere","floor":32,"turns":6},{"damage":57,"enemies":"SI_MIRROR_ARCHETYPE","floor":33,"turns":8}],"seed_played":"5618072167857238083","potions_obtained":[{"floor":3.0,"key":"bronze:CleanCodePotion"},{"floor":5.0,"key":"LiquidBronze"},{"floor":8.0,"key":"Weak Potion"},{"floor":19,"key":"BlessingOfTheForge"},{"floor":22,"key":"bronze:FreeFunctionsPotion"},{"floor":25,"key":"Block Potion"},{"floor":29,"key":"hexamod:SoulburnPotion"},{"floor":31,"key":"bronze:FreeFunctionsPotion"}],"is_trial":false,"path_per_floor":["R","M","M","M","M","R","T","M","M","R","M","R","M","E","M","B",null,"R","M","$","?","M","R","T","E","?","E","?","E","R","?","M","B"],"character_chosen":"THE_AUTOMATON","items_purchased":["expansioncontent:DashGenerateEvil"],"campfire_rested":1,"item_purchase_floors":[20],"current_hp_per_floor":[77,76,74,77,77,77,77,77,74,74,77,77,77,54,59,28,77,77,77,72,72,73,73,73,64,64,47,47,30,53,53,52,0,0,0],"gold":267,"neow_bonus":"TEN_PERCENT_HP_BONUS","is_daily":false,"chose_seed":false,"campfire_upgraded":6,"win_rate":0.0,"timestamp":1614318542,"path_taken":["R","M","M","M","M","R","T","M","M","R","?","R","M","E","M","BOSS","R","M","$","?","M","R","T","E","?","E","?","E","R","?","M","BOSS"],"items_purchased_type":["Card"],"build_version":"2020-12-22","purchased_purges":1,"victory":false,"max_hp_per_floor":[77,77,77,77,77,77,77,77,77,77,77,77,77,77,77,77,77,77,77,77,77,77,77,77,77,77,77,77,77,77,77,77,77,77,77],"card_choices":[{"not_picked":["bronze:DelayedGuard","bronze:WhirlingStrike"],"picked":"bronze:MaxOutput","floor":2.0},{"not_picked":["bronze:Shield","bronze:Constructor"],"picked":"bronze:Repair","floor":3.0},{"not_picked":["bronze:ForceShield","bronze:Iterate"],"picked":"bronze:Boost","floor":4.0},{"not_picked":["bronze:Iterate","bronze:Shield"],"picked":"bronze:ChosenStrike","floor":5.0},{"not_picked":["bronze:CutThrough","bronze:Safeguard"],"picked":"bronze:Frontload","floor":8.0},{"not_picked":["bronze:Frontload","bronze:BuggyMess"],"picked":"bronze:Repulsor","floor":9.0},{"not_picked":["bronze:Frontload","bronze:CutThrough"],"picked":"bronze:AlphaBuild","floor":11.0},{"not_picked":["bronze:BugBarrage","bronze:Safeguard"],"picked":"bronze:Philosophize","floor":13.0},{"not_picked":["bronze:Invalidate","bronze:Backtrace"],"picked":"bronze:GetLatest","floor":14.0},{"not_picked":["bronze:GetLatest","bronze:Allocate"],"picked":"bronze:Shell","floor":15.0},{"not_picked":["bronze:Virus","bronze:Assembly"],"picked":"bronze:BurnOut","floor":16.0},{"not_picked":["bronze:BugBarrage","bronze:WildBeam+1"],"picked":"bronze:Frontload+1","floor":19},{"not_picked":["bronze:OilSpill","bronze:Shield+1"],"picked":"bronze:FineTuning","floor":20},{"not_picked":["bronze:GetLatest","bronze:DigitalCarnage"],"picked":"bronze:CleanCode","floor":22},{"not_picked":["bronze:Shield","bronze:DelayedSlice"],"picked":"bronze:Terminator+1","floor":25},{"not_picked":["bronze:ChildClass","bronze:DelayedSlice"],"picked":"bronze:SpaghettiCode","floor":27},{"not_picked":["bronze:Return","bronze:BugBarrage"],"picked":"bronze:Invalidate+1","floor":29},{"not_picked":["bronze:Terminator","bronze:Overload"],"picked":"bronze:ForLoop","floor":32},{"not_picked":["bronze:Deprecate","bronze:WhirlingStrike","bronze:BugBarrage+1"],"picked":"SKIP","floor":32}],"player_experience":1766307,"relics_obtained":[{"floor":7.0,"key":"Bronze Scales"},{"floor":14.0,"key":"hexamod:BolsterEngine"},{"floor":24,"key":"Prayer Wheel"},{"floor":25,"key":"Potion Belt"},{"floor":27,"key":"hexamod:Sixitude"},{"floor":29,"key":"Juzu Bracelet"}],"event_choices":[{"damage_healed":0,"gold_gain":0,"player_choice":"Ignored","damage_taken":0,"max_hp_gain":0,"max_hp_loss":0,"event_name":"Vampires","floor":26,"gold_loss":0},{"damage_healed":0,"gold_gain":0,"player_choice":"Got Potions","damage_taken":0,"max_hp_gain":0,"max_hp_loss":0,"event_name":"Lab","floor":31,"gold_loss":0}],"is_beta":false,"boss_relics":[{"not_picked":["Runic Dome","bronze:PlatinumCore"],"picked":"Philosopher\u0027s Stone"}],"items_purged_floors":[20],"is_endless":false,"potions_floor_spawned":[3,5,8,13,14,19,22,25,29,32],"killed_by":"SI_MIRROR_ARCHETYPE","ascension_level":1}}