{"host":"75labscqqrd170u0","time":1614303966,"event":{"mods":["BaseMod","Minty Spire (QoL Compilation)","Replay The Spire","StSLib"],"gold_per_floor":[10,29,29,49,68,100,114,129,129,149,149,149,169,70,70,173,173,186,204,204,222,233,261,280,280,332,348,348,348],"floor_reached":28,"language":"ENG","playtime":1902,"items_purged":[],"score":298,"play_id":"f65e97ad-8c8c-44ef-8a61-49518917456f","local_time":"20210225204606","is_ascension_mode":false,"campfire_choices":[{"floor":12,"key":"REST"},{"floor":15,"key":"REST"},{"floor":25,"key":"REST"}],"circlet_count":0,"master_deck":["Strike_B","Strike_B","Strike_B","Defend_B","Defend_B","Defend_B","Defend_B","Zap","Dualcast","Hologram","Sweeping Beam","Dualcast","Loop","Hologram","ReplayGash","Gash","FIFO Queue","Chaos","Cold Snap","ReplayTheSpireMod:Calculation Training","Gash","Hologram","All For One","ReplayGash","Skim","Capacitor","Hello World"],"relics":["FrozenCore","Prayer Wheel","Bottled Tornado","Cables","Nloth\u0027s Gift","Kunai","Lantern"],"acts_visited":["Exordium","TheCity"],"potions_floor_usage":[6,13,16,22,23,23,28],"damage_taken":[{"damage":6,"enemies":"Jaw Worm","floor":1,"turns":3},{"damage":5,"enemies":"Cultist","floor":2,"turns":4},{"damage":0,"enemies":"2 Louse","floor":4,"turns":2},{"damage":17,"enemies":"Exordium Wildlife","floor":5,"turns":4},{"damage":21,"enemies":"Lagavulin","floor":6,"turns":8},{"damage":6,"enemies":"Blue Slaver","floor":7,"turns":4},{"damage":3,"enemies":"Red Slaver","floor":8,"turns":4},{"damage":0,"enemies":"3 Louse","floor":10,"turns":3},{"damage":0,"enemies":"Large Slime","floor":13,"turns":3},{"damage":0,"enemies":"Slime Boss","floor":16,"turns":7},{"damage":1,"enemies":"Chosen","floor":18,"turns":4},{"damage":1,"enemies":"Shell Parasite","floor":19,"turns":6},{"damage":11,"enemies":"Shelled Parasite and Fungi","floor":21,"turns":7},{"damage":4,"enemies":"Snake Plant","floor":22,"turns":7},{"damage":34,"enemies":"Gremlin Leader","floor":23,"turns":6},{"damage":4,"enemies":"Centurion and Healer","floor":24,"turns":8},{"damage":21,"enemies":"Shelled Parasite and Fungi","floor":27,"turns":8},{"damage":20,"enemies":"Slavers","floor":28,"turns":4}],"seed_played":"93212118218388443","potions_obtained":[{"floor":1,"key":"SteroidPotion"},{"floor":4,"key":"EssenceOfSteel"},{"floor":6,"key":"Strength Potion"},{"floor":7,"key":"Weak Potion"},{"floor":13,"key":"Dexterity Potion"},{"floor":21,"key":"Strength Potion"},{"floor":22,"key":"BlessingOfTheForge"}],"is_trial":false,"path_per_floor":["M","M","?","M","M","E","M","M","T","M","?","R","M","$","R","B",null,"M","M","?","M","M","E","M","R","T","M","E"],"character_chosen":"DEFECT","items_purchased":["Gash","Hologram"],"campfire_rested":3,"item_purchase_floors":[14,14],"current_hp_per_floor":[69,64,64,64,47,26,20,17,17,17,10,32,32,32,54,54,75,74,73,73,62,58,24,20,42,42,21,1,1],"gold":348,"neow_bonus":"ONE_RARE_RELIC","is_daily":false,"chose_seed":false,"campfire_upgraded":0,"win_rate":0.0,"timestamp":1614303966,"path_taken":["M","M","?","?","M","E","M","M","T","M","?","R","M","?","R","BOSS","M","M","?","?","M","E","M","R","T","M","E"],"items_purchased_type":["Card","Card"],"build_version":"2020-12-13","purchased_purges":0,"victory":false,"max_hp_per_floor":[75,75,75,75,75,75,75,75,75,75,75,75,75,75,75,75,75,75,75,75,75,75,75,75,75,75,75,75,75],"card_choices":[{"not_picked":["Rebound","Stack"],"picked":"Hologram","floor":1},{"not_picked":["Steam Power","Conserve Battery","Darkness"],"picked":"SKIP","floor":1},{"not_picked":["ReplayTheSpireMod:Repulse","Redo"],"picked":"Sweeping Beam","floor":2},{"not_picked":["Steam","Rip and Tear","Rebound"],"picked":"SKIP","floor":2},{"not_picked":["Genetic Algorithm","Beam Cell"],"picked":"Loop","floor":4},{"not_picked":["Tempest","Rebound","Ball Lightning"],"picked":"SKIP","floor":4},{"not_picked":["Rebound","Melter","Fission"],"picked":"SKIP","floor":5},{"not_picked":["ReplayTheSpireMod:Repulse","Leap","ReplaySolidLightProjector"],"picked":"SKIP","floor":5},{"not_picked":["Chill","Panic Button"],"picked":"Hologram","floor":6},{"not_picked":["Coolheaded","Rebound"],"picked":"ReplayGash","floor":7},{"not_picked":["Beam Cell","Undo","Leap"],"picked":"SKIP","floor":7},{"not_picked":["ReplayTheSpireMod:Calculation Training","Darkness"],"picked":"Gash","floor":8},{"not_picked":["Force Field","Beam Cell","Coolheaded"],"picked":"SKIP","floor":8},{"not_picked":["Cold Snap","Fission"],"picked":"FIFO Queue","floor":10},{"not_picked":["Go for the Eyes","Blizzard"],"picked":"Chaos","floor":10},{"not_picked":["Ball Lightning","Stack"],"picked":"Cold Snap","floor":13},{"not_picked":["Redo","Conserve Battery"],"picked":"ReplayTheSpireMod:Calculation Training","floor":13},{"not_picked":["Echo Form","Electrodynamics"],"picked":"All For One","floor":16},{"not_picked":["Heatsinks","Beam Cell"],"picked":"ReplayGash","floor":18},{"not_picked":["Barrage","Beam Cell","Scrape"],"picked":"SKIP","floor":18},{"not_picked":["Leap+1","Thunder Strike"],"picked":"Skim","floor":19},{"not_picked":["Genetic Algorithm","Barrage","Go for the Eyes"],"picked":"SKIP","floor":19},{"not_picked":["Chaos+1","Panic Button+1"],"picked":"Capacitor","floor":21},{"not_picked":["Beam Cell","Leap","Ball Lightning"],"picked":"SKIP","floor":21},{"not_picked":["Stack+1","Thunder Strike","Double Energy+1"],"picked":"SKIP","floor":22},{"not_picked":["Turbo","Buffer","Auto Shields"],"picked":"SKIP","floor":22},{"not_picked":["Blizzard","Stack","ReplayTheSpireMod:GoodbyeWorld"],"picked":"SKIP","floor":23},{"not_picked":["Beam Cell+1","ReplayRNGCard","Time Bomb+1"],"picked":"SKIP","floor":24},{"not_picked":["Streamline","ReplayGash+1","Crystallizer"],"picked":"SKIP","floor":24},{"not_picked":["Hyperbeam","Barrage"],"picked":"Hello World","floor":27},{"not_picked":["Consume","Compile Driver+1","ReplaySolidLightProjector"],"picked":"SKIP","floor":27}],"player_experience":103522,"relics_obtained":[{"floor":6,"key":"Bottled Tornado"},{"floor":9,"key":"Cables"},{"floor":23,"key":"Kunai"},{"floor":26,"key":"Lantern"}],"event_choices":[{"cards_removed":["Strike_B"],"damage_healed":0,"gold_gain":0,"player_choice":"Took Card","damage_taken":0,"max_hp_gain":0,"max_hp_loss":0,"event_name":"NoteForYourself","floor":3,"gold_loss":0,"cards_obtained":["Dualcast"]},{"damage_healed":0,"gold_gain":0,"player_choice":"Success","damage_taken":7,"relics_obtained":["Torii"],"max_hp_gain":0,"max_hp_loss":0,"event_name":"Scrap Ooze","floor":11,"gold_loss":0},{"damage_healed":0,"gold_gain":0,"player_choice":"Traded Relic","damage_taken":0,"relics_obtained":["Nloth\u0027s Gift"],"max_hp_gain":0,"max_hp_loss":0,"event_name":"N\u0027loth","floor":20,"relics_lost":["Torii"],"gold_loss":0}],"is_beta":false,"boss_relics":[{"not_picked":["Cursed Key","Replay:Bronze Core"],"picked":"FrozenCore"}],"items_purged_floors":[],"is_endless":false,"potions_floor_spawned":[1,4,6,7,13,21,22],"killed_by":"Slavers","ascension_level":0}}