{"host":"l8j2eaviddq1qvzn","time":1614378941,"event":{"mods":["A Penny For Your Troubles","Act Like it!","BaseMod","Bossed Relics","Curses Come First","Evolution","Infinite Spire","Minty Spire (QoL Compilation)","Practice Mode","Reliquary","Remove Card Discount Mod","Replay The Spire","SacredBarkPlus","Shapeshifter Mod","Shop Mod","StS++","StSLib","The Dragonkin","The Sage","Wide Potions"],"gold_per_floor":[111,124,46,46,46,46,71,71,71,85,85,85,147,210,210,308,308,321,122,106,120,170,170,192,192,238,298,298,348,361,372,372,475,475,495,512,573,573,573,573],"floor_reached":39,"language":"ENG","playtime":3187,"items_purged":["StSShapeShifter:ShapeShifter_Strike","StSShapeShifter:ShapeShifter_Defend","StSShapeShifter:ShapeShifter_Strike","StSShapeShifter:FruitBasket","StSShapeShifter:ShapeShifter_Strike"],"score":404,"play_id":"149494ec-a43f-4bbf-90bd-ef33be9c0472","local_time":"20210226233541","is_ascension_mode":true,"campfire_choices":[{"floor":6,"key":"REST"},{"floor":11,"key":"REST"},{"data":"StSShapeShifter:ReplenishingNectar","floor":15,"key":"SMITH"},{"floor":23,"key":"REST"},{"floor":28,"key":"REST"},{"floor":32,"key":"REST"}],"circlet_count":0,"master_deck":["StSShapeShifter:BladeOfGrass","StSShapeShifter:BladeOfGrass","StSShapeShifter:ShapeShifter_Defend","StSShapeShifter:ShapeShifter_Defend+1","StSShapeShifter:ShapeShifter_Defend","StSShapeShifter:ShapeShifter_Defend+1","StSShapeShifter:Tortoise_Form","StSShapeShifter:DeepWound","StSShapeShifter:BarkSkin","StSShapeShifter:RaptorForm","StSShapeShifter:BurstingSpore","StSShapeShifter:ReplenishingNectar+1","StSShapeShifter:Consume","StSShapeShifter:PowerShifter","CurseOfTheBell","StSShapeShifter:FallingLeaves","StSShapeShifter:Efflorescence","StSShapeShifter:Ensconce","StSShapeShifter:UnicornForm","StSShapeShifter:BurstingSpore","StSShapeShifter:ReplenishingNectar+1","StSShapeShifter:RaptorForm","StSShapeShifter:RockSlide","StSShapeShifter:MysticalSeed","StSShapeShifter:BladeOfGrass+1","infinitespire:FutureSight"],"relics":["StSShapeShifter:AnimalHeart","StSShapeShifter:TheShapeShiftersMagnolia","EVO:Axolotl","StSpp:TwinEgg","reliquary:QuartzCube","SsserpentHead","Calling Bell","StSpp:BrokenTotem","StSShapeShifter:PetrifiedLog","StSShapeShifter:AlarmClock","ReplayTheSpireMod:TigerMarble","Philosopher\u0027s Stone","Unceasing Top"],"acts_visited":["Exordium","TheCity","TheBeyond"],"potions_floor_usage":[16,21,27,27,27,33,37,39,39],"damage_taken":[{"damage":5,"enemies":"Small Slimes","floor":1,"turns":4},{"damage":0,"enemies":"2 Louse","floor":2,"turns":3},{"damage":40,"enemies":"Gremlin Nob","floor":7,"turns":5},{"damage":0,"enemies":"Cultist","floor":10,"turns":4},{"damage":1,"enemies":"Gremlin Gang","floor":13,"turns":7},{"damage":2,"enemies":"3 Louse","floor":14,"turns":4},{"damage":20,"enemies":"The Guardian","floor":16,"turns":9},{"damage":24,"enemies":"Spheric Guardian","floor":18,"turns":7},{"damage":13,"enemies":"2 Thieves","floor":20,"turns":5},{"damage":12,"enemies":"Centurion and Healer","floor":21,"turns":7},{"damage":61,"enemies":"3 Cultists","floor":24,"turns":9},{"damage":20,"enemies":"Snecko","floor":27,"turns":7},{"damage":31,"enemies":"Shelled Parasite and Fungi","floor":30,"turns":7},{"damage":26,"enemies":"Centurion and Healer","floor":31,"turns":8},{"damage":89,"enemies":"Collector","floor":33,"turns":9},{"damage":0,"enemies":"Orb Walker","floor":35,"turns":3},{"damage":45,"enemies":"3 Shapes","floor":36,"turns":7},{"damage":85,"enemies":"Transient","floor":37,"turns":5},{"damage":39,"enemies":"4 Shapes","floor":39,"turns":3}],"seed_played":"4020963584405093258","potions_obtained":[{"floor":7,"key":"Energy Potion"},{"floor":10,"key":"StSpp:ScatteredWeakPotion"},{"floor":24,"key":"Energy Potion"},{"floor":30,"key":"BlessingOfTheForge"},{"floor":31,"key":"SpeedPotion"},{"floor":35,"key":"BlessingOfTheForge"},{"floor":37,"key":"Dexterity Potion"}],"is_trial":false,"path_per_floor":["M","M","$","?","?","R","E","?","T","M","R","?","M","M","R","B",null,"M","$","M","M","?","R","M","?","T","M","R","?","M","M","R","B",null,"M","M","M","AVR","M"],"character_chosen":"SHAPESHIFTER","items_purchased":["StSShapeShifter:RaptorForm","StSShapeShifter:Efflorescence","ReplayTheSpireMod:TigerMarble"],"campfire_rested":5,"item_purchase_floors":[3,19,19],"current_hp_per_floor":[73,75,75,59,59,78,40,40,40,42,65,65,64,63,63,45,78,58,58,51,47,47,70,17,17,17,9,32,32,29,35,58,5,78,78,55,15,15,0,0],"gold":573,"neow_bonus":"TRANSFORM_CARD","is_daily":false,"chose_seed":false,"campfire_upgraded":1,"win_rate":0.0,"timestamp":1614378941,"path_taken":["M","M","$","?","?","R","E","?","T","M","R","?","?","?","R","BOSS","M","$","M","M","?","R","M","?","T","?","R","?","M","M","R","BOSS","M","M","?","AVR","M"],"items_purchased_type":["Card","Card","Relic"],"build_version":"2020-12-22","purchased_purges":5,"victory":false,"max_hp_per_floor":[78,78,78,78,78,78,78,78,78,78,78,78,78,78,78,78,78,78,78,78,78,78,78,78,78,78,78,78,78,78,78,78,78,78,78,78,78,78,78,78],"card_choices":[{"not_picked":["StSShapeShifter:ShiftingStrike","StSShapeShifter:OakBlade"],"picked":"StSShapeShifter:DeepWound","floor":1},{"not_picked":["StSShapeShifter:FallingLeaves","StSShapeShifter:ShiftingStrike"],"picked":"StSShapeShifter:BarkSkin","floor":2},{"not_picked":["StSShapeShifter:ForestFire","StSShapeShifter:BurstOfLifeEscapeDeath","StSShapeShifter:Roar"],"picked":"SKIP","floor":7},{"not_picked":["StSShapeShifter:RaptorForm","StSShapeShifter:WaspSwarmForm"],"picked":"StSShapeShifter:BurstingSpore","floor":10},{"not_picked":["StSShapeShifter:MultiSpiritedStrike","StSShapeShifter:DeepWound"],"picked":"StSShapeShifter:ReplenishingNectar","floor":13},{"not_picked":["StSShapeShifter:PoisonIvy","StSShapeShifter:Roar"],"picked":"StSShapeShifter:Consume","floor":14},{"not_picked":["StSShapeShifter:MammothForm","StSShapeShifter:Autumn"],"picked":"StSShapeShifter:PowerShifter","floor":16},{"not_picked":["StSShapeShifter:RitualOfTheExtinct","StSShapeShifter:ThornToss"],"picked":"StSShapeShifter:FallingLeaves","floor":18},{"not_picked":["StSShapeShifter:CursedApple","StSShapeShifter:ShiftingStrike","StSShapeShifter:FlowerShield"],"picked":"SKIP","floor":20},{"not_picked":["StSShapeShifter:ShiftingStrike","StSShapeShifter:MonkeyForm"],"picked":"StSShapeShifter:Ensconce","floor":21},{"not_picked":["StSShapeShifter:OakBlade","StSShapeShifter:PoisonIvy+1"],"picked":"StSShapeShifter:BurstingSpore","floor":24},{"not_picked":["StSShapeShifter:EmbraceTheCycle","StSShapeShifter:FlowerShield","StSShapeShifter:PorcupineForm+1"],"picked":"SKIP","floor":27},{"not_picked":["StSShapeShifter:Garden","StSShapeShifter:VineHandcuffs"],"picked":"StSShapeShifter:RaptorForm","floor":30},{"not_picked":["StSShapeShifter:Autumn","StSShapeShifter:Bonk+1"],"picked":"StSShapeShifter:RockSlide","floor":31},{"not_picked":["StSShapeShifter:Earthquake","StSShapeShifter:Winter"],"picked":"StSShapeShifter:MysticalSeed","floor":33},{"not_picked":["StSShapeShifter:OakBlade+1","StSShapeShifter:SquirrelForm"],"picked":"StSShapeShifter:BladeOfGrass+1","floor":35},{"not_picked":["StSShapeShifter:MonkeyForm","StSShapeShifter:ThornToss+1","StSShapeShifter:EmbraceTheCycle"],"picked":"SKIP","floor":36},{"not_picked":["StSShapeShifter:Guard","StSShapeShifter:DeepWound","StSShapeShifter:ThornToss"],"picked":"SKIP","floor":37}],"player_experience":96952,"relics_obtained":[{"floor":7,"key":"StSpp:TwinEgg"},{"floor":9,"key":"reliquary:QuartzCube"},{"floor":17,"key":"StSpp:BrokenTotem"},{"floor":17,"key":"StSShapeShifter:PetrifiedLog"},{"floor":17,"key":"StSShapeShifter:AlarmClock"},{"floor":26,"key":"reliquary:PorcupineQuills"}],"event_choices":[{"damage_healed":0,"gold_gain":0,"player_choice":"Entered Light","damage_taken":16,"max_hp_gain":0,"max_hp_loss":0,"event_name":"Shining Light","floor":4,"gold_loss":0,"cards_upgraded":["StSShapeShifter:ShapeShifter_Defend","StSShapeShifter:ShapeShifter_Defend"]},{"damage_healed":0,"gold_gain":0,"player_choice":"Ignored","damage_taken":0,"max_hp_gain":0,"max_hp_loss":0,"event_name":"Liars Game","floor":5,"gold_loss":0},{"damage_healed":0,"gold_gain":0,"player_choice":"Fled","damage_taken":0,"max_hp_gain":0,"max_hp_loss":0,"event_name":"Scrap Ooze","floor":8,"gold_loss":0},{"damage_healed":0,"gold_gain":0,"player_choice":"Trade","damage_taken":0,"relics_obtained":["SsserpentHead"],"max_hp_gain":0,"max_hp_loss":0,"event_name":"FaceTrader","floor":12,"gold_loss":0},{"damage_healed":0,"gold_gain":0,"player_choice":"Bet on Owner","damage_taken":0,"max_hp_gain":0,"max_hp_loss":0,"event_name":"The Joust","floor":25,"gold_loss":50},{"damage_healed":0,"gold_gain":0,"player_choice":"Copied","damage_taken":0,"max_hp_gain":0,"max_hp_loss":0,"event_name":"Duplicator","floor":29,"gold_loss":0,"cards_obtained":["StSShapeShifter:ReplenishingNectar"]}],"is_beta":false,"boss_relics":[{"not_picked":["ReplayTheSpireMod:DimensionalGlitch","Busted Crown"],"picked":"Calling Bell"},{"not_picked":["Replay:Ancient Bell","Velvet Choker"],"picked":"Philosopher\u0027s Stone"}],"items_purged_floors":[3,19,19,19,19],"is_endless":false,"potions_floor_spawned":[7,10,13,14,24,30,31,35,37],"killed_by":"4 Shapes","ascension_level":1}}