{"host":"j4js999tahsli5mc","time":1614311006,"event":{"mods":["AchievementEnabler","Act Like it!","Aspiration","BaseMod","Better Note","Better Silent Start","Energized Spire","GifTheSpireLib","Halation","Hermit","Hubris","Library of Ruina","Library of Ruina Extra","Lobotomy","LobotomyExtend","Marked Mod","Minty Spire (QoL Compilation)","Rare Cards Sparkle","Reliquary","Replay The Spire","Ruina","StSLib","The Blue Laboratory"],"gold_per_floor":[111,125,142,160,180,180,193,193,246,28,47,47,62,11,24,57,74,74,99,99,114,114,68,78,78,182,182,182,182],"floor_reached":18,"language":"ENG","playtime":1035,"items_purged":[],"score":274,"play_id":"cbef1112-5b54-4c1f-9be2-85c1ae33d840","local_time":"20210225224326","is_ascension_mode":false,"campfire_choices":[{"floor":6,"key":"REST"},{"floor":8,"key":"RECALL"},{"floor":8,"key":"REST"},{"floor":12,"key":"REST"},{"data":"Apotheosis","floor":15,"key":"SMITH"}],"circlet_count":0,"master_deck":["Strike_B","Strike_B","Strike_B","Strike_B","Defend_B","Defend_B","Defend_B","Defend_B","Zap","Dualcast","Ball Lightning","Redo","Chaos","Sweeping Beam","Loop","Apotheosis+1","Stack","Gash","Beam Cell","Conserve Battery","Conserve Battery","Thunder Strike","Conserve Battery","Cold Snap","Leap","Beam Cell","Core Surge"],"relics":["Cracked Core","LetterFromLob","halation:AfternoonTea","PageOfBloodbath","hubris:SlimyHat","SlaversCollar"],"acts_visited":["Exordium","TheBeyond"],"potions_floor_usage":[16],"damage_taken":[{"damage":0,"enemies":"Small Slimes","floor":1,"turns":3},{"damage":3,"enemies":"2 Louse","floor":2,"turns":2},{"damage":1,"enemies":"Jaw Worm","floor":3,"turns":2},{"damage":4,"enemies":"Blue Slaver","floor":4,"turns":3},{"damage":16,"enemies":"Red Slaver","floor":5,"turns":3},{"damage":10,"enemies":"2 Fungi Beasts","floor":7,"turns":3},{"damage":0,"enemies":"2 Louse","floor":1,"turns":2},{"damage":11,"enemies":"Jaw Worm","floor":3,"turns":2},{"damage":0,"enemies":"Cultist","floor":5,"turns":3},{"damage":27,"enemies":"Gremlin Nob","floor":6,"turns":4},{"damage":5,"enemies":"Looter","floor":7,"turns":4},{"damage":6,"enemies":"3 Louse","floor":11,"turns":2},{"damage":0,"enemies":"2 Fungi Beasts","floor":14,"turns":2},{"damage":43,"enemies":"The Guardian","floor":16,"turns":7},{"damage":0,"enemies":"3 Darklings","floor":18,"turns":1}],"seed_played":"-2868935887388383788","potions_obtained":[{"floor":3,"key":"Strength Potion"},{"floor":4,"key":"blueLaboratory:RememoryPotion"},{"floor":5,"key":"blueLaboratory:BottleOfRum"},{"floor":3,"key":"SteroidPotion"},{"floor":16,"key":"Reflective Coating"}],"is_trial":false,"path_per_floor":["M","M","M","M","M","R","M","R","T","$","M","M","?","M","$","M","E","M","R","T","?","M","R","$","M","R","B",null,"M"],"character_chosen":"DEFECT","items_purchased":["Apotheosis","Stack","Conserve Battery","Leap"],"campfire_rested":3,"item_purchase_floors":[10,10,4,13],"current_hp_per_floor":[82,79,78,74,58,82,72,72,72,72,82,82,71,71,71,44,39,63,63,63,62,82,82,82,82,39,82,82,82],"gold":182,"neow_bonus":"TEN_PERCENT_HP_BONUS","is_daily":false,"chose_seed":false,"campfire_upgraded":1,"win_rate":0.0,"timestamp":1614311006,"path_taken":["M","M","M","M","M","R","M","R","T","$","M","M","?","M","$","M","E","M","R","T","?","M","R","?","?","R","BOSS","M"],"items_purchased_type":["Card","Card","Card","Card"],"build_version":"2020-12-22","purchased_purges":0,"victory":false,"max_hp_per_floor":[82,82,82,82,82,82,82,82,82,82,82,82,82,82,82,82,82,82,82,82,82,82,82,82,82,82,82,82,82],"card_choices":[{"not_picked":["Steam Power","ReplayGash"],"picked":"Turbo","floor":1},{"not_picked":["Double Energy","Conserve Battery"],"picked":"Ball Lightning","floor":2},{"not_picked":["Auto Shields","hubris:Ukulele"],"picked":"Redo","floor":3},{"not_picked":["Hologram","Sunder"],"picked":"Chaos","floor":4},{"not_picked":["Rebound","Coolheaded"],"picked":"Sweeping Beam","floor":5},{"not_picked":["Static Discharge","Panic Button"],"picked":"Loop","floor":7},{"not_picked":["Turbo","Aggregate"],"picked":"Gash","floor":1},{"not_picked":["Barrage","Leap"],"picked":"Beam Cell","floor":3},{"not_picked":["Steam","Hologram"],"picked":"Conserve Battery","floor":5},{"not_picked":["Stack","BasicCrystalCard"],"picked":"Thunder Strike","floor":6},{"not_picked":["Sunder","Stack"],"picked":"Conserve Battery","floor":7},{"not_picked":["Compile Driver","Leap"],"picked":"Cold Snap","floor":11},{"not_picked":["Turbo","ReplayTheSpireMod:Reroute Power"],"picked":"Beam Cell","floor":14},{"not_picked":["Mirror Shield","All For One"],"picked":"Core Surge","floor":16}],"player_experience":498774,"relics_obtained":[{"floor":1,"key":"LetterFromLob"},{"floor":1,"key":"LetterFromLob"},{"floor":6,"key":"halation:AfternoonTea"},{"floor":9,"key":"PageOfBloodbath"},{"floor":10,"key":"hubris:SlimyHat"}],"event_choices":[{"cards_removed":["Turbo"],"damage_healed":5,"gold_gain":0,"player_choice":"Offered Common","damage_taken":0,"max_hp_gain":0,"max_hp_loss":0,"event_name":"Bonfire Elementals","floor":2,"gold_loss":0},{"cards_removed":["Turbo"],"damage_healed":5,"gold_gain":0,"player_choice":"Offered Special","damage_taken":0,"max_hp_gain":0,"max_hp_loss":0,"event_name":"Bonfire Elementals","floor":2,"gold_loss":0},{"damage_healed":0,"gold_gain":0,"player_choice":"Relic","damage_taken":0,"max_hp_gain":0,"max_hp_loss":0,"event_name":"Wheel of Change","floor":10,"gold_loss":0}],"is_beta":false,"boss_relics":[{"not_picked":["halation:SmartPhone","Fusion Hammer"],"picked":"SlaversCollar"}],"items_purged_floors":[],"is_endless":false,"potions_floor_spawned":[3,4,5,3,5,11,16],"killed_by":"3 Darklings","ascension_level":0}}