{"host":"rgoqx5rraw279wuc","time":1614349296,"event":{"mods":["Act Like it!","Arknights","BaseMod","Bestiary","Downfall","Library of Ruina","Library of Ruina Extra","Minty Spire (QoL Compilation)","Reliquary","Ruina","StSLib","Uncapped","UnlockEverythingMod","Waifu the Spire","¡¾ÒÅÎï¿¨ÅÆ¡¿REMEMod"],"gold_per_floor":[99,115,125,125,125,25,25,41,56,75,105,121,131,144,164,347,347,347,363,383,398,409,442,442,242,242,242,253,273,289,309,325,424,424,424,435,435,448,448,468,468,18,31,45,62,77,77,56,71,71,71,71,104,10,10,10,10],"floor_reached":58,"language":"ZHS","playtime":4930,"items_purged":["Guardian:Strike_Guardian+1","Guardian:Gem_Lightblue"],"score":1247,"play_id":"71158c6d-e77b-43f2-a093-d8260cdb87a6","local_time":"20210226222136","is_ascension_mode":false,"campfire_choices":[{"floor":1,"key":"RECALL"},{"data":"LessonLearned","floor":6,"key":"SMITH"},{"data":"Guardian:FierceBash","floor":18,"key":"SMITH"},{"data":"Guardian:DecasProtection","floor":25,"key":"SMITH"},{"floor":27,"key":"REST"},{"data":"Guardian:RefractedBeam","floor":35,"key":"SMITH"},{"data":"Guardian:SentryBeam","floor":55,"key":"SMITH"}],"circlet_count":0,"master_deck":["Guardian:Strike_Guardian+1","Guardian:Strike_Guardian+1","Guardian:Defend_Guardian+1","Guardian:Defend_Guardian+1","Guardian:Defend_Guardian+1","Guardian:CurlUp+1","Guardian:TwinSlam+1","LessonLearned+1","Guardian:ShieldCharger+1","Guardian:Incinerate+1","Guardian:ArmoredProtocol","Guardian:GemFinder+1","Guardian:StasisEngine","Guardian:Gem_Cyan","Guardian:Suspension","Guardian:FierceBash+1","Guardian:TemporalShield","Guardian:ChargeCore+1","Guardian:DecasProtection+1","Guardian:SentryBeam+1","Guardian:GuardianWhirl","Guardian:BronzeOrb+1","Guardian:RefractedBeam+1","Guardian:ShieldSpikes+1","Guardian:FloatingOrbs+1","Guardian:Preprogram+1","Guardian:StasisField","Guardian:WalkerClaw+1","Guardian:MultiBeam+1","Guardian:TimeCapacitor","Guardian:TemporalStrike+1","Guardian:VentSteam+1","Guardian:SphericShield+1","expansioncontent:YouAreMine+1","Guardian:WalkerClaw+1","expansioncontent:LastStand","Enlightenment+1"],"relics":["Guardian:ModeShifter","REME_ComplimentaryCards","Blue Candle","downfall:HeartBlessingRed","PageOfScorchedGirl","hexamod:CandleOfCauterizing","SlaversCollar","PageOfMountain","downfall:HeartBlessingGreen","downfall:HeartBlessingBlue","MutagenicStrength","sneckomod:SneckoTalon","downfall:TeleportStone","Toxic Egg 2","PageOfPunishingBird","Whetstone","REME_HourglassOfDeath"],"acts_visited":["Exordium","TheCity","TheBeyond","TheEnding"],"potions_floor_usage":[13,14,16,16,21,22,23,29,33,42,42,44,46,48],"damage_taken":[{"damage":4,"enemies":"ats:Genji","floor":2,"turns":6},{"damage":0,"enemies":"2 Louse","floor":3,"turns":2},{"damage":0,"enemies":"Cultist","floor":8,"turns":4},{"damage":2,"enemies":"Exordium Thugs","floor":9,"turns":4},{"damage":0,"enemies":"Blue Slaver","floor":10,"turns":4},{"damage":3,"enemies":"Gremlin Nob","floor":11,"turns":4},{"damage":5,"enemies":"downfall:LooterAlt","floor":12,"turns":4},{"damage":0,"enemies":"Exordium Thugs","floor":13,"turns":5},{"damage":0,"enemies":"Large Slime","floor":14,"turns":3},{"damage":7,"enemies":"Blue Slaver","floor":15,"turns":3},{"damage":17,"enemies":"IC_STATUS_ARCHETYPE","floor":16,"turns":5},{"damage":10,"enemies":"Spheric Guardian","floor":19,"turns":4},{"damage":2,"enemies":"Shell Parasite","floor":20,"turns":4},{"damage":26,"enemies":"Centurion and Healer","floor":21,"turns":6},{"damage":10,"enemies":"Sentry and Sphere","floor":22,"turns":7},{"damage":30,"enemies":"Slavers","floor":23,"turns":6},{"damage":0,"enemies":"3 Cultists","floor":28,"turns":3},{"damage":7,"enemies":"Centurion and Healer","floor":29,"turns":4},{"damage":0,"enemies":"Chosen and Byrds","floor":30,"turns":5},{"damage":14,"enemies":"Shelled Parasite and Fungi","floor":31,"turns":4},{"damage":0,"enemies":"Snake Plant","floor":32,"turns":5},{"damage":0,"enemies":"SI_MIRROR_ARCHETYPE","floor":33,"turns":7},{"damage":0,"enemies":"3 Darklings","floor":36,"turns":4},{"damage":6,"enemies":"3 Shapes","floor":38,"turns":3},{"damage":6,"enemies":"Spire Growth","floor":40,"turns":4},{"damage":0,"enemies":"downfall:FleeingMerchant","floor":42,"turns":4},{"damage":8,"enemies":"Sphere and 2 Shapes","floor":43,"turns":4},{"damage":24,"enemies":"Transient","floor":44,"turns":5},{"damage":6,"enemies":"Writhing Mass","floor":45,"turns":6},{"damage":15,"enemies":"Jaw Worm Horde","floor":46,"turns":3},{"damage":0,"enemies":"downfall:FleeingMerchant","floor":48,"turns":3},{"damage":4,"enemies":"3 Darklings","floor":49,"turns":5},{"damage":13,"enemies":"WA_ARCHETYPE_DIVINITY","floor":50,"turns":7},{"damage":28,"enemies":"WA_ARCHETYPE_DIVINITY","floor":51,"turns":6},{"damage":33,"enemies":"downfall:CharBossMerchant","floor":53,"turns":7},{"damage":5,"enemies":"downfall:NeowBoss","floor":56,"turns":13},{"damage":26,"enemies":"downfall:NeowBossFinal","floor":57,"turns":9}],"seed_played":"-639723479577077986","potions_obtained":[{"floor":9,"key":"DistilledChaos"},{"floor":10,"key":"Weak Potion"},{"floor":11,"key":"PowerPotion"},{"floor":13,"key":"Fire Potion"},{"floor":14,"key":"ColorlessPotion"},{"floor":16,"key":"Weak Potion"},{"floor":20,"key":"SneckoOil"},{"floor":29,"key":"Fruit Juice"},{"floor":32,"key":"SkillPotion"},{"floor":33,"key":"Regen Potion"},{"floor":36,"key":"DistilledChaos"},{"floor":38,"key":"Fire Potion"},{"floor":44,"key":"Fire Potion"},{"floor":46,"key":"PowerPotion"}],"is_trial":false,"path_per_floor":["R","M","M","?","?","R","T","M","M","M","E","M","M","M","M","B",null,"R","M","M","M","M","E","T","R","?","R","M","M","M","M","M","B",null,"R","M","?","M","?","M","T","$","M","M","M","M","?","$","M","B",null,null,"E","$","R","B","B",null],"character_chosen":"GUARDIAN","items_purchased":["PageOfPunishingBird","Guardian:TimeCapacitor","Whetstone","expansioncontent:LastStand","Enlightenment+1"],"campfire_rested":1,"item_purchase_floors":[42,42,48,48,54],"current_hp_per_floor":[88,84,84,79,79,79,79,79,77,77,74,69,69,69,62,45,88,88,78,76,50,40,10,10,20,20,49,49,47,47,33,33,33,103,103,103,103,97,97,91,91,91,83,68,62,47,47,47,43,30,2,103,70,70,70,65,39],"gold":10,"neow_bonus":"TEN_PERCENT_HP_BONUS","is_daily":false,"chose_seed":false,"campfire_upgraded":5,"win_rate":0.0,"timestamp":1614349296,"path_taken":["R","M","M","?","?","R","T","M","M","M","E","M","M","M","M","BOSS","R","M","M","M","?","E","T","R","?","R","M","M","M","M","M","BOSS","R","M","?","M","?","?","T","$","M","M","M","M","?","$","M","BOSS","E","$","R","BOSS","BOSS"],"items_purchased_type":["Relic","Card","Relic","Card","Card"],"build_version":"2020-12-22","purchased_purges":2,"victory":true,"max_hp_per_floor":[88,88,88,88,88,88,88,88,88,88,88,88,88,88,88,88,88,88,88,88,88,88,88,88,98,98,98,98,103,103,103,103,103,103,103,103,103,103,103,103,103,103,103,103,103,103,103,103,103,103,103,103,103,103,103,103,103],"card_choices":[{"not_picked":["Guardian:Gem_Lightblue","Guardian:TemporalStrike"],"picked":"Guardian:Gem_Green","floor":2},{"not_picked":["Guardian:Gem_Green","Guardian:RollAttack"],"picked":"Guardian:ShieldCharger","floor":3},{"not_picked":["Guardian:ChargeCore","Guardian:Reroute"],"picked":"Guardian:Incinerate","floor":8},{"not_picked":["Guardian:Gem_Lightblue","Guardian:PiercingHide"],"picked":"Guardian:ArmoredProtocol","floor":9},{"not_picked":["Guardian:Gem_Fragmented","Guardian:VentSteam"],"picked":"Guardian:GemFinder","floor":10},{"not_picked":["Guardian:Gem_Cyan","Guardian:Gem_Green"],"picked":"Guardian:Gem_Red","floor":11},{"not_picked":["Guardian:Gem_Red","Guardian:Reroute"],"picked":"Guardian:StasisEngine","floor":11},{"not_picked":["Guardian:Gem_Cyan","Guardian:MultiBeam"],"picked":"Guardian:Gem_Crimson","floor":12},{"not_picked":["Guardian:Gem_Green","Guardian:Gem_Lightblue"],"picked":"Guardian:Gem_Red","floor":13},{"not_picked":["Guardian:Gem_Blue","Guardian:TemporalShield","Guardian:PrimingBeam"],"picked":"SKIP","floor":13},{"not_picked":["Guardian:Gem_Green","Guardian:Gem_Red"],"picked":"Guardian:Gem_Cyan","floor":14},{"not_picked":["Guardian:FuturePlans","Guardian:PrimingBeam"],"picked":"Guardian:Suspension","floor":14},{"not_picked":["Guardian:MultiBeam","Guardian:CrystalBeam"],"picked":"Guardian:FierceBash","floor":15},{"not_picked":["Guardian:Gem_Synthetic","Guardian:GemFinder"],"picked":"Guardian:Gem_Orange","floor":16},{"not_picked":["Guardian:PolyBeam","Guardian:Gem_Blue"],"picked":"Guardian:TemporalShield","floor":19},{"not_picked":["Guardian:Gem_Cyan","Guardian:TemporalShield+1"],"picked":"Guardian:ChargeCore","floor":20},{"not_picked":["Guardian:TemporalShield","Guardian:PolyBeam"],"picked":"Guardian:DecasProtection","floor":21},{"not_picked":["Guardian:Gem_Blue","Guardian:VentSteam+1"],"picked":"Guardian:SentryBeam","floor":22},{"not_picked":["Guardian:TemporalShield","Guardian:PiercingHide"],"picked":"Guardian:GuardianWhirl","floor":23},{"not_picked":["Guardian:Gem_Cyan","Guardian:Gem_Red"],"picked":"Guardian:Gem_Lightblue","floor":28},{"not_picked":["Guardian:DonusPower","Guardian:Gem_Red"],"picked":"Guardian:BronzeOrb","floor":28},{"not_picked":["Guardian:PrimingBeam+1","Guardian:Gem_Lightblue"],"picked":"Guardian:RefractedBeam","floor":29},{"not_picked":["Guardian:Gem_Green","Guardian:FloatingOrbs"],"picked":"Guardian:ShieldSpikes+1","floor":30},{"not_picked":["Guardian:Gem_Cyan","Guardian:Gem_Lightblue"],"picked":"Guardian:Gem_Red","floor":31},{"not_picked":["Guardian:Gem_Red","Guardian:ShieldSpikes"],"picked":"Guardian:FloatingOrbs","floor":31},{"not_picked":["Guardian:Gem_Crimson","Guardian:Incinerate"],"picked":"Guardian:Preprogram+1","floor":32},{"not_picked":["Guardian:Gem_Synthetic","Guardian:StasisEngine"],"picked":"Guardian:StasisField","floor":33},{"not_picked":["Guardian:RollAttack","Guardian:TemporalStrike"],"picked":"Guardian:WalkerClaw+1","floor":36},{"not_picked":["Guardian:Preprogram","Guardian:FuturePlans+1"],"picked":"Guardian:MultiBeam+1","floor":38},{"not_picked":["Guardian:Gem_Cyan","Guardian:Gem_Green"],"picked":"Guardian:Gem_Red","floor":40},{"not_picked":["Guardian:Planning+1","Guardian:PrimingBeam+1","Guardian:Repulse+1"],"picked":"SKIP","floor":40},{"not_picked":["Guardian:Reroute","Guardian:Gem_Red"],"picked":"Guardian:Gem_Purple","floor":42},{"not_picked":["Guardian:ArmoredProtocol","Guardian:TemporalShield+1"],"picked":"Guardian:TemporalStrike","floor":43},{"not_picked":["Guardian:Gem_Cyan","Guardian:Gem_Lightblue"],"picked":"Guardian:Gem_Green","floor":44},{"not_picked":["Guardian:PiercingHide+1","Guardian:Gem_Lightblue"],"picked":"Guardian:VentSteam+1","floor":44},{"not_picked":["Guardian:Gem_Lightblue","Guardian:VentSteam+1"],"picked":"Guardian:SphericShield+1","floor":45},{"not_picked":["Guardian:ShieldCharger+1","Guardian:SentryBeam+1"],"picked":"Guardian:Gem_Yellow","floor":46},{"not_picked":["expansioncontent:HyperBeam","expansioncontent:InvincibleStrength"],"picked":"expansioncontent:YouAreMine","floor":47},{"not_picked":["Guardian:Suspension+1","Guardian:Planning+1"],"picked":"Guardian:WalkerClaw+1","floor":48},{"not_picked":["Guardian:Gem_Fragmented","Guardian:Gem_Lightblue","Guardian:Gem_Cyan"],"picked":"SKIP","floor":49},{"not_picked":["Guardian:StasisField+1","Guardian:Gem_Green","Guardian:Harden+1"],"picked":"SKIP","floor":53}],"player_experience":66055,"relics_obtained":[{"floor":7,"key":"PageOfScorchedGirl"},{"floor":11,"key":"hexamod:CandleOfCauterizing"},{"floor":23,"key":"PageOfMountain"},{"floor":41,"key":"Toxic Egg 2"},{"floor":53,"key":"REME_HourglassOfDeath"}],"event_choices":[{"damage_healed":0,"gold_gain":0,"player_choice":"Inject Mutagens","damage_taken":0,"relics_obtained":["MutagenicStrength"],"max_hp_gain":0,"max_hp_loss":0,"event_name":"Drug Dealer","floor":26,"gold_loss":0},{"cards_removed":["Guardian:Strike_Guardian"],"damage_healed":0,"gold_gain":0,"player_choice":"Removed Attack","damage_taken":0,"max_hp_gain":0,"max_hp_loss":0,"event_name":"Falling","floor":37,"gold_loss":0}],"is_beta":false,"boss_relics":[{"not_picked":["reliquary:Craggleroot","Runic Pyramid"],"picked":"SlaversCollar"},{"not_picked":["REME_ChargedStone","reliquary:Ember"],"picked":"sneckomod:SneckoTalon"}],"items_purged_floors":[42,48],"is_endless":false,"potions_floor_spawned":[9,10,11,13,14,16,20,29,32,33,36,38,44,46],"ascension_level":0}}