{"host":"2wfkxmfk74kgfdwc","time":1614360550,"event":{"mods":["Act Like it!","BaseMod","Bossed Relics","Colored Map","Colored Powertips","Curses Come First","Library of Ruina","Library of Ruina Extra","Minty Spire (QoL Compilation)","Permanent Neow","Quick Restart","Relic Filter Mod","Relic Stats","Reliquary","Spire Arcade","StSLib","óô»ðÖ¸ÄÏ"],"gold_per_floor":[112,37,57,71,81,81,101,115,194,194,229,229,129,155,155,257,257,273,273,288,288,314,338,360,372,384,271,286,296,329,345,195,294,294,313,332,349,364,376,401,62,97,123,123,123,123,123,140,140,140],"floor_reached":51,"language":"ZHS","playtime":2214,"items_purged":["Writhe","LightAttack","LightDefense","LightAttack"],"score":995,"play_id":"affd8ac0-4388-4280-9cda-cd93085b671b","local_time":"20210227012910","is_ascension_mode":false,"campfire_choices":[{"data":"DevastatingThrash","floor":6,"key":"SMITH"},{"data":"DeepDrag","floor":12,"key":"SMITH"},{"data":"InhaleSmoke","floor":15,"key":"SMITH"},{"floor":44,"key":"REST"},{"data":"Finesse","floor":46,"key":"SMITH"},{"data":"IronWall","floor":49,"key":"SMITH"}],"circlet_count":0,"master_deck":["Dodge+1","LightDefense","LightDefense","ChargeAndCover+1","FocusedStrikes+1","FlyingSword+1","BoundaryOfDeath+1","AGoldenOpportunity","DevastatingThrash+1","IronWall+1","DeepDrag+1","InhaleSmoke+1","Observe+1","GrazeTheGrass","SmokingPipe+1","InhaleSmoke+1","WillBeTasty+1","SavageMode+1","GrazeTheGrass+1","Finesse+1","Secret Technique"],"relics":["PageOfLibrarian","PageOfForsakenMurderer","Mango","Ginger","Runic Pyramid","MawBank","Molten Egg 2","reliquary:Buckler","reliquary:WritOfMandamus","Whetstone","PageOfWayBackHome","reliquary:OuijaBoard","Vajra"],"acts_visited":["Exordium","TheCity","TheBeyond"],"potions_floor_usage":[11,33,35,51],"damage_taken":[{"damage":1,"enemies":"Cultist","floor":1,"turns":4},{"damage":0,"enemies":"Small Slimes","floor":3,"turns":3},{"damage":0,"enemies":"Jaw Worm","floor":4,"turns":2},{"damage":0,"enemies":"2 Fungi Beasts","floor":5,"turns":3},{"damage":24,"enemies":"Exordium Thugs","floor":7,"turns":5},{"damage":1,"enemies":"Blue Slaver","floor":8,"turns":2},{"damage":0,"enemies":"3 Sentries","floor":11,"turns":4},{"damage":0,"enemies":"Gremlin Nob","floor":14,"turns":2},{"damage":0,"enemies":"Hexaghost","floor":16,"turns":5},{"damage":0,"enemies":"Shell Parasite","floor":18,"turns":2},{"damage":9,"enemies":"3 Byrds","floor":20,"turns":5},{"damage":0,"enemies":"3 Cultists","floor":22,"turns":4},{"damage":0,"enemies":"Snecko","floor":23,"turns":2},{"damage":0,"enemies":"Snake Plant","floor":24,"turns":3},{"damage":0,"enemies":"Chosen and Byrds","floor":28,"turns":4},{"damage":0,"enemies":"Shelled Parasite and Fungi","floor":29,"turns":3},{"damage":0,"enemies":"Book of Stabbing","floor":30,"turns":3},{"damage":0,"enemies":"Centurion and Healer","floor":31,"turns":3},{"damage":34,"enemies":"RedHoodMercenary","floor":33,"turns":6},{"damage":0,"enemies":"3 Darklings","floor":35,"turns":3},{"damage":0,"enemies":"3 Shapes","floor":36,"turns":3},{"damage":0,"enemies":"Maw","floor":37,"turns":3},{"damage":0,"enemies":"3 Darklings","floor":38,"turns":4},{"damage":19,"enemies":"Spire Growth","floor":39,"turns":4},{"damage":0,"enemies":"Reptomancer","floor":40,"turns":3},{"damage":13,"enemies":"Nemesis","floor":42,"turns":3},{"damage":0,"enemies":"Transient","floor":48,"turns":5},{"damage":5,"enemies":"Time Eater","floor":50,"turns":5}],"seed_played":"-2597686161701642381","potions_obtained":[{"floor":1,"key":"Energy Potion"},{"floor":4,"key":"DistilledChaos"},{"floor":14,"key":"Energy Potion"},{"floor":18,"key":"SpeedPotion"},{"floor":20,"key":"BlessingOfTheForge"},{"floor":33,"key":"SkillPotion"},{"floor":37,"key":"Fire Potion"}],"is_trial":false,"path_per_floor":["M","$","M","M","M","R","M","M","T","?","E","R","$","E","R","B",null,"M","?","M","T","M","M","M","?","T","$","M","M","E","M","R","B",null,"M","M","M","M","M","E","$","E","T","R","?","R","?","M","R","B",null],"character_chosen":"Librarian","items_purchased":["PageOfWayBackHome","Finesse"],"campfire_rested":1,"item_purchase_floors":[41,41],"current_hp_per_floor":[59,59,59,59,59,59,35,34,34,18,32,32,32,32,32,32,93,93,93,84,84,84,84,84,84,84,84,84,84,84,84,84,54,93,93,93,93,93,74,76,76,63,63,90,88,88,88,88,88,85],"gold":140,"neow_bonus":"TRANSFORM_TWO_CARDS","is_daily":false,"chose_seed":false,"campfire_upgraded":5,"win_rate":0.0,"timestamp":1614360550,"path_taken":["M","$","M","M","?","R","M","M","T","?","E","R","?","E","R","BOSS","M","?","M","?","M","M","M","?","T","$","M","M","E","M","R","BOSS","M","M","?","M","M","E","?","E","T","R","?","R","?","?","R","BOSS"],"items_purchased_type":["Relic","Card"],"build_version":"2020-12-22","purchased_purges":4,"victory":true,"max_hp_per_floor":[84,84,84,84,84,84,79,79,79,79,93,93,93,93,93,93,93,93,93,93,93,93,93,93,93,93,93,93,93,93,93,93,93,93,93,93,93,93,93,93,93,93,93,93,88,88,88,88,88,88],"relic_stats":{"counters":[29,104],"Ginger":[3],"Whetstone":["FocusedStrikes","ChargeAndCover"],"MawBank":72,"obtain_stats":[{"reliquary:OuijaBoard":42,"Vajra":43,"Mango":11,"Ginger":14,"Whetstone":40,"MawBank":21,"PageOfLibrarian":0,"PageOfWayBackHome":41,"PageOfForsakenMurderer":9,"Molten Egg 2":26,"reliquary:Buckler":30,"reliquary:WritOfMandamus":34,"Runic Pyramid":17},{"reliquary:OuijaBoard":26,"Vajra":26,"Mango":7,"Ginger":8,"Whetstone":25,"MawBank":11,"PageOfLibrarian":0,"PageOfWayBackHome":25,"PageOfForsakenMurderer":6,"Molten Egg 2":14,"reliquary:Buckler":17,"reliquary:WritOfMandamus":19,"Runic Pyramid":9},{"reliquary:OuijaBoard":88,"Vajra":88,"Mango":23,"Ginger":25,"Whetstone":85,"MawBank":37,"PageOfLibrarian":0,"PageOfWayBackHome":85,"PageOfForsakenMurderer":19,"Molten Egg 2":46,"reliquary:Buckler":56,"reliquary:WritOfMandamus":65,"Runic Pyramid":30}]},"card_choices":[{"not_picked":["SharpSwipe","AsThePrescriptOrders","YoureAHindrance","SinglePointStab"],"picked":"SKIP","floor":1},{"not_picked":["CumulusWall","SpearedSweep","YoureAHindrance","RulesOfTheBackstreets"],"picked":"SKIP","floor":3},{"not_picked":["SinglePointStab","Concentration","EndlessBattle"],"picked":"AGoldenOpportunity","floor":4},{"not_picked":["ConcentratedFire","AsThePrescriptOrders","Outburst"],"picked":"DevastatingThrash","floor":5},{"not_picked":["Zzzzzap","ChopItOff","QuickSuppression"],"picked":"IronWall","floor":7},{"not_picked":["EnergyStrike","FlyingSword","FierceCharge"],"picked":"DeepDrag","floor":8},{"not_picked":["Feast","SearingSword","ChopItOff","SinglePointStab"],"picked":"SKIP","floor":11},{"not_picked":["ReadyUp","RapidGashes","BizarreAttack"],"picked":"InhaleSmoke","floor":14},{"not_picked":["EnergyBeam","Transpierce"],"picked":"Observe","floor":16},{"not_picked":["SearingSword","Concentration","IronWall+1","ViolentFlame"],"picked":"SKIP","floor":18},{"not_picked":["SnakesPrey","ViolentFlame+1","FierceCharge","EnergyShield"],"picked":"SKIP","floor":20},{"not_picked":["EndlessBattle+1","EnergyStrike","Endure","Diversion+1"],"picked":"SKIP","floor":22},{"not_picked":["PinpointShot","ViolentFlame","ReadyUp","BurningFlash+1"],"picked":"SKIP","floor":23},{"not_picked":["DesperateStruggle+1","Standoff+1","AsThePrescriptOrders"],"picked":"SmokingPipe+1","floor":24},{"not_picked":["SunsetBlade","EnergyShield","FervidEmotions","UnavoidableGaze"],"picked":"SKIP","floor":28},{"not_picked":["FieryWaltz+1","EnergyShield","Diversion+1","Outburst+1"],"picked":"SKIP","floor":29},{"not_picked":["FierceCharge","PinpointShot+1","EnergyStrike+1","Feast+1"],"picked":"SKIP","floor":30},{"not_picked":["RhinoRam+1","MindCrush+1","EnergyShield"],"picked":"WillBeTasty+1","floor":31},{"not_picked":["FleshFillet+1","Observe"],"picked":"SavageMode+1","floor":33},{"not_picked":["HighKick+1","FlyingSword+1","SunsetBlade","SinglePointStab+1"],"picked":"SKIP","floor":35},{"not_picked":["DarkCloud+1","Standoff+1","HighKick+1","AlloutWar"],"picked":"SKIP","floor":36},{"not_picked":["YouOnlyLiveOnce+1","SnakesPrey","Feast+1","UnavoidableGaze"],"picked":"SKIP","floor":37},{"not_picked":["ChopItOff+1","SunsetBlade+1","HighKick+1","UnavoidableGaze+1"],"picked":"SKIP","floor":38},{"not_picked":["ForTheFamily+1","DeepDrag+1","InkOver+1","DevastatingThrash+1"],"picked":"SKIP","floor":39},{"not_picked":["BlazingStrike+1","FlamingDragonFist+1","QuickSuppression+1"],"picked":"GrazeTheGrass+1","floor":40},{"not_picked":["InkOver+1","DeepDrag+1","ElectricShock+1","Collision+1"],"picked":"SKIP","floor":42},{"not_picked":["Thinking Ahead","Forethought","Mind Blast+1"],"picked":"Secret Technique","floor":47},{"not_picked":["Parry2+1","SinglePointStab+1","QuickSuppression+1","WillBeTasty+1"],"picked":"SKIP","floor":48}],"player_experience":32012,"relics_obtained":[{"floor":9,"key":"PageOfForsakenMurderer"},{"floor":11,"key":"Mango"},{"floor":14,"key":"Ginger"},{"floor":21,"key":"MawBank"},{"floor":26,"key":"Molten Egg 2"},{"floor":30,"key":"reliquary:Buckler"},{"floor":40,"key":"Whetstone"},{"floor":42,"key":"reliquary:OuijaBoard"},{"floor":43,"key":"Vajra"}],"event_choices":[{"damage_healed":0,"gold_gain":0,"player_choice":"Entered Light","damage_taken":16,"max_hp_gain":0,"max_hp_loss":0,"event_name":"Shining Light","floor":10,"gold_loss":0,"cards_upgraded":["BoundaryOfDeath","Dodge"]},{"damage_healed":0,"gold_gain":0,"player_choice":"Read","damage_taken":0,"max_hp_gain":0,"max_hp_loss":0,"event_name":"The Library","floor":19,"gold_loss":0,"cards_obtained":["GrazeTheGrass"]},{"damage_healed":0,"gold_gain":0,"player_choice":"Copied","damage_taken":0,"max_hp_gain":0,"max_hp_loss":0,"event_name":"Duplicator","floor":25,"gold_loss":0,"cards_obtained":["InhaleSmoke"]},{"damage_healed":0,"gold_gain":0,"player_choice":"Max HP","damage_taken":0,"max_hp_gain":0,"max_hp_loss":5,"event_name":"Winding Halls","floor":45,"gold_loss":0},{"damage_healed":0,"gold_gain":0,"player_choice":"Memory 1","damage_taken":0,"max_hp_gain":0,"max_hp_loss":0,"event_name":"SensoryStone","floor":47,"gold_loss":0}],"is_beta":false,"boss_relics":[{"not_picked":["SlaversCollar","Sozu"],"picked":"Runic Pyramid"},{"not_picked":["Snecko Eye","Tiny House"],"picked":"reliquary:WritOfMandamus"}],"items_purged_floors":[2,13,27,32],"is_endless":false,"potions_floor_spawned":[1,4,14,18,20,28,30,33,37,38,40,42],"ascension_level":0}}