{"host":"puf131q5awx2h4uh","time":1614333474,"event":{"mods":["BaseMod","Minty Spire (QoL Compilation)","Quick Restart","Shop Mod","StSLib"],"gold_per_floor":[109,34,6,20,20,47,66,77,77,94,94,94,109,140,140,215,215,230,230,240,82,98,98,98,98],"floor_reached":24,"language":"ZHS","playtime":574,"items_purged":["Strike_R"],"score":466,"play_id":"b4d28acf-8947-489c-b65f-eeee64527653","local_time":"20210226175754","is_ascension_mode":true,"campfire_choices":[{"data":"Heavy Blade","floor":11.0,"key":"SMITH"},{"data":"Sword Boomerang","floor":15.0,"key":"SMITH"},{"data":"Double Tap","floor":23,"key":"SMITH"}],"circlet_count":0,"master_deck":["AscendersBane","Strike_R","Strike_R","Strike_R","Defend_R","Defend_R+1","Defend_R","Defend_R+1","Bash","Shrug It Off","Heavy Blade+1","Spot Weakness","Sword Boomerang+1","Double Tap+1","Battle Trance"],"relics":["Burning Blood","NeowsBlessing","Pen Nib","War Paint","CultistMask","Ornamental Fan","Coffee Dripper"],"acts_visited":["Exordium","TheCity"],"potions_floor_usage":[16,20,22],"damage_taken":[{"damage":0.0,"enemies":"2 Louse","floor":1.0,"turns":1.0},{"damage":0.0,"enemies":"Small Slimes","floor":4.0,"turns":2.0},{"damage":0.0,"enemies":"3 Sentries","floor":6.0,"turns":1.0},{"damage":6.0,"enemies":"Cultist","floor":7.0,"turns":3.0},{"damage":13.0,"enemies":"Blue Slaver","floor":8.0,"turns":4.0},{"damage":31.0,"enemies":"Lots of Slimes","floor":10.0,"turns":8.0},{"damage":14.0,"enemies":"Red Slaver","floor":13.0,"turns":2.0},{"damage":30.0,"enemies":"Gremlin Nob","floor":14.0,"turns":4.0},{"damage":29,"enemies":"The Guardian","floor":16,"turns":9},{"damage":43,"enemies":"Chosen","floor":18,"turns":4},{"damage":16,"enemies":"3 Byrds","floor":20,"turns":6},{"damage":0,"enemies":"Centurion and Healer","floor":22,"turns":4},{"damage":19,"enemies":"Shelled Parasite and Fungi","floor":24,"turns":1}],"seed_played":"8136598618265341285","potions_obtained":[{"floor":4.0,"key":"Ancient Potion"},{"floor":6.0,"key":"DistilledChaos"},{"floor":8.0,"key":"BloodPotion"},{"floor":16,"key":"GamblersBrew"},{"floor":20,"key":"BlessingOfTheForge"}],"is_trial":false,"path_per_floor":["M","?","$","M","?","E","M","M","T","M","R","?","M","E","R","B",null,"M","?","M","$","M","R","M"],"character_chosen":"IRONCLAD","items_purchased":["Heavy Blade","Battle Trance"],"campfire_rested":0,"item_purchase_floors":[3,21],"current_hp_per_floor":[74,74,74,75,80,80,80,73,73,48,48,48,40,16,16,9,62,25,19,9,9,15,15,0,0],"gold":98,"neow_bonus":"THREE_ENEMY_KILL","is_daily":false,"chose_seed":false,"campfire_upgraded":3,"win_rate":0.0,"timestamp":1614333474,"path_taken":["M","?","$","M","?","E","M","M","T","M","R","?","?","E","R","BOSS","M","?","?","?","M","R","M"],"items_purchased_type":["Card","Card"],"build_version":"2020-12-22","purchased_purges":1,"victory":false,"max_hp_per_floor":[75,75,75,75,80,80,80,80,80,80,80,80,80,80,80,80,80,80,80,80,80,80,80,80,80],"card_choices":[{"not_picked":["Clothesline","Intimidate"],"picked":"Shrug It Off","floor":1.0},{"not_picked":["Pommel Strike","Wild Strike","Pummel"],"picked":"SKIP","floor":4.0},{"not_picked":["Headbutt","True Grit","Pommel Strike"],"picked":"SKIP","floor":6.0},{"not_picked":["Shrug It Off","Heavy Blade"],"picked":"Spot Weakness","floor":7.0},{"not_picked":["Corruption","Carnage","Wild Strike"],"picked":"SKIP","floor":8.0},{"not_picked":["Blood for Blood","Power Through","Thunderclap"],"picked":"SKIP","floor":10.0},{"not_picked":["Anger","Sever Soul","Twin Strike"],"picked":"SKIP","floor":13.0},{"not_picked":["Thunderclap","Rampage"],"picked":"Sword Boomerang","floor":14.0},{"not_picked":["Juggernaut","Reaper"],"picked":"Double Tap","floor":16},{"not_picked":["Thunderclap","Perfected Strike","Pommel Strike"],"picked":"SKIP","floor":18},{"not_picked":["Warcry","Sword Boomerang","Anger"],"picked":"SKIP","floor":20},{"not_picked":["Spot Weakness","Rage","Demon Form"],"picked":"SKIP","floor":22}],"player_experience":339320,"relics_obtained":[{"floor":6.0,"key":"Pen Nib"},{"floor":9.0,"key":"War Paint"},{"floor":14.0,"key":"Ornamental Fan"}],"event_choices":[{"cards_removed":["Strike_R"],"damage_healed":0.0,"max_hp_gain":0.0,"max_hp_loss":0.0,"gold_gain":0.0,"event_name":"The Cleric","player_choice":"Card Removal","floor":2.0,"gold_loss":75.0,"damage_taken":0.0},{"damage_healed":0.0,"max_hp_gain":5.0,"max_hp_loss":0.0,"gold_gain":0.0,"event_name":"Big Fish","player_choice":"Donut","floor":5.0,"gold_loss":0.0,"damage_taken":0.0},{"damage_healed":0.0,"max_hp_gain":0.0,"max_hp_loss":0.0,"gold_gain":0.0,"event_name":"FaceTrader","player_choice":"Trade","floor":12.0,"gold_loss":0.0,"damage_taken":0.0,"relics_obtained":["CultistMask"]},{"damage_healed":0,"gold_gain":0,"player_choice":"","damage_taken":6,"max_hp_gain":0,"max_hp_loss":0,"event_name":"Knowing Skull","floor":19,"potions_obtained":[],"gold_loss":0,"cards_obtained":[]}],"is_beta":false,"boss_relics":[{"not_picked":["Ectoplasm","Black Blood"],"picked":"Coffee Dripper"}],"items_purged_floors":[21],"is_endless":false,"potions_floor_spawned":[4,6,8,16,20],"killed_by":"Shelled Parasite and Fungi","ascension_level":20}}