{"host":"xb2tau8pgi8aflss","time":1614343358,"event":{"mods":["AchievementEnabler","BaseMod","Hermit","Minty Spire (QoL Compilation)","StSLib","SuperFastMode"],"gold_per_floor":[16,29,39,58,58,73,101,51,74,74,104,124,124,141,141,141,141],"floor_reached":16,"language":"KOR","playtime":491,"items_purged":[],"score":130,"play_id":"6fa158b2-0a97-41f4-9337-ef78cd3a2c3d","local_time":"20210226214238","is_ascension_mode":true,"campfire_choices":[{"data":"hermit:Roulette","floor":10,"key":"SMITH"},{"floor":15,"key":"REST"}],"circlet_count":0,"master_deck":["hermit:Strike_Hermit+1","hermit:Strike_Hermit+1","hermit:Strike_Hermit","hermit:Defend_Hermit","hermit:Defend_Hermit","hermit:Defend_Hermit","hermit:Snapshot","hermit:Covet","hermit:Coalescence","hermit:Vantage","hermit:Roulette+1","hermit:Enervate","hermit:GhostlyPresence","hermit:Gestalt","hermit:Snipe"],"relics":["hermit:Momento","Orichalcum","Smiling Mask"],"acts_visited":["Exordium"],"potions_floor_usage":[7,12,16],"damage_taken":[{"damage":5,"enemies":"Cultist","floor":1,"turns":4},{"damage":4,"enemies":"Small Slimes","floor":2,"turns":3},{"damage":9,"enemies":"Jaw Worm","floor":3,"turns":4},{"damage":3,"enemies":"Large Slime","floor":4,"turns":6},{"damage":6,"enemies":"2 Fungi Beasts","floor":6,"turns":3},{"damage":16,"enemies":"Gremlin Nob","floor":7,"turns":5},{"damage":3,"enemies":"Lots of Slimes","floor":12,"turns":3},{"damage":13,"enemies":"Large Slime","floor":14,"turns":5},{"damage":35,"enemies":"The Guardian","floor":16,"turns":11}],"seed_played":"-7628278353168895865","potions_obtained":[{"floor":1,"key":"Block Potion"},{"floor":2,"key":"Explosive Potion"},{"floor":14,"key":"hermit:Tonic"}],"is_trial":false,"path_per_floor":["M","M","M","M","?","M","E","?","T","R","?","M","?","M","R","B"],"character_chosen":"HERMIT","items_purchased":[],"campfire_rested":1,"item_purchase_floors":[],"current_hp_per_floor":[84,80,71,68,61,55,39,39,39,39,39,36,18,5,31,0,0],"gold":141,"neow_bonus":"TWENTY_PERCENT_HP_BONUS","is_daily":false,"chose_seed":false,"campfire_upgraded":1,"win_rate":0.0,"timestamp":1614343358,"path_taken":["M","M","M","M","?","M","E","?","T","R","?","M","?","?","R","BOSS"],"items_purchased_type":[],"build_version":"2020-12-22","purchased_purges":0,"victory":false,"max_hp_per_floor":[89,89,89,89,89,89,89,89,89,89,89,89,89,89,89,89,89],"card_choices":[{"not_picked":["hermit:Malice","hermit:ItchyTrigger"],"picked":"hermit:Coalescence","floor":1},{"not_picked":["hermit:Ricochet","hermit:WideOpen"],"picked":"hermit:Vantage","floor":2},{"not_picked":["hermit:Gambit","hermit:ItchyTrigger"],"picked":"hermit:Roulette","floor":3},{"not_picked":["hermit:Grudge","hermit:Headshot"],"picked":"hermit:Enervate","floor":4},{"not_picked":["hermit:CalledShot","hermit:FromBeyond"],"picked":"hermit:GhostlyPresence","floor":6},{"not_picked":["hermit:LuckOfTheDraw","hermit:FullyLoaded","hermit:LowProfile"],"picked":"SKIP","floor":7},{"not_picked":["hermit:PistolWhip","hermit:Glare"],"picked":"hermit:Gestalt","floor":12},{"not_picked":["hermit:BodyArmor","hermit:Ricochet"],"picked":"hermit:Snipe","floor":14}],"player_experience":860908,"relics_obtained":[{"floor":7,"key":"Orichalcum"},{"floor":9,"key":"Smiling Mask"}],"event_choices":[{"cards_removed":["hermit:Strike_Hermit"],"damage_healed":0,"gold_gain":0,"player_choice":"Card Removal","damage_taken":7,"max_hp_gain":0,"max_hp_loss":0,"event_name":"Golden Wing","floor":5,"gold_loss":0},{"cards_removed":["hermit:Defend_Hermit"],"damage_healed":0,"gold_gain":0,"player_choice":"Card Removal","damage_taken":0,"max_hp_gain":0,"max_hp_loss":0,"event_name":"The Cleric","floor":8,"gold_loss":50},{"damage_healed":0,"gold_gain":30,"player_choice":"Searched \u00271\u0027 times","damage_taken":0,"max_hp_gain":0,"max_hp_loss":0,"event_name":"Dead Adventurer","floor":11,"gold_loss":0},{"damage_healed":0,"gold_gain":0,"player_choice":"Entered Light","damage_taken":18,"max_hp_gain":0,"max_hp_loss":0,"event_name":"Shining Light","floor":13,"gold_loss":0,"cards_upgraded":["hermit:Strike_Hermit","hermit:Strike_Hermit"]}],"is_beta":false,"boss_relics":[],"items_purged_floors":[],"is_endless":false,"potions_floor_spawned":[1,2,14],"killed_by":"The Guardian","ascension_level":5}}