{"host":"z8uivwf40jrpk7h3","time":1614348130,"event":{"mods":["BaseMod","Minty Spire (QoL Compilation)","StSLib","[IsaacMod]ÒÔÈö¼âËþ"],"gold_per_floor":[113,129,147,165,90,115,131,142,169,200,226,287,299,44,44,44,44],"floor_reached":16,"language":"ZHS","playtime":640,"items_purged":["Defend_P","Defend_P"],"score":170,"play_id":"321453d8-fead-40e1-b807-f47dfe434dc1","local_time":"20210226220210","is_ascension_mode":true,"campfire_choices":[{"data":"Eruption","floor":13.0,"key":"SMITH"},{"data":"EpicFetus","floor":15,"key":"SMITH"}],"circlet_count":0,"master_deck":["Strike_P","Strike_P","Strike_P","Strike_P","Defend_P","Defend_P","Eruption+1","Vigilance","EpicFetus+1","Wallop","Consecrate"],"relics":["PureWater","HushsDoor","Nunchaku","DoctorsRemote","GuppysHead","PreservedInsect","Regal Pillow","Odd Mushroom","MawBank"],"acts_visited":["Exordium"],"potions_floor_usage":[],"damage_taken":[{"damage":0.0,"enemies":"Jaw Worm","floor":1.0,"turns":3.0},{"damage":0.0,"enemies":"Small Slimes","floor":2.0,"turns":3.0},{"damage":1.0,"enemies":"2 Louse","floor":3.0,"turns":2.0},{"damage":9.0,"enemies":"Blue Slaver","floor":4.0,"turns":5.0},{"damage":0.0,"enemies":"3 Sentries","floor":6.0,"turns":4.0},{"damage":8.0,"enemies":"Large Slime","floor":7.0,"turns":6.0},{"damage":3.0,"enemies":"Red Slaver","floor":8.0,"turns":4.0},{"damage":0.0,"enemies":"Lagavulin","floor":10.0,"turns":3.0},{"damage":7.0,"enemies":"The Mushroom Lair","floor":11.0,"turns":3.0},{"damage":18.0,"enemies":"Lagavulin Event","floor":12.0,"turns":3.0},{"damage":99999999,"enemies":"Hexaghost","floor":16,"turns":1}],"seed_played":"3237706741291813180","potions_obtained":[{"floor":3.0,"key":"Explosive Potion"},{"floor":4.0,"key":"Weak Potion"},{"floor":6.0,"key":"Ancient Potion"},{"floor":12.0,"key":"BlessingOfTheForge"}],"is_trial":false,"path_per_floor":["M","M","M","M","$","E","M","M","T","E","?","?","R","$","R","B"],"character_chosen":"WATCHER","items_purchased":["SuicideKing"],"campfire_rested":0,"item_purchase_floors":[14],"current_hp_per_floor":[72,72,71,62,62,62,54,51,51,51,44,26,26,26,26,0,0],"gold":44,"neow_bonus":"RANDOM_COMMON_RELIC","is_daily":false,"chose_seed":false,"campfire_upgraded":2,"win_rate":0.0,"timestamp":1614348130,"path_taken":["M","M","M","M","$","E","M","M","T","E","?","?","R","$","R","BOSS"],"items_purchased_type":["Card"],"build_version":"2020-12-22","purchased_purges":2,"victory":false,"max_hp_per_floor":[72,72,72,72,72,72,72,72,72,72,72,72,72,72,72,72,72],"card_choices":[{"not_picked":[],"picked":"EpicFetus","floor":0.0},{"not_picked":["CutThroughFate","ThirdEye","WaveOfTheHand"],"picked":"SKIP","floor":1.0},{"not_picked":["Perseverance","FearNoEvil","MasterReality"],"picked":"SKIP","floor":2.0},{"not_picked":["FlyingSleeves","Crescendo"],"picked":"Wallop","floor":3.0},{"not_picked":["EmptyFist","Crescendo"],"picked":"Consecrate","floor":4.0},{"not_picked":["Nirvana","EmptyFist","Adaptation"],"picked":"SKIP","floor":6.0},{"not_picked":["WindmillStrike","FollowUp","DeceiveReality"],"picked":"SKIP","floor":7.0},{"not_picked":["EmptyFist","Protect","CarveReality"],"picked":"SKIP","floor":8.0},{"not_picked":["WheelKick","Indignation","ClearTheMind"],"picked":"SKIP","floor":10.0}],"player_experience":118644,"relics_obtained":[{"floor":6.0,"key":"GuppysHead"},{"floor":9.0,"key":"PreservedInsect"},{"floor":10.0,"key":"Regal Pillow"},{"floor":11.0,"key":"Odd Mushroom"},{"floor":12.0,"key":"MawBank"}],"event_choices":[{"damage_healed":0.0,"max_hp_gain":0.0,"max_hp_loss":0.0,"gold_gain":0.0,"event_name":"Mushrooms","player_choice":"Fought Mushrooms","floor":11.0,"gold_loss":0.0,"damage_taken":0.0},{"damage_healed":0.0,"max_hp_gain":0.0,"max_hp_loss":0.0,"gold_gain":30.0,"event_name":"Dead Adventurer","player_choice":"Searched \u00272\u0027 times","floor":12.0,"gold_loss":0.0,"damage_taken":0.0}],"is_beta":false,"boss_relics":[],"items_purged_floors":[5,14],"is_endless":false,"potions_floor_spawned":[3,4,6,10,11,12],"killed_by":"Hexaghost","ascension_level":1}}