{"host":"xltl1aroowo69o4n","time":1614306886,"event":{"mods":["BaseMod","Colored Map","Colored Powertips","Downfall","Koishi","Marisa????????","Minty Spire (QoL Compilation)","Replay The Spire","StSLib","The Cursed","The Hierophant","The Mystic","The Necromancer","The Servant 0.9.4"],"gold_per_floor":[99,109,129,28,28,28,28,47,64,81,111,123,123,137,156,156,156],"floor_reached":16,"language":"ENG","playtime":571,"items_purged":[],"score":111,"play_id":"141d20cb-902f-4d93-9fc4-f91fee14a806","local_time":"20210225213446","is_ascension_mode":true,"campfire_choices":[{"floor":1,"key":"RECALL"},{"data":"expansioncontent:HyperBeam","floor":6,"key":"SMITH"}],"circlet_count":0,"master_deck":["Koishi:BasicStrike","Koishi:BasicStrike","Koishi:BasicDefend","Koishi:BasicDefend","Koishi:BasicDefend","Koishi:BasicDefend","Koishi:Provoke","Koishi:HauntingSlash","Koishi:JumpScare","Koishi:JumpScare","Koishi:MentalBreakdown","expansioncontent:HyperBeam+1","Koishi:DreadfulBlow","Koishi:JumpScare","Koishi:StingingMind","Koishi:SubconsciousSweep","Koishi:Catatonia","Koishi:SilentAndRestless","Koishi:PhantomStrike"],"relics":["Koishi:ImaginaryFriend","ReplayTheSpireMod:Shallot"],"acts_visited":["Exordium"],"potions_floor_usage":[16,16],"damage_taken":[{"damage":0,"enemies":"2 Louse","floor":2,"turns":2},{"damage":7,"enemies":"Cultist","floor":3,"turns":5},{"damage":0,"enemies":"downfall:FleeingMerchant","floor":4,"turns":4},{"damage":0,"enemies":"Small Slimes","floor":8,"turns":3},{"damage":5,"enemies":"Exordium Wildlife","floor":9,"turns":3},{"damage":22,"enemies":"Exordium Thugs","floor":10,"turns":3},{"damage":13,"enemies":"3 Sentries","floor":11,"turns":4},{"damage":8,"enemies":"2 Fungi Beasts","floor":12,"turns":3},{"damage":10,"enemies":"Red Slaver","floor":14,"turns":2},{"damage":0,"enemies":"Large Slime","floor":15,"turns":3},{"damage":66,"enemies":"WA_ARCHETYPE_RETAIN","floor":16,"turns":7}],"seed_played":"-9005089432585170431","potions_obtained":[{"floor":2,"key":"Elixir"},{"floor":9,"key":"Ancient Potion"},{"floor":11,"key":"bronze:BurnAndBuffPotion"},{"floor":12,"key":"Languid Potion"}],"is_trial":false,"path_per_floor":["R_BF","M","M","$","?","R","T","M","M","M","E","M","?","M","M","B"],"character_chosen":"KOISHI","items_purchased":["expansioncontent:HyperBeam"],"campfire_rested":0,"item_purchase_floors":[4],"current_hp_per_floor":[66,66,63,63,63,63,63,66,66,52,40,38,38,38,43,0,0],"gold":156,"neow_bonus":"TEN_PERCENT_HP_BONUS","is_daily":false,"chose_seed":false,"campfire_upgraded":1,"win_rate":0.0,"timestamp":1614306886,"path_taken":["R_BF","M","M","$","?","R","T","?","M","M","E","M","?","M","M","BOSS"],"items_purchased_type":["Card"],"build_version":"2020-12-13","purchased_purges":0,"victory":false,"max_hp_per_floor":[66,66,66,66,66,66,66,66,66,66,66,66,66,66,66,66,66],"card_choices":[{"not_picked":["Koishi:TremblingHands","Koishi:FidgetySnatcher"],"picked":"Koishi:JumpScare","floor":2},{"not_picked":["Koishi:BramblyRoseGarden","Koishi:Whimsy"],"picked":"Koishi:JumpScare","floor":3},{"not_picked":["Koishi:SpiritedAway","Koishi:JumpScare"],"picked":"Koishi:MentalBreakdown","floor":4},{"not_picked":["Koishi:BloodcurdlingScream","Koishi:RorschachInDanmaku"],"picked":"Koishi:DreadfulBlow","floor":8},{"not_picked":["Koishi:ReflexRadar","Koishi:Jaunt"],"picked":"Koishi:JumpScare","floor":9},{"not_picked":["Koishi:Vanish","Koishi:RorschachInDanmaku"],"picked":"Koishi:StingingMind","floor":10},{"not_picked":["Koishi:Bloodlust","Koishi:ReflexRadar"],"picked":"Koishi:SubconsciousSweep","floor":11},{"not_picked":["Koishi:JumpScare","Koishi:RacingHeart"],"picked":"Koishi:Catatonia","floor":12},{"not_picked":["Koishi:Jaunt","Koishi:HeartfeltFancy"],"picked":"Koishi:SilentAndRestless","floor":14},{"not_picked":["Koishi:StingingMind","Koishi:YoukaiPolygraph"],"picked":"Koishi:PhantomStrike","floor":15}],"player_experience":284176,"relics_obtained":[{"floor":11,"key":"ReplayTheSpireMod:Shallot"}],"event_choices":[{"cards_removed":["Koishi:BasicStrike"],"damage_healed":0,"gold_gain":0,"player_choice":"Offered Basic","damage_taken":0,"max_hp_gain":0,"max_hp_loss":0,"event_name":"Bonfire Elementals","floor":5,"gold_loss":0}],"is_beta":false,"boss_relics":[],"items_purged_floors":[],"is_endless":false,"potions_floor_spawned":[2,9,11,12,15],"killed_by":"WA_ARCHETYPE_RETAIN","ascension_level":1}}