{"host":"qz0goigh82dax5l2","time":1614352153,"event":{"mods":["Act Like it!","Alarm Clock","BaseMod","Energized Spire","Gensokyo","Minty Spire (QoL Compilation)","Quick Restart","Reliquary","StSLib","Youmu£®ªÍ∆«—˝√Œ£©","°æ“≈ŒÔø®≈∆°øREMEMod"],"gold_per_floor":[119,138,138,149,164,198,198,38,116,133,162,162,13,13,13,109,109,119,129,379,259,61,61,61,89,89,109,334,346,363,673,673,778,778,796,15,29,29,29,60,74,592,643,643,669,669,688,699,699,699,699,699,35,63,63],"floor_reached":56,"language":"ZHS","playtime":6963,"items_purged":[],"score":1501,"play_id":"5811aaff-e306-47e0-9862-7aeae8ed4989","local_time":"20210226230913","is_ascension_mode":true,"campfire_choices":[{"data":"HeartExcerptSlash","floor":7,"key":"SMITH"},{"floor":15,"key":"REST"},{"floor":23,"key":"RECALL"},{"data":"HeavenSword","floor":32,"key":"SMITH"},{"floor":44,"key":"REST"},{"floor":49,"key":"REST"},{"floor":52,"key":"REST"}],"circlet_count":0,"master_deck":["Strike_YM","Strike_YM","Strike_YM","Strike_YM","Defend_YM","Defend_YM+1","Defend_YM","Defend_YM","WheelOfPainOfLivingAndDead","CrescentMoonSlash","HeartExcerptSlash+1","SanzenSekai","CherryBlossomFlashing+1","HeavenSword+1","DoubleWheelOfPain","ThreeKonsSevenHakus","SwordOfBindingDesires","SuddenPhantomFormationSlashOfKarmicWind+1","SwordExtraction+1","Secret Weapon","SlashOfTheEternalFuture","PhosphoricSlash","SpiderLilyBurial","Pain","HellFireSword+1","SlashOfDelusionalInnerEye+1","CherryBlossomFlashing","Injury","CherryBlossomSword+1","FourBirthsSword","ObsessionSword","SlashOfMeditation+1","DispleasureOfTheSevenHakus","Clumsy","SuddenDivineSeveringOfKarmicWind","LowerRealmReflectionSlash+1","Gensokyo:GapWoman","Doubt","CherryBlossomFlashing","Doubt","SlashOfMeditation+1","SlashOfAscensionToBuddhahood","TwoHundredYojanaInOneSlash","HiganSword+1","Shame","KarmicPunishmentOfTheIdleAndUnfocused+1","LotusPostureSlash","LotusPostureSlash","HellFireSword+1","BizarrenessOfSixRealms","Normality"],"relics":["HalfPhantom","REME_ComplimentaryCards","NeowsBlessing","Happy Flower","TungstenRod","Nilry\u0027s Codex","Frozen Egg 2","Happy Flower","Unceasing Top","energizedSpire:CursedPentagram","Gensokyo:DemonMask","reliquary:Buckler","Ornamental Fan","reliquary:FerryPass","Fusion Hammer","OrangePellets","Toolbox","reliquary:PartyBalloon","reliquary:ExpiredCoupon","REME_HandOfSuture","Incense Burner","HandDrill","Boot","Kunai","reliquary:PorcupineQuills"],"acts_visited":["Exordium","Gensokyo:Gensokyo","Gensokyo:Gensokyoer","TheEnding"],"potions_floor_usage":[11,16,25,25,30,37,40,45,50],"damage_taken":[{"damage":0,"enemies":"Gensokyo:Gryphon","floor":1,"turns":1},{"damage":0,"enemies":"Gensokyo:3_Fairies","floor":2,"turns":1},{"damage":0,"enemies":"Gensokyo:2_Kodama","floor":4,"turns":1},{"damage":0,"enemies":"Gensokyo:LivingMonolith","floor":5,"turns":3},{"damage":11,"enemies":"Gensokyo:Cirno","floor":6,"turns":5},{"damage":0,"enemies":"Gensokyo:3_Kodama","floor":10,"turns":3},{"damage":0,"enemies":"Gensokyo:Mamizou","floor":11,"turns":6},{"damage":11,"enemies":"Gensokyo:Kokoro","floor":16,"turns":9},{"damage":0,"enemies":"Gensokyo:2_Gloops","floor":18,"turns":3},{"damage":6,"enemies":"Gensokyo:3_Dogs","floor":19,"turns":5},{"damage":6,"enemies":"Gensokyo:Tenshi","floor":25,"turns":3},{"damage":13,"enemies":"Gensokyo:Swordslinger","floor":27,"turns":4},{"damage":18,"enemies":"Gensokyo:Reisen","floor":28,"turns":6},{"damage":5,"enemies":"Gensokyo:Mirror_and_Dog","floor":29,"turns":5},{"damage":0,"enemies":"Gensokyo:Wraith","floor":30,"turns":4},{"damage":8,"enemies":"Gensokyo:3_Gloops","floor":31,"turns":5},{"damage":7,"enemies":"Gensokyo:Eternal_Rivals","floor":33,"turns":10},{"damage":0,"enemies":"Gensokyo:AncientGuardian","floor":35,"turns":5},{"damage":18,"enemies":"Gensokyo:3_Boulders","floor":37,"turns":4},{"damage":14,"enemies":"Gensokyo:Kasen","floor":40,"turns":8},{"damage":0,"enemies":"Gensokyo:Rafflesia","floor":41,"turns":4},{"damage":16,"enemies":"Gensokyo:Dusk_and_Dawn","floor":42,"turns":4},{"damage":38,"enemies":"Gensokyo:Marisa","floor":45,"turns":4},{"damage":0,"enemies":"Gensokyo:AtlasGolem","floor":47,"turns":5},{"damage":4,"enemies":"Gensokyo:SeedOfUnknown","floor":48,"turns":4},{"damage":1,"enemies":"Gensokyo:Yuyuko","floor":50,"turns":7},{"damage":29,"enemies":"Shield and Spear","floor":54,"turns":4},{"damage":13,"enemies":"The Heart","floor":55,"turns":11}],"seed_played":"-6630653027510413866","potions_obtained":[{"floor":4,"key":"LiquidMemories"},{"floor":5,"key":"LiquidBronze"},{"floor":16,"key":"Block Potion"},{"floor":19,"key":"Block Potion"},{"floor":28,"key":"SkillPotion"},{"floor":31,"key":"LiquidMemories"},{"floor":37,"key":"PowerPotion"},{"floor":42,"key":"Block Potion"},{"floor":45,"key":"ColorlessPotion"}],"is_trial":false,"path_per_floor":["M","M","?","M","M","E","R","?","T","M","E","?","$","?","R","B",null,"M","M","?","?","COS","R","?","E","T","M","E","M","M","M","R","B",null,"M","COS","M","?","?","E","M","M","T","R","E","?","M","M","R","B",null,"R","$","E","B",null],"character_chosen":"YOUMU","items_purchased":["SwordOfBindingDesires","SuddenPhantomFormationSlashOfKarmicWind+1","SwordExtraction","HandDrill","Boot","Kunai","LotusPostureSlash","HellFireSword+1"],"campfire_rested":4,"item_purchase_floors":[13,13,13,53,53,53,53,53],"current_hp_per_floor":[75,75,75,75,75,64,64,64,64,64,64,50,50,48,72,61,82,82,76,76,76,76,76,76,70,70,57,39,34,82,74,74,67,82,82,82,64,64,64,50,50,34,34,58,20,20,20,82,82,82,82,82,82,55,42],"gold":63,"neow_bonus":"THREE_ENEMY_KILL","is_daily":false,"chose_seed":false,"campfire_upgraded":2,"win_rate":0.0,"timestamp":1614352153,"path_taken":["M","M","?","?","M","E","R","?","T","M","E","?","?","?","R","BOSS","M","M","?","?","COS","R","?","E","T","M","E","M","?","M","R","BOSS","M","COS","M","?","?","E","M","?","T","R","E","?","M","M","R","BOSS","R","$","E","BOSS"],"items_purchased_type":["Card","Card","Card","Relic","Relic","Relic","Card","Card"],"build_version":"2020-12-22","purchased_purges":0,"victory":true,"max_hp_per_floor":[75,75,75,75,75,75,75,75,75,75,75,75,75,82,82,82,82,82,82,82,82,82,82,82,82,82,82,82,82,82,82,82,82,82,82,82,82,82,82,82,82,82,82,82,82,82,82,82,82,82,82,82,82,82,82],"card_choices":[{"not_picked":["ObsessionWithThePresentWorld","PhosphoricSlash"],"picked":"CrescentMoonSlash","floor":1},{"not_picked":["SwordOfBindingDesires","ConstancyOfTheConventionalTruth"],"picked":"HeartExcerptSlash","floor":2},{"not_picked":["ThreeKonsSevenHakus","SlashClearingTheSixSenses"],"picked":"SanzenSekai","floor":4},{"not_picked":["CrescentMoonSlash","ThoughtCuttingSword"],"picked":"CherryBlossomFlashing","floor":5},{"not_picked":["ThreeKonsSevenHakus","PhosphoricSlash"],"picked":"HeavenSword","floor":6},{"not_picked":["TwoHundredYojanaInOneSlash","SpiritCuttingSword"],"picked":"DoubleWheelOfPain","floor":10},{"not_picked":["SwordExtraction","BizarrenessOfSixRealms"],"picked":"ThreeKonsSevenHakus","floor":11},{"not_picked":["HeavenSword+1","ASingleThoughtAndInfiniteKalpas"],"picked":"SlashOfTheEternalFuture","floor":16},{"not_picked":["SwordOfBindingDesires","ThoughtCuttingSword+1"],"picked":"PhosphoricSlash","floor":18},{"not_picked":["SanzenSekai","TwoHundredYojanaInOneSlash"],"picked":"SpiderLilyBurial","floor":19},{"not_picked":["IrresoluteSoul+1","RapidSlash"],"picked":"HellFireSword+1","floor":25},{"not_picked":["SuddenPhantomFormationSlashOfKarmicWind+1","ConstancyOfTheConventionalTruth+1"],"picked":"SlashOfDelusionalInnerEye+1","floor":27},{"not_picked":["HumanKnowledgeSword","SanzenSekai"],"picked":"CherryBlossomFlashing","floor":27},{"not_picked":["GreatEnlightenmentAppearingAndDisappearing","WickedSoul"],"picked":"CherryBlossomSword","floor":28},{"not_picked":["ConstancyOfTheConventionalTruth","TwoHundredYojanaInOneSlash"],"picked":"FourBirthsSword","floor":28},{"not_picked":["ObsessionWithThePresentWorld","HellFireSword+1"],"picked":"ObsessionSword","floor":29},{"not_picked":["SwordExtraction","CherryBlossomFlashing+1"],"picked":"SlashOfMeditation+1","floor":30},{"not_picked":["HumanKnowledgeSword","DoubleWheelOfPain+1"],"picked":"DispleasureOfTheSevenHakus","floor":31},{"not_picked":["ASingleThoughtAndInfiniteKalpas","CelestialStarSword+1"],"picked":"SuddenDivineSeveringOfKarmicWind","floor":33},{"not_picked":["PhosphoricSlash+1","SpiritCuttingSword+1"],"picked":"LowerRealmReflectionSlash+1","floor":35},{"not_picked":["ThreeKonsSevenHakus","LifeCuttingSword"],"picked":"CherryBlossomFlashing","floor":37},{"not_picked":["FantasyOfEnteringEnlightenment+1","LifeCuttingSword"],"picked":"SlashOfMeditation+1","floor":40},{"not_picked":["HeavenlyHaloSlash","DispleasureOfTheSevenHakus+1"],"picked":"SlashOfAscensionToBuddhahood","floor":41},{"not_picked":["HumanKnowledgeSword","WickedSoul"],"picked":"TwoHundredYojanaInOneSlash","floor":42},{"not_picked":["CrescentMoonSlash","CherryBlossomFlashing"],"picked":"HiganSword+1","floor":45},{"not_picked":["SlashOfDelusionalInnerEye","SpiritCuttingSword+1"],"picked":"KarmicPunishmentOfTheIdleAndUnfocused+1","floor":47},{"not_picked":["SanzenSekai","HumanGodSword+1"],"picked":"LotusPostureSlash","floor":48},{"not_picked":["LifeCuttingSword+1","SwordExtraction"],"picked":"BizarrenessOfSixRealms","floor":54}],"player_experience":96391,"relics_obtained":[{"floor":6,"key":"TungstenRod"},{"floor":9,"key":"Frozen Egg 2"},{"floor":11,"key":"reliquary:SculptingSteel"},{"floor":25,"key":"reliquary:Buckler"},{"floor":26,"key":"Ornamental Fan"},{"floor":28,"key":"reliquary:FerryPass"},{"floor":40,"key":"reliquary:PartyBalloon"},{"floor":45,"key":"REME_HandOfSuture"},{"floor":54,"key":"reliquary:PorcupineQuills"}],"event_choices":[],"is_beta":false,"boss_relics":[{"not_picked":["energizedSpire:HugeHouse","Cursed Key"],"picked":"energizedSpire:CursedPentagram"},{"not_picked":["Sozu","reliquary:Ember"],"picked":"Fusion Hammer"}],"items_purged_floors":[],"is_endless":false,"potions_floor_spawned":[4,5,16,19,28,31,37,42,45],"ascension_level":1}}