{"host":"bplbr8uekuotory4","time":1614334048,"event":{"mods":["Act Like it!","BaseMod","Custom Start","GungeonMod","Hermit","KinomotoSakuraMod(木之本樱)","Marisa（F雨　魔理沙）","Minty Spire (QoL Compilation)","Prisma Mod","Quick Restart","Reimu（博丽灵梦）","SOS（斯巴达之子）","Spicy Shops","StSLib","TestMod","The Blackbeard","The Cursed","The Mystic","The Saiyan","The Senshi","The Servant 0.9.4","Yuri Mod","[IsaacMod]以撒尖塔"],"gold_per_floor":[364,68,139,139,139,139,171,171,171,185,185,214,214,234,234,333,333,351,403,426,178,178,178,31,68,143,343,343,393,393,426,426,525,525,536,536,553,568,19,71,71,108,108,108,108,108,123,10,10,16,16,16,16,47,68],"floor_reached":56,"language":"ZHS","playtime":1454,"items_purged":["Regret","TheCursedMod:Defend_TheCursed","TheCursedMod:Strike_TheCursed","Regret","TheCursedMod:Strike_TheCursed+1","TheCursedMod:Defend_TheCursed+1"],"score":2262,"play_id":"3418a7c1-caee-421a-bad7-5ba3478b6c9e","local_time":"20210226180728","is_ascension_mode":true,"campfire_choices":[{"data":"TheCursedMod:CleanUpWorkshop","floor":6,"key":"SMITH"},{"data":"TheCursedMod:ManaBullet","floor":8,"key":"SMITH"},{"data":"TheCursedMod:AntiAging","floor":13,"key":"SMITH"},{"data":"TheCursedMod:CursedWand","floor":15,"key":"SMITH"},{"data":"TheCursedMod:CircleOfCorruption","floor":23,"key":"SMITH"},{"data":"TheCursedMod:CircleOfAbyss","floor":28,"key":"SMITH"},{"data":"TheCursedMod:SpitefulPray","floor":32,"key":"SMITH"},{"data":"TheCursedMod:CursedRelics","floor":44,"key":"SMITH"},{"data":"TheCursedMod:Neurasthenia","floor":46,"key":"SMITH"},{"floor":49,"key":"RECALL"},{"data":"testmod-TaurusBlackCat","floor":52,"key":"SMITH"}],"circlet_count":0,"master_deck":["TheCursedMod:Strike_TheCursed+1","TheCursedMod:Strike_TheCursed+1","TheCursedMod:Defend_TheCursed+1","TheCursedMod:Defend_TheCursed+1","TheCursedMod:CursedWand+1","TheCursedMod:CleanUpWorkshop+1","TheCursedMod:Dregs","TheCursedMod:ManaBullet+1","TheCursedMod:SpitefulPray+1","TheCursedMod:AntiAging+1","TheCursedMod:CircleOfAbyss+1","TheCursedMod:CircleOfCorruption+1","TheCursedMod:CircleOfFlame+1","TheCursedMod:Neurasthenia+1","TheCursedMod:NeowsMight","TheCursedMod:StingEye","TheCursedMod:CursedShiv","TheCursedMod:CursedRelics+1","TheCursedMod:CircleOfWindfury","testmod-TaurusBlackCat+1"],"relics":["TheCursedMod:BlackMagic101","testmod-TestBox","HushsDoor","SatanicBible","testmod-BlackFramedGlasses","GuppysTail","Bag of Preparation","testmod-Justice","InkBottle","testmod-IntensifyImprint","Pocketwatch","testmod-DeterminationOfClimber","Void","Happy Flower","DemoMod:GlassGuonStoneRelic","BelialBook","RuthlessExorcism:ReiMu","testmod-TurbochargingSystem","testmod-Antiphasic","DemoMod:WaxWing","Bronze Scales","SteamSale","Juzu Bracelet","Toolbox","Gambling Chip","Mastiff:ReiMu","HowToJump","testmod-EqualTreatment","DemoMod:VorpalBullet","DemoMod:PoisonVial"],"acts_visited":["Exordium","TheCity","TheBeyond","TheEnding"],"potions_floor_usage":[7,12,17,33,33,33,33,55,55],"damage_taken":[{"damage":0,"enemies":"Jaw Worm","floor":1,"turns":1},{"damage":10,"enemies":"3 Sentries","floor":7,"turns":8},{"damage":0,"enemies":"Cultist","floor":10,"turns":1},{"damage":36,"enemies":"Lagavulin","floor":12,"turns":5},{"damage":0,"enemies":"Small Slimes","floor":14,"turns":1},{"damage":0,"enemies":"Hexaghost","floor":16,"turns":9},{"damage":0,"enemies":"2 Thieves","floor":18,"turns":3},{"damage":0,"enemies":"Hiden Room Battle","floor":19,"turns":2},{"damage":0,"enemies":"Spheric Guardian","floor":20,"turns":3},{"damage":0,"enemies":"Slavers","floor":25,"turns":1},{"damage":0,"enemies":"Gremlin Leader","floor":31,"turns":2},{"damage":0,"enemies":"Automaton","floor":33,"turns":3},{"damage":0,"enemies":"Orb Walker","floor":35,"turns":1},{"damage":0,"enemies":"3 Shapes","floor":37,"turns":1},{"damage":0,"enemies":"Writhing Mass","floor":38,"turns":1},{"damage":0,"enemies":"Nemesis","floor":40,"turns":1},{"damage":0,"enemies":"Giant Head","floor":42,"turns":3},{"damage":0,"enemies":"Jaw Worm Horde","floor":47,"turns":1},{"damage":0,"enemies":"Awakened One","floor":50,"turns":2},{"damage":0,"enemies":"Shield and Spear","floor":54,"turns":1},{"damage":0,"enemies":"The Heart","floor":55,"turns":2}],"seed_played":"7493834215188166289","potions_obtained":[{"floor":1,"key":"DemoMod:LeadSkinPotion"},{"floor":7,"key":"Explosive Potion"},{"floor":12,"key":"testmod-SpacePotion"},{"floor":20,"key":"Energy Potion"},{"floor":33,"key":"DemoMod:LeadSkinPotion"},{"floor":37,"key":"Ancient Potion"},{"floor":42,"key":"Weak Potion"}],"is_trial":false,"path_per_floor":["M","$","?","?","?","R","E","R","T","M","?","E","R","M","R","B",null,"M","?","M","$","?","R","$","E","T","?","R","?","?","E","R","B",null,"M","?","M","M","$","E","?","E","T","R","?","R","M","$","R","B",null,"R","$","E","B",null],"character_chosen":"THE_CURSED","items_purchased":["GuppysTail","Bag of Preparation","EntropicBrew","BelialBook","RuthlessExorcism:ReiMu","TheCursedMod:NeowsMight","SteamSale","Juzu Bracelet","Toolbox","TheCursedMod:CursedRelics","Gambling Chip","DemoMod:VorpalBullet"],"campfire_rested":0,"item_purchase_floors":[2,2,17,21,24,34,39,39,39,39,39,48],"current_hp_per_floor":[69,69,54,54,54,54,52,52,52,53,53,22,22,23,23,35,61,70,59,68,68,68,68,68,74,74,74,74,74,74,81,81,81,70,70,70,70,73,73,76,152,155,155,155,155,155,155,155,155,155,155,155,155,155,158],"gold":68,"neow_bonus":"TWO_FIFTY_GOLD","is_daily":false,"chose_seed":false,"campfire_upgraded":10,"win_rate":0.0,"timestamp":1614334048,"path_taken":["M","$","?","?","?","R","E","R","T","M","?","E","R","M","R","BOSS","M","?","?","$","?","R","$","E","T","?","R","?","?","E","R","BOSS","M","?","?","M","$","E","?","E","T","R","?","R","M","?","R","BOSS","R","$","E","BOSS"],"items_purchased_type":["Relic","Relic","Potion","Relic","Relic","Card","Relic","Relic","Relic","Card","Relic","Relic"],"build_version":"2020-12-22","purchased_purges":6,"victory":true,"max_hp_per_floor":[75,75,75,75,75,75,75,75,75,75,75,75,75,75,75,78,69,72,72,75,75,75,75,75,78,78,78,78,78,78,81,81,81,70,70,70,70,73,73,76,152,155,155,155,155,155,155,155,155,155,155,155,155,155,158],"card_choices":[{"not_picked":[],"picked":"ChaosCard","floor":0},{"not_picked":["TheCursedMod:CircleOfFlame","TheCursedMod:CursedMace"],"picked":"TheCursedMod:ManaBullet","floor":1},{"not_picked":["TheCursedMod:DoubleShield","TheCursedMod:ForbiddenAlchemy"],"picked":"TheCursedMod:SpitefulPray","floor":7},{"not_picked":["TheCursedMod:RapidMovement","TheCursedMod:CursedBlade","TheCursedMod:CursedMace"],"picked":"SKIP","floor":10},{"not_picked":["TheCursedMod:RapidMovement","TheCursedMod:Stretching"],"picked":"TheCursedMod:AntiAging","floor":12},{"not_picked":["TheCursedMod:Obscuration","TheCursedMod:SoulReap","TheCursedMod:RapidMovement"],"picked":"SKIP","floor":14},{"not_picked":["TheCursedMod:ForbiddenAlchemy","TheCursedMod:StunningStrike"],"picked":"TheCursedMod:CircleOfAbyss","floor":16},{"not_picked":["TheCursedMod:Torture+1","TheCursedMod:CursedMace"],"picked":"TheCursedMod:CircleOfCorruption","floor":18},{"not_picked":["TheCursedMod:CursedArmor","TheCursedMod:SpitefulPray"],"picked":"TheCursedMod:CircleOfFlame+1","floor":20},{"not_picked":["TheCursedMod:SoulReap","TheCursedMod:CursedMace","TheCursedMod:SpitefulPlan"],"picked":"SKIP","floor":25},{"not_picked":["TheCursedMod:RapidMovement","TheCursedMod:Grudge","TheCursedMod:HellsGateOpen+1"],"picked":"SKIP","floor":31},{"not_picked":["TheCursedMod:ForbiddenAlchemy","TheCursedMod:OutForBlood"],"picked":"TheCursedMod:Neurasthenia","floor":33},{"not_picked":["TheCursedMod:VitalStrike+1","TheCursedMod:ReleasedKnowledge+1"],"picked":"TheCursedMod:StingEye","floor":35},{"not_picked":["TheCursedMod:CircleOfFlame","TheCursedMod:Obscuration"],"picked":"TheCursedMod:CursedShiv","floor":37},{"not_picked":["TheCursedMod:RapidMovement","TheCursedMod:SaltUponWound+1","TheCursedMod:BloodBarrier+1"],"picked":"SKIP","floor":38},{"not_picked":["TheCursedMod:WearCloak","TheCursedMod:ReleasedKnowledge","TheCursedMod:CircleOfAbyss"],"picked":"SKIP","floor":40},{"not_picked":["TheCursedMod:WearCloak","TheCursedMod:BloodBarrier"],"picked":"TheCursedMod:CircleOfWindfury","floor":42},{"not_picked":["testmod-ConditionedReflex","Dark Shackles"],"picked":"testmod-TaurusBlackCat","floor":45},{"not_picked":["TheCursedMod:CursedBlade+1","TheCursedMod:Stretching+1","TheCursedMod:SpitefulStrike+1"],"picked":"SKIP","floor":47},{"not_picked":["TheCursedMod:CursedAmulet","TheCursedMod:Obscuration","TheCursedMod:UltimatePain"],"picked":"SKIP","floor":54}],"player_experience":1194533,"relics_obtained":[{"floor":7,"key":"InkBottle"},{"floor":9,"key":"testmod-IntensifyImprint"},{"floor":12,"key":"Pocketwatch"},{"floor":19,"key":"Void"},{"floor":19,"key":"Happy Flower"},{"floor":25,"key":"testmod-TurbochargingSystem"},{"floor":31,"key":"testmod-Antiphasic"},{"floor":40,"key":"Mastiff:ReiMu"},{"floor":42,"key":"HowToJump"},{"floor":43,"key":"testmod-EqualTreatment"},{"floor":54,"key":"DemoMod:WeirdEgg"}],"event_choices":[{"damage_healed":0,"gold_gain":0,"player_choice":"0 cards matched","damage_taken":0,"max_hp_gain":0,"max_hp_loss":0,"event_name":"Match and Keep!","floor":4,"gold_loss":0,"cards_obtained":[]},{"damage_healed":0,"gold_gain":0,"player_choice":"Box","damage_taken":0,"relics_obtained":["testmod-Justice"],"max_hp_gain":0,"max_hp_loss":0,"event_name":"Big Fish","floor":5,"gold_loss":0,"cards_obtained":["Regret"]},{"damage_healed":0,"gold_gain":0,"player_choice":"Bought 0 Potions","damage_taken":0,"max_hp_gain":0,"max_hp_loss":0,"event_name":"The Woman in Blue","floor":11,"gold_loss":0},{"damage_healed":0,"gold_gain":0,"player_choice":"Fight","damage_taken":0,"max_hp_gain":0,"max_hp_loss":0,"event_name":"HidenRoomEvent","floor":19,"gold_loss":0},{"damage_healed":0,"gold_gain":0,"player_choice":"Simplicity","damage_taken":0,"max_hp_gain":0,"max_hp_loss":0,"event_name":"Back to Basics","floor":22,"gold_loss":0,"cards_upgraded":["TheCursedMod:Strike_TheCursed","TheCursedMod:Strike_TheCursed","TheCursedMod:Strike_TheCursed","TheCursedMod:Defend_TheCursed","TheCursedMod:Defend_TheCursed","TheCursedMod:Defend_TheCursed"]},{"damage_healed":0,"gold_gain":200,"player_choice":"Gold","damage_taken":0,"max_hp_gain":0,"max_hp_loss":0,"event_name":"Wheel of Change","floor":27,"gold_loss":0},{"damage_healed":0,"gold_gain":100,"player_choice":"Bet on Murderer","damage_taken":0,"max_hp_gain":0,"max_hp_loss":0,"event_name":"The Joust","floor":29,"gold_loss":50},{"damage_healed":0,"gold_gain":0,"player_choice":"Ignored","damage_taken":0,"max_hp_gain":0,"max_hp_loss":0,"event_name":"Vampires","floor":30,"gold_loss":0},{"damage_healed":0,"gold_gain":0,"player_choice":"Gave Potion","damage_taken":0,"relics_obtained":["Bronze Scales"],"max_hp_gain":0,"max_hp_loss":0,"event_name":"WeMeetAgain","floor":36,"gold_loss":0},{"damage_healed":0,"gold_gain":0,"player_choice":"Swap Relic","damage_taken":0,"relics_obtained":["testmod-HarvestTotem"],"max_hp_gain":0,"max_hp_loss":0,"event_name":"给自己的盒子","floor":41,"relics_lost":["testmod-HarvestTotem"],"gold_loss":0},{"damage_healed":0,"gold_gain":0,"player_choice":"Memory 1","damage_taken":0,"max_hp_gain":0,"max_hp_loss":0,"event_name":"SensoryStone","floor":45,"gold_loss":0}],"is_beta":false,"boss_relics":[{"not_picked":["TheCursedMod:OminousMark","testmod-IncinerationGenerator"],"picked":"testmod-DeterminationOfClimber"},{"not_picked":[]},{"not_picked":["Runic Dome","Tiny House"],"picked":"DemoMod:WaxWing"},{"not_picked":[]}],"items_purged_floors":[2,17,21,34,39,48],"is_endless":false,"potions_floor_spawned":[1,7,12,20,33,37,42],"ascension_level":7}}