{"host":"95i1gxnztdrdyvhi","time":1614310216,"event":{"mods":["AchievementEnabler","Act Like it!","Aya Shameimaru","BaseMod","Minty Spire (QoL Compilation)","Quick Restart","StSLib"],"gold_per_floor":[117,42,42,42,67,103,103,137,137,173,173,24,39,39,39,160,160,183,201,201,215,229,229,249,249,249,285,285,304,332,242,242,337,337,348,697,697,697,716,742,742,754,754,754,754,754,779,797,797,797,797,797,50,79,79],"floor_reached":56,"language":"ENG","playtime":7017,"items_purged":["shameimaru:Strike","shameimaru:Strike","shameimaru:Defend"],"score":1411,"play_id":"3a43d2c6-c84d-48a8-a3c5-a7100c251e5c","local_time":"20210226033016","is_ascension_mode":false,"campfire_choices":[{"data":"shameimaru:WhispersOfTheWind","floor":7,"key":"SMITH"},{"data":"shameimaru:WhispersOfTheWind","floor":15,"key":"SMITH"},{"data":"shameimaru:BunbunmaruNewspaper","floor":23,"key":"SMITH"},{"data":"shameimaru:FranticSearch","floor":25,"key":"SMITH"},{"data":"shameimaru:ShootTheBullet","floor":32,"key":"SMITH"},{"data":"shameimaru:ClangingWindchime","floor":41,"key":"SMITH"},{"data":"shameimaru:AirSlash","floor":44,"key":"SMITH"},{"data":"shameimaru:EvasiveManeuver","floor":46,"key":"SMITH"},{"floor":49,"key":"RECALL"},{"data":"shameimaru:AirCutter","floor":52,"key":"SMITH"}],"circlet_count":0,"master_deck":["shameimaru:Defend","shameimaru:Defend","shameimaru:PlayfulTaunt+1","shameimaru:SnapshotStrike","shameimaru:WhispersOfTheWind+1","shameimaru:AirCutter+1","shameimaru:GustFan","shameimaru:ClangingWindchime+1","shameimaru:EvasiveManeuver+1","shameimaru:WhispersOfTheWind+1","shameimaru:AirSlash+1","shameimaru:BunbunmaruNewspaper+1","shameimaru:FranticSearch+1","shameimaru:ReporterInstinct+1","shameimaru:ShootTheBullet+1","shameimaru:OpeningWindAdvent+1","shameimaru:SkywardSonnet","shameimaru:AutumnalFallWind"],"relics":["shameimaru:blackbirdwings","NeowsBlessing","Bloody Idol","Calipers","Dream Catcher","Ancient Tea Set","Pantograph","Singing Bowl","Darkstone Periapt","Bottled Flame","StrikeDummy","Sozu","Old Coin","Meat on the Bone","Orichalcum","ClockworkSouvenir","Happy Flower","Thread and Needle","Toy Ornithopter"],"acts_visited":["Exordium","TheCity","TheBeyond","TheEnding"],"potions_floor_usage":[],"damage_taken":[{"damage":0,"enemies":"2 Louse","floor":1,"turns":1},{"damage":0,"enemies":"Small Slimes","floor":5,"turns":1},{"damage":0,"enemies":"Lagavulin","floor":6,"turns":1},{"damage":40,"enemies":"3 Sentries","floor":8,"turns":11},{"damage":2,"enemies":"Gremlin Nob","floor":10,"turns":4},{"damage":0,"enemies":"Cultist","floor":13,"turns":3},{"damage":14,"enemies":"Hexaghost","floor":16,"turns":3},{"damage":2,"enemies":"3 Byrds","floor":18,"turns":5},{"damage":0,"enemies":"Chosen","floor":19,"turns":3},{"damage":3,"enemies":"Shelled Parasite and Fungi","floor":21,"turns":4},{"damage":0,"enemies":"Sentry and Sphere","floor":22,"turns":3},{"damage":0,"enemies":"Centurion and Healer","floor":24,"turns":6},{"damage":0,"enemies":"Gremlin Leader","floor":27,"turns":4},{"damage":0,"enemies":"3 Cultists","floor":29,"turns":2},{"damage":27,"enemies":"Slavers","floor":30,"turns":2},{"damage":0,"enemies":"Automaton","floor":33,"turns":2},{"damage":0,"enemies":"3 Shapes","floor":35,"turns":3},{"damage":14,"enemies":"2 Orb Walkers","floor":36,"turns":4},{"damage":0,"enemies":"Orb Walker","floor":39,"turns":2},{"damage":11,"enemies":"Nemesis","floor":40,"turns":5},{"damage":0,"enemies":"Spire Growth","floor":42,"turns":2},{"damage":0,"enemies":"Reptomancer","floor":47,"turns":2},{"damage":0,"enemies":"4 Shapes","floor":48,"turns":1},{"damage":16,"enemies":"Awakened One","floor":50,"turns":3},{"damage":0,"enemies":"Shield and Spear","floor":54,"turns":1},{"damage":1,"enemies":"The Heart","floor":55,"turns":3}],"seed_played":"-1794120844283634236","potions_obtained":[{"floor":6,"key":"EssenceOfSteel"},{"floor":13,"key":"ColorlessPotion"},{"floor":19,"key":"Regen Potion"},{"floor":22,"key":"BlessingOfTheForge"}],"is_trial":false,"path_per_floor":["M","$","?","?","M","E","R","E","T","E","?","$","M","?","R","B",null,"M","M","?","M","M","R","M","R","T","E","?","M","E","?","R","B",null,"M","?","?","?","M","E","R","M","T","R","?","R","E","M","R","B",null,"R","$","E","B",null],"character_chosen":"AYA","items_purchased":["shameimaru:WhispersOfTheWind","ClockworkSouvenir","Happy Flower","Thread and Needle","shameimaru:SkywardSonnet"],"campfire_rested":0,"item_purchase_floors":[12,53,53,53,53],"current_hp_per_floor":[80,80,60,53,53,53,53,13,13,11,11,11,11,11,11,22,80,78,78,78,75,77,77,79,79,79,81,81,88,66,66,66,88,88,90,88,87,89,91,87,87,94,94,94,94,94,97,99,99,83,99,99,99,99,98],"gold":79,"neow_bonus":"THREE_ENEMY_KILL","is_daily":false,"chose_seed":false,"campfire_upgraded":9,"win_rate":0.0,"timestamp":1614310216,"path_taken":["M","$","?","?","M","E","R","E","T","E","?","$","M","?","R","BOSS","M","M","?","M","?","R","M","R","T","E","?","M","E","?","R","BOSS","M","?","?","?","M","E","R","M","T","R","?","R","E","?","R","BOSS","R","$","E","BOSS"],"items_purchased_type":["Card","Relic","Relic","Relic","Card"],"build_version":"2020-12-22","purchased_purges":3,"victory":true,"max_hp_per_floor":[80,80,80,80,80,80,80,80,80,80,80,80,80,80,80,80,80,80,80,80,80,82,82,84,84,84,86,86,88,88,88,88,88,88,90,92,87,89,91,93,93,95,95,95,95,95,97,99,99,99,99,99,99,99,99],"card_choices":[{"not_picked":["shameimaru:LoadedStatement","shameimaru:Persuade"],"picked":"shameimaru:WhispersOfTheWind","floor":1},{"not_picked":["shameimaru:FreezeFrame","shameimaru:InstantShotJournalist"],"picked":"shameimaru:AirCutter","floor":5},{"not_picked":["shameimaru:AirSlash","shameimaru:GaleBullet"],"picked":"shameimaru:GustFan","floor":6},{"not_picked":["shameimaru:DashingDomination","shameimaru:AirCutter"],"picked":"shameimaru:ClangingWindchime","floor":8},{"not_picked":["shameimaru:GuidingBreeze","shameimaru:FlutteringFeyFan"],"picked":"shameimaru:EvasiveManeuver","floor":10},{"not_picked":["shameimaru:DashingGrace","shameimaru:Opportunity"],"picked":"shameimaru:AirSlash","floor":13},{"not_picked":["shameimaru:PhotographicDisposal","shameimaru:ClangingWindchime"],"picked":"shameimaru:BunbunmaruNewspaper","floor":16},{"not_picked":["shameimaru:FlutteringFeyFan+1","shameimaru:Photoshoot","shameimaru:DashingGrace"],"picked":"SKIP","floor":18},{"not_picked":["shameimaru:Photocopier","shameimaru:Opportunity"],"picked":"shameimaru:FranticSearch","floor":19},{"not_picked":["shameimaru:GaleBlade+1","shameimaru:AirSlash"],"picked":"shameimaru:ReporterInstinct+1","floor":21},{"not_picked":["shameimaru:Opportunity","shameimaru:GustFan","shameimaru:Telescoping+1"],"picked":"Singing Bowl","floor":22},{"not_picked":["shameimaru:Photoshoot","shameimaru:GuidingBreeze","shameimaru:LoadedStatement"],"picked":"Singing Bowl","floor":24},{"not_picked":["shameimaru:Photoshoot","shameimaru:DeadlineDay","shameimaru:Opportunity"],"picked":"Singing Bowl","floor":27},{"not_picked":["shameimaru:Photocopier+1","shameimaru:FreezeFrame","shameimaru:DashingGrace"],"picked":"Singing Bowl","floor":29},{"not_picked":["shameimaru:RapidFirePhotography+1","shameimaru:Photocopier"],"picked":"shameimaru:ShootTheBullet","floor":30},{"not_picked":["shameimaru:OverclockedCamera","shameimaru:BunbunmaruNewspaper"],"picked":"shameimaru:OpeningWindAdvent","floor":33},{"not_picked":["shameimaru:Preparation","shameimaru:CandidShot+1","shameimaru:EvasiveManeuver+1"],"picked":"Singing Bowl","floor":35},{"not_picked":["shameimaru:CandidShot","shameimaru:GuidingBreeze+1","shameimaru:BlindingSpeed"],"picked":"Singing Bowl","floor":36},{"not_picked":["Mayhem","Blind","Dramatic Entrance"],"picked":"Singing Bowl","floor":38},{"not_picked":["shameimaru:GroupPhoto+1","shameimaru:AdverseWind","shameimaru:GaleBlade"],"picked":"Singing Bowl","floor":39},{"not_picked":["shameimaru:IntertwinedWinds+1","shameimaru:AdverseWind","shameimaru:ExclusiveScoop"],"picked":"Singing Bowl","floor":40},{"not_picked":["shameimaru:AirCutter+1","shameimaru:RapidFirePhotography","shameimaru:AdverseWind+1"],"picked":"Singing Bowl","floor":42},{"not_picked":["shameimaru:WindsOfChange","shameimaru:ExclusiveScoop","shameimaru:HighlightReel+1"],"picked":"Singing Bowl","floor":47},{"not_picked":["shameimaru:AirSlash+1","shameimaru:Photocopier","shameimaru:ExclusiveScoop+1"],"picked":"Singing Bowl","floor":48},{"not_picked":["shameimaru:Duality","shameimaru:WhispersOfTheWind+1"],"picked":"shameimaru:AutumnalFallWind","floor":54}],"player_experience":623014,"relics_obtained":[{"floor":6,"key":"Calipers"},{"floor":8,"key":"Dream Catcher"},{"floor":10,"key":"Ancient Tea Set"},{"floor":26,"key":"Darkstone Periapt"},{"floor":27,"key":"Bottled Flame"},{"floor":30,"key":"StrikeDummy"},{"floor":36,"key":"Old Coin"},{"floor":40,"key":"Meat on the Bone"},{"floor":43,"key":"Orichalcum"},{"floor":54,"key":"Toy Ornithopter"}],"event_choices":[{"damage_healed":0,"gold_gain":0,"player_choice":"Take Damage","damage_taken":20,"relics_obtained":["Golden Idol"],"max_hp_gain":0,"max_hp_loss":0,"event_name":"Golden Idol","floor":3,"gold_loss":0},{"cards_removed":["shameimaru:Defend"],"damage_healed":0,"gold_gain":0,"player_choice":"Card Removal","damage_taken":7,"max_hp_gain":0,"max_hp_loss":0,"event_name":"Golden Wing","floor":4,"gold_loss":0},{"cards_removed":["shameimaru:Strike"],"damage_healed":0,"gold_gain":0,"player_choice":"Forget","damage_taken":0,"max_hp_gain":0,"max_hp_loss":0,"event_name":"Living Wall","floor":11,"gold_loss":0},{"damage_healed":0,"gold_gain":0,"player_choice":"Searched \u00271\u0027 times","damage_taken":0,"relics_obtained":["Pantograph"],"max_hp_gain":0,"max_hp_loss":0,"event_name":"Dead Adventurer","floor":14,"gold_loss":0},{"damage_healed":0,"gold_gain":0,"player_choice":"Gave Potion","damage_taken":0,"relics_obtained":["Singing Bowl"],"max_hp_gain":0,"max_hp_loss":0,"event_name":"WeMeetAgain","floor":20,"gold_loss":0},{"damage_healed":0,"gold_gain":0,"player_choice":"Gave Idol","damage_taken":0,"relics_obtained":["Bloody Idol"],"max_hp_gain":0,"max_hp_loss":0,"event_name":"Forgotten Altar","floor":28,"relics_lost":["Golden Idol"],"gold_loss":0},{"cards_removed":["shameimaru:Strike"],"damage_healed":0,"gold_gain":0,"player_choice":"Upgrade and Remove","damage_taken":0,"max_hp_gain":0,"max_hp_loss":0,"event_name":"Designer","floor":31,"gold_loss":90,"cards_upgraded":["shameimaru:PlayfulTaunt"]},{"damage_healed":0,"gold_gain":0,"player_choice":"Fight","damage_taken":0,"max_hp_gain":0,"max_hp_loss":0,"event_name":"Mysterious Sphere","floor":36,"gold_loss":0},{"damage_healed":0,"gold_gain":0,"player_choice":"Max HP","damage_taken":0,"max_hp_gain":0,"max_hp_loss":5,"event_name":"Winding Halls","floor":37,"gold_loss":0},{"damage_healed":0,"gold_gain":0,"player_choice":"Memory 1","damage_taken":0,"max_hp_gain":0,"max_hp_loss":0,"event_name":"SensoryStone","floor":38,"gold_loss":0},{"damage_healed":0,"gold_gain":0,"player_choice":"Forge","damage_taken":0,"max_hp_gain":0,"max_hp_loss":0,"event_name":"Accursed Blacksmith","floor":45,"gold_loss":0,"cards_upgraded":["shameimaru:OpeningWindAdvent"]}],"is_beta":false,"boss_relics":[{"not_picked":["Calling Bell","Snecko Eye"],"picked":"shameimaru:blackbirdwings"},{"not_picked":["Philosopher\u0027s Stone","SacredBark"],"picked":"Sozu"}],"items_purged_floors":[2,12,53],"is_endless":false,"potions_floor_spawned":[6,13,19,22,24,30,35,36,48,54],"ascension_level":0}}