{"host":"mqhvlr3kpxebko0t","time":1614325103,"event":{"mods":["AchievementEnabler","BaseMod","Colored Map","Colored Powertips","KOR Keyword Fix","Keyboard Shortcuts","Minty Spire (QoL Compilation)","StSLib","SuperFastMode"],"gold_per_floor":[116,116,126,51,51,86,86,86,86,99,117,140,216,237,237,237,237],"floor_reached":16,"language":"KOR","playtime":232,"items_purged":[],"score":235,"play_id":"aaec4fa4-f859-42ac-838a-bd5ae599f572","local_time":"20210226163823","is_ascension_mode":true,"campfire_choices":[{"data":"Cloak And Dagger","floor":7,"key":"SMITH"},{"data":"Footwork","floor":15,"key":"SMITH"}],"circlet_count":0,"master_deck":["AscendersBane","Strike_G+1","Strike_G","Strike_G","Strike_G","Defend_G","Defend_G","Defend_G","Defend_G","Defend_G","Survivor","Neutralize+1","Cloak And Dagger+1","Crippling Poison","Blade Dance","Deadly Poison","PiercingWail","Footwork+1","Escape Plan"],"relics":["Ring of the Snake","NeowsBlessing","Golden Idol","Question Card","Matryoshka"],"acts_visited":["Exordium"],"potions_floor_usage":[16,16],"damage_taken":[{"damage":0,"enemies":"Small Slimes","floor":1,"turns":1},{"damage":0,"enemies":"2 Louse","floor":3,"turns":1},{"damage":0,"enemies":"3 Sentries","floor":6,"turns":1},{"damage":7,"enemies":"Jaw Worm","floor":10,"turns":4},{"damage":8,"enemies":"Looter","floor":11,"turns":3},{"damage":20,"enemies":"Lots of Slimes","floor":12,"turns":3},{"damage":1,"enemies":"Red Slaver","floor":14,"turns":6},{"damage":11,"enemies":"Hexaghost","floor":16,"turns":14}],"seed_played":"-6946503999910749150","potions_obtained":[{"floor":3,"key":"GamblersBrew"},{"floor":6,"key":"Dexterity Potion"}],"is_trial":false,"path_per_floor":["M","?","M","?","?","E","R","?","T","M","M","M","T","M","R","B"],"character_chosen":"THE_SILENT","items_purchased":[],"campfire_rested":0,"item_purchase_floors":[],"current_hp_per_floor":[59,39,39,39,39,39,39,44,44,37,29,9,9,8,8,0,0],"gold":237,"neow_bonus":"THREE_ENEMY_KILL","is_daily":false,"chose_seed":false,"campfire_upgraded":2,"win_rate":0.0,"timestamp":1614325103,"path_taken":["M","?","M","?","?","E","R","?","T","M","M","M","?","M","R","BOSS"],"items_purchased_type":[],"build_version":"2020-12-22","purchased_purges":0,"victory":false,"max_hp_per_floor":[66,66,66,66,60,60,60,65,65,65,65,65,65,65,65,65,65],"card_choices":[{"not_picked":["Sucker Punch","Outmaneuver"],"picked":"Cloak And Dagger","floor":1},{"not_picked":["Outmaneuver","Wraith Form v2"],"picked":"Crippling Poison","floor":3},{"not_picked":["Acrobatics","Outmaneuver"],"picked":"Blade Dance","floor":6},{"not_picked":["Sucker Punch","Dodge and Roll","Poisoned Stab"],"picked":"Deadly Poison","floor":10},{"not_picked":["A Thousand Cuts","Flechettes","Leg Sweep"],"picked":"PiercingWail","floor":11},{"not_picked":["Skewer","Sucker Punch","PiercingWail"],"picked":"Footwork","floor":12},{"not_picked":["Slice","Setup","Dagger Throw"],"picked":"Escape Plan","floor":14}],"player_experience":723133,"relics_obtained":[{"floor":6,"key":"Question Card"},{"floor":13,"key":"Matryoshka"}],"event_choices":[{"damage_healed":0,"gold_gain":0,"player_choice":"Entered Light","damage_taken":20,"max_hp_gain":0,"max_hp_loss":0,"event_name":"Shining Light","floor":2,"gold_loss":0,"cards_upgraded":["Strike_G","Neutralize"]},{"cards_removed":["Strike_G"],"damage_healed":0,"gold_gain":0,"player_choice":"Card Removal","damage_taken":0,"max_hp_gain":0,"max_hp_loss":0,"event_name":"The Cleric","floor":4,"gold_loss":75},{"damage_healed":0,"gold_gain":0,"player_choice":"Lose Max HP","damage_taken":0,"relics_obtained":["Golden Idol"],"max_hp_gain":0,"max_hp_loss":6,"event_name":"Golden Idol","floor":5,"gold_loss":0},{"damage_healed":0,"gold_gain":0,"player_choice":"Donut","damage_taken":0,"max_hp_gain":5,"max_hp_loss":0,"event_name":"Big Fish","floor":8,"gold_loss":0}],"is_beta":false,"boss_relics":[],"items_purged_floors":[],"is_endless":false,"potions_floor_spawned":[3,6,12],"killed_by":"Hexaghost","ascension_level":17}}