{"host":"qcf259yvvmr1jh6w","time":1614368365,"event":{"mods":["AchievementEnabler","Always Whale","BaseMod","BetterRewards","Colored Map","Downfall","Energized Spire","Hubris","Infinite Spire","Jorbs\u0027s Wanderer Trilogy","Minty Spire (QoL Compilation)","Quick Restart","Relic Sorter","Replay The Spire","Shop Mod","StSLib","SuperFastMode"],"gold_per_floor":[112,123,123,135,135,170,170,187,187,205,230,243,262,116,116,214,214,224,241,255,267,267,267,124,140,140,140,154,180,180,207,207,305,305,321,321,0,14,25,57,57,57,102,102,102,53,70,88,88,88,88],"floor_reached":50,"language":"ENG","playtime":2196,"items_purged":["Hallucinations","hubris:Gluttony"],"score":551,"play_id":"cf9f1cbd-a3fb-4ed1-824a-a7757c0d20e8","local_time":"20210226203925","is_ascension_mode":false,"campfire_choices":[{"floor":7,"key":"REST"},{"floor":15,"key":"REST"},{"floor":23,"key":"REST"},{"floor":30,"key":"REST"},{"floor":32,"key":"REST"},{"floor":42,"key":"REST"},{"data":"Catalyst","floor":44,"key":"SMITH"},{"floor":49,"key":"REST"}],"circlet_count":0,"master_deck":["Strike_G+1","Strike_G","Strike_G","Strike_G","Strike_G","Defend_G+1","Defend_G+1","Defend_G","Defend_G","Survivor+1","Neutralize","Deadly Poison","Backflip","Poisoned Stab","Toxin Wave+1","Deadly Poison+1","Prepared","Bane","Bouncing Flask","Corpse Explosion","Deadly Poison","Catalyst+1","ReplayTheSpireMod:Necrosis+1","Deadly Poison","Parasite","Deadly Poison+1","Poisoned Stab+1"],"relics":["Ring of the Snake","Orichalcum","Bag of Marbles","Happy Flower","ReplayTheSpireMod:CursedCoin","Strawberry","ChewingGum","Simple Rune","War Paint","Replay:Bottled Steam","Regal Pillow","Black Star","ReplayTheSpireMod:Lightbulb","Mercury Hourglass","Lantern","Potion Belt","HoveringKite","Gremlin Food","hubris:SphereOfDissonance","hubris:SlimyHat","Regal Pillow","hubris:Icosahedron"],"acts_visited":["Exordium","TheCity","TheBeyond"],"potions_floor_usage":[6,11,21,29,29,39,40,40,40,47,48,50,50],"damage_taken":[{"damage":5,"enemies":"Jaw Worm","floor":1,"turns":4},{"damage":6,"enemies":"Small Slimes","floor":2,"turns":3},{"damage":0,"enemies":"2 Louse","floor":4,"turns":2},{"damage":22,"enemies":"3 Sentries","floor":6,"turns":10},{"damage":1,"enemies":"2 Fungi Beasts","floor":8,"turns":4},{"damage":0,"enemies":"Red Slaver","floor":10,"turns":4},{"damage":19,"enemies":"Gremlin Nob","floor":11,"turns":4},{"damage":14,"enemies":"Blue Slaver","floor":12,"turns":3},{"damage":1,"enemies":"3 Louse","floor":13,"turns":4},{"damage":26,"enemies":"The Guardian","floor":16,"turns":8},{"damage":0,"enemies":"Spheric Guardian","floor":18,"turns":3},{"damage":7,"enemies":"Shell Parasite","floor":19,"turns":4},{"damage":17,"enemies":"Chosen and Byrds","floor":20,"turns":5},{"damage":8,"enemies":"Centurion and Healer","floor":21,"turns":4},{"damage":0,"enemies":"Sentry and Sphere","floor":25,"turns":3},{"damage":27,"enemies":"Snake Plant","floor":28,"turns":3},{"damage":12,"enemies":"Gremlin Leader","floor":29,"turns":4},{"damage":35,"enemies":"Book of Stabbing","floor":31,"turns":5},{"damage":52,"enemies":"hubris:MusketHawk","floor":33,"turns":7},{"damage":13,"enemies":"3 Darklings","floor":35,"turns":3},{"damage":4,"enemies":"3 Shapes","floor":38,"turns":2},{"damage":16,"enemies":"Writhing Mass","floor":39,"turns":4},{"damage":25,"enemies":"R_Hoarder","floor":40,"turns":5},{"damage":0,"enemies":"Sphere and 2 Shapes","floor":47,"turns":2},{"damage":0,"enemies":"Transient","floor":48,"turns":5},{"damage":80,"enemies":"Time Eater","floor":50,"turns":5}],"seed_played":"219077305945919121","potions_obtained":[{"floor":2,"key":"Swift Potion"},{"floor":4,"key":"AttackPotion"},{"floor":6,"key":"BlessingOfTheForge"},{"floor":16,"key":"SkillPotion"},{"floor":19,"key":"Weak Potion"},{"floor":20,"key":"DistilledChaos"},{"floor":25,"key":"hexamod:SoulburnPotion"},{"floor":29,"key":"Poison Potion"},{"floor":33,"key":"PowerPotion"},{"floor":40,"key":"AttackPotion"},{"floor":47,"key":"ColorlessPotion"},{"floor":48,"key":"AttackPotion"}],"is_trial":false,"path_per_floor":["M","M","?","M","?","E","R","M","T","M","E","M","M","$","R","B",null,"M","M","M","M","?","R","$","M","T","AVR","M","E","R","E","R","B",null,"M","?","$","M","M","E","?","R","T","R","?","$","M","M","R","B"],"character_chosen":"THE_SILENT","items_purchased":["ReplayTheSpireMod:CursedCoin","Bouncing Flask","Strawberry","War Paint","Gremlin Food","LiquidMemories","Energy Potion"],"campfire_rested":7,"item_purchase_floors":[14,14,14,24,37,37,46],"current_hp_per_floor":[65,59,59,59,59,37,58,57,57,57,38,24,23,30,53,27,77,77,70,53,45,45,68,68,68,68,68,41,29,67,32,70,18,77,64,64,64,60,44,19,19,57,57,57,57,57,57,57,77,0,0],"gold":88,"neow_bonus":"TRANSFORM_CARD","is_daily":false,"chose_seed":false,"campfire_upgraded":1,"win_rate":0.0,"timestamp":1614368365,"path_taken":["M","M","?","M","?","E","R","M","T","M","E","M","M","$","R","BOSS","M","M","M","M","?","R","$","M","T","AVR","M","E","R","E","R","BOSS","M","?","$","?","M","E","?","R","T","R","?","?","M","M","R","BOSS"],"items_purchased_type":["Relic","Card","Relic","Relic","Relic","Potion","Potion"],"build_version":"2020-12-22","purchased_purges":2,"victory":false,"max_hp_per_floor":[70,70,70,70,70,70,70,70,70,70,70,70,70,77,77,77,77,77,77,77,77,77,77,77,77,77,77,77,77,77,77,77,77,77,77,77,77,77,77,77,77,77,77,77,77,77,77,77,77,77,77],"card_choices":[{"not_picked":["Riddle With Holes","hubris:SlightOfHand"],"picked":"Deadly Poison","floor":1},{"not_picked":["Prepared","Backstab"],"picked":"Backflip","floor":2},{"not_picked":["Prepared","hubris:SlightOfHand"],"picked":"Poisoned Stab","floor":4},{"not_picked":["Crippling Poison","Sneak Up"],"picked":"Toxin Wave","floor":6},{"not_picked":["Sneak Up","Riddle With Holes"],"picked":"Deadly Poison","floor":8},{"not_picked":["Finisher","Tactician"],"picked":"Prepared","floor":10},{"not_picked":["Blur","Dagger Spray"],"picked":"Bane","floor":11},{"not_picked":["Dodge and Roll","Slice","ReplayTheSpireMod:Speed Training"],"picked":"SKIP","floor":12},{"not_picked":["Dodge and Roll","Deflect","Leg Sweep"],"picked":"SKIP","floor":13},{"not_picked":["Tools of the Trade","Storm of Steel"],"picked":"Corpse Explosion","floor":16},{"not_picked":["Deflect","hubris:SlightOfHand+1","Sucker Punch"],"picked":"SKIP","floor":18},{"not_picked":["Flying Knee","ReplayTheSpireMod:The Works","Tactician"],"picked":"SKIP","floor":19},{"not_picked":["Slice+1","Heel Hook"],"picked":"Deadly Poison","floor":20},{"not_picked":["Dagger Throw","Predator+1","ReplayTheSpireMod:Shiv Toss+1"],"picked":"SKIP","floor":21},{"not_picked":["Deflect","Predator+1"],"picked":"Catalyst","floor":25},{"not_picked":["hubris:SlightOfHand","Riddle With Holes","Fluid Movement"],"picked":"SKIP","floor":28},{"not_picked":["Deflect","Phantasmal Killer","Bane+1"],"picked":"SKIP","floor":29},{"not_picked":["Underhanded Strike","Dagger Spray","Phantasmal Killer"],"picked":"SKIP","floor":31},{"not_picked":["Adrenaline","Die Die Die"],"picked":"ReplayTheSpireMod:Necrosis","floor":33},{"not_picked":["Flying Knee","Cloak And Dagger+1","Slice+1"],"picked":"SKIP","floor":35},{"not_picked":["Blade Dance","Dagger Spray"],"picked":"Deadly Poison","floor":38},{"not_picked":["Expertise","Flying Knee+1","Slice+1"],"picked":"SKIP","floor":39},{"not_picked":["Cloak And Dagger+1","Bane+1","Slice+1"],"picked":"SKIP","floor":40},{"not_picked":["Sneak Up+1","Prepared+1"],"picked":"Deadly Poison+1","floor":47},{"not_picked":["Grand Finale","Deadly Poison"],"picked":"Poisoned Stab+1","floor":48}],"player_experience":143455,"relics_obtained":[{"floor":6,"key":"Orichalcum"},{"floor":9,"key":"Bag of Marbles"},{"floor":11,"key":"Happy Flower"},{"floor":26,"key":"Replay:Bottled Steam"},{"floor":29,"key":"ReplayTheSpireMod:Lightbulb"},{"floor":29,"key":"Mercury Hourglass"},{"floor":31,"key":"Lantern"},{"floor":31,"key":"Potion Belt"},{"floor":40,"key":"hubris:SphereOfDissonance"},{"floor":40,"key":"hubris:SlimyHat"},{"floor":43,"key":"Regal Pillow"}],"event_choices":[{"damage_healed":0,"gold_gain":0,"player_choice":"Forge","damage_taken":0,"max_hp_gain":0,"max_hp_loss":0,"event_name":"Accursed Blacksmith","floor":36,"gold_loss":0,"cards_upgraded":["ReplayTheSpireMod:Necrosis"]}],"is_beta":false,"boss_relics":[{"not_picked":["Kintsugi","Snecko Eye"],"picked":"ChewingGum"},{"not_picked":["Pandora\u0027s Box","Busted Crown"],"picked":"HoveringKite"}],"items_purged_floors":[14,37],"is_endless":false,"potions_floor_spawned":[2,4,6,16,19,20,25,29,33,40,47,48],"killed_by":"Time Eater","ascension_level":0}}