{"host":"2lo6hma6kymb0g9i","time":1614345931,"event":{"mods":["BaseMod","Colored Map","DeckTracker","Minty Spire (QoL Compilation)","SuperFastMode"],"gold_per_floor":[109,109,122,122,122,147,197,197,197,197,213,227,253,277,289,301,301],"floor_reached":16,"language":"JPN","playtime":695,"items_purged":[],"score":270,"play_id":"352749dd-7ae7-4724-ad9d-e486771ee54a","local_time":"20210226222531","is_ascension_mode":true,"campfire_choices":[{"data":"Sucker Punch","floor":8,"key":"SMITH"},{"data":"Blur","floor":10,"key":"SMITH"},{"data":"Blade Dance","floor":15,"key":"SMITH"}],"circlet_count":0,"master_deck":["AscendersBane","Strike_G","Strike_G","Strike_G","Defend_G","Defend_G","Defend_G","Defend_G","Defend_G","Survivor","Neutralize","Sucker Punch+1","Blur+1","Blade Dance+1","Acrobatics","Malaise","PiercingWail","Deadly Poison"],"relics":["Ring of the Snake","NeowsBlessing","StrikeDummy","The Courier","MawBank"],"acts_visited":["Exordium"],"potions_floor_usage":[13,16,16],"damage_taken":[{"damage":0,"enemies":"2 Louse","floor":1,"turns":1},{"damage":0,"enemies":"Cultist","floor":3,"turns":1},{"damage":0,"enemies":"3 Sentries","floor":6,"turns":1},{"damage":0,"enemies":"Jaw Worm","floor":11,"turns":3},{"damage":4,"enemies":"Exordium Thugs","floor":12,"turns":7},{"damage":5,"enemies":"Gremlin Nob","floor":13,"turns":3},{"damage":8,"enemies":"Blue Slaver","floor":14,"turns":3},{"damage":36,"enemies":"Slime Boss","floor":16,"turns":8}],"seed_played":"-2306052526765004048","potions_obtained":[{"floor":6,"key":"SkillPotion"},{"floor":12,"key":"FearPotion"},{"floor":13,"key":"Swift Potion"}],"is_trial":false,"path_per_floor":["M","?","M","?","$","E","?","R","T","R","M","M","E","M","R","B"],"character_chosen":"THE_SILENT","items_purchased":[],"campfire_rested":0,"item_purchase_floors":[],"current_hp_per_floor":[59,59,59,59,59,59,53,53,53,53,53,49,44,36,36,0,0],"gold":301,"neow_bonus":"THREE_ENEMY_KILL","is_daily":false,"chose_seed":false,"campfire_upgraded":3,"win_rate":0.0,"timestamp":1614345931,"path_taken":["M","?","?","?","?","E","?","R","T","R","M","M","E","M","R","BOSS"],"items_purchased_type":[],"build_version":"2020-12-22","purchased_purges":0,"victory":false,"max_hp_per_floor":[66,66,66,66,66,66,66,66,66,66,66,66,66,66,66,66,66],"card_choices":[{"not_picked":["Heel Hook","Underhanded Strike"],"picked":"Sucker Punch","floor":1},{"not_picked":["Caltrops","Deadly Poison"],"picked":"Blade Dance","floor":3},{"not_picked":["Predator","Outmaneuver","Riddle With Holes"],"picked":"SKIP","floor":6},{"not_picked":["Prepared","Distraction"],"picked":"Acrobatics","floor":11},{"not_picked":["Deflect","Underhanded Strike"],"picked":"Malaise","floor":12},{"not_picked":["Sucker Punch","Dagger Throw"],"picked":"PiercingWail","floor":13},{"not_picked":["Blur","Bouncing Flask"],"picked":"Deadly Poison","floor":14}],"player_experience":1259544,"relics_obtained":[{"floor":6,"key":"StrikeDummy"},{"floor":9,"key":"The Courier"},{"floor":13,"key":"MawBank"}],"event_choices":[{"damage_healed":0,"gold_gain":0,"cards_transformed":["Strike_G"],"player_choice":"Transformed","damage_taken":0,"max_hp_gain":0,"max_hp_loss":0,"event_name":"Transmorgrifier","floor":2,"gold_loss":0,"cards_obtained":["Blur"]},{"cards_removed":["Strike_G"],"damage_healed":0,"gold_gain":0,"player_choice":"Purged","damage_taken":0,"max_hp_gain":0,"max_hp_loss":0,"event_name":"Purifier","floor":4,"gold_loss":0},{"damage_healed":0,"gold_gain":50,"player_choice":"Touch","damage_taken":6,"max_hp_gain":0,"max_hp_loss":0,"event_name":"FaceTrader","floor":7,"gold_loss":0}],"is_beta":false,"boss_relics":[],"items_purged_floors":[],"is_endless":false,"potions_floor_spawned":[6,12,13,14],"killed_by":"Slime Boss","ascension_level":20}}