{"host":"9gd2vfcpq4ax5tj2","time":1614346744,"event":{"mods":["BaseMod","Colored Map","Downfall","Minty Spire (QoL Compilation)","StSLib"],"gold_per_floor":[99,119,135,75,136,61,61,93,111,124,124,137,137,150,165,264,264,214,234,244,244,304,133,133,167,225,225,282,38,94,106,118,118,118,118],"floor_reached":33,"language":"ENG","playtime":2220,"items_purged":["Slimebound:Defend_Slimebound"],"score":275,"play_id":"31793c1f-19fc-47ce-88db-7f07a2aa4aa1","local_time":"20210227000904","is_ascension_mode":false,"campfire_choices":[{"data":"Slimebound:Split","floor":1,"key":"SMITH"},{"data":"Slimebound:OozeBath","floor":18,"key":"SMITH"}],"circlet_count":0,"master_deck":["Slimebound:Strike_Slimebound","Slimebound:Strike_Slimebound","Slimebound:Strike_Slimebound","Slimebound:Tackle","Slimebound:Defend_Slimebound","Slimebound:Defend_Slimebound","Slimebound:Defend_Slimebound","Slimebound:Split+1","Slimebound:CorrosiveSpit","Slimebound:Schlurp","Slimebound:SplitBruiser","Slimebound:RollThrough","Slimebound:Prepare","Slimebound:LeechLife","Slimebound:LivingWall","Slimebound:LeechingTouch","Slimebound:Repurpose","Slimebound:OozeBath+1","Slimebound:LeechEnergy","Slimebound:SelfFormingGoo","Slimebound:SplitAcid+1","Slimebound:ForwardTackle"],"relics":["Slimebound:AbsorbEndCombat","Pen Nib","Slimebound:GreedOozeRelic","Bottled Flame","Toy Ornithopter","Busted Crown","downfall:KnowingSkull","Sling","Singing Bowl","Regal Pillow","Bag of Preparation"],"acts_visited":["Exordium","TheCity"],"potions_floor_usage":[8,8,22,28,29,31,33],"damage_taken":[{"damage":13,"enemies":"Small Slimes","floor":2,"turns":3},{"damage":23,"enemies":"Jaw Worm","floor":3,"turns":4},{"damage":5,"enemies":"downfall:FleeingMerchant","floor":4,"turns":4},{"damage":21,"enemies":"Gremlin Nob","floor":5,"turns":4},{"damage":12,"enemies":"Gremlin Nob","floor":8,"turns":3},{"damage":8,"enemies":"2 Louse","floor":9,"turns":3},{"damage":8,"enemies":"Lots of Slimes","floor":10,"turns":4},{"damage":0,"enemies":"downfall:LooterAlt","floor":12,"turns":3},{"damage":0,"enemies":"Red Slaver","floor":14,"turns":2},{"damage":17,"enemies":"Gremlin Gang","floor":15,"turns":3},{"damage":63,"enemies":"WA_ARCHETYPE_RETAIN","floor":16,"turns":9},{"damage":26,"enemies":"downfall:LooterAlt2","floor":19,"turns":4},{"damage":0,"enemies":"3 Byrds","floor":20,"turns":4},{"damage":18,"enemies":"Snake Plant","floor":22,"turns":3},{"damage":6,"enemies":"downfall:FleeingMerchant","floor":23,"turns":4},{"damage":13,"enemies":"Book of Stabbing","floor":25,"turns":4},{"damage":32,"enemies":"Centurion and Healer","floor":26,"turns":5},{"damage":23,"enemies":"Shelled Parasite and Fungi","floor":28,"turns":5},{"damage":15,"enemies":"downfall:FleeingMerchant","floor":29,"turns":4},{"damage":18,"enemies":"Snake Plant","floor":30,"turns":3},{"damage":29,"enemies":"Centurion and Healer","floor":31,"turns":5},{"damage":13,"enemies":"3 Cultists","floor":32,"turns":5},{"damage":54,"enemies":"DF_ARCHETYPE_CLAW","floor":33,"turns":7}],"seed_played":"4197592416223058743","potions_obtained":[{"floor":3,"key":"LiquidMemories"},{"floor":5,"key":"Slimebound:SlimedPotion"},{"floor":10,"key":"LiquidBronze"},{"floor":11,"key":"Slimebound:SlimyTonguePotion"},{"floor":11,"key":"BlessingOfTheForge"},{"floor":26,"key":"Fire Potion"},{"floor":28,"key":"SkillPotion"},{"floor":31,"key":"PowerPotion"},{"floor":32,"key":"FearPotion"}],"is_trial":false,"path_per_floor":["R","M","M","$","?","?","T","E","M","M","?","M","?","M","M","B",null,"R","M","M","?","M","$","T","E","M","?","M","$","M","M","M","B"],"character_chosen":"SLIMEBOUND","items_purchased":["Slimebound:RollThrough","Sling","Bag of Preparation"],"campfire_rested":0,"item_purchase_floors":[4,23,29],"current_hp_per_floor":[71,60,39,42,25,25,25,17,13,5,5,11,71,71,56,9,71,71,70,71,65,67,67,67,60,34,34,26,31,31,29,32,0,0,0],"gold":118,"neow_bonus":"TEN_PERCENT_HP_BONUS","is_daily":false,"chose_seed":false,"campfire_upgraded":2,"win_rate":0.0,"timestamp":1614346744,"path_taken":["R","M","M","$","?","?","T","E","M","M","?","?","?","M","M","BOSS","R","M","M","?","M","$","T","E","?","?","M","$","M","M","M","BOSS"],"items_purchased_type":["Card","Relic","Relic"],"build_version":"2020-12-22","purchased_purges":1,"victory":false,"max_hp_per_floor":[71,71,71,71,71,71,71,71,71,71,71,71,71,71,71,71,71,71,71,71,71,71,71,71,71,73,73,75,75,75,77,79,79,79,79],"card_choices":[{"not_picked":["Slimebound:GoopTackle","Slimebound:SamplingLick"],"picked":"Slimebound:Schlurp","floor":2},{"not_picked":["Slimebound:SamplingLick","Slimebound:SlimeSpikes"],"picked":"Slimebound:SplitBruiser","floor":3},{"not_picked":["Slimebound:Nibble","Slimebound:ItLooksTasty"],"picked":"Slimebound:Gluttony","floor":4},{"not_picked":["Slimebound:SplitAcid","Slimebound:ViciousTackle"],"picked":"Slimebound:Prepare","floor":5},{"not_picked":["Slimebound:RollThrough","Slimebound:SplitLeeching"],"picked":"Slimebound:LeechLife","floor":8},{"not_picked":["Slimebound:LeadByExample","Slimebound:SplitLeeching"],"picked":"Slimebound:LivingWall","floor":9},{"not_picked":["Slimebound:SplitAcid","Slimebound:ViciousTackle"],"picked":"Slimebound:LeechingTouch","floor":10},{"not_picked":["Slimebound:LeechEnergy","Slimebound:FlameTackle","Slimebound:ComboTackle"],"picked":"SKIP","floor":12},{"not_picked":["Slimebound:FlameTackle","Slimebound:ItLooksTasty"],"picked":"Slimebound:Repurpose","floor":14},{"not_picked":["Slimebound:Schlurp","Slimebound:SlimeSlap","Slimebound:HauntingLick"],"picked":"SKIP","floor":15},{"not_picked":["Slimebound:SelfFormingGoo","Slimebound:DouseInSlime"],"picked":"Slimebound:OozeBath","floor":16},{"not_picked":["Slimebound:SpikyOuterGoop"],"picked":"SKIP","floor":19},{"not_picked":[],"picked":"Slimebound:LeechEnergy","floor":20},{"not_picked":["Slimebound:GrowthPunch"],"picked":"SKIP","floor":22},{"not_picked":["Slimebound:SamplingLick"],"picked":"SKIP","floor":23},{"not_picked":[],"picked":"Slimebound:SelfFormingGoo","floor":25},{"not_picked":["Slimebound:TongueLash"],"picked":"Singing Bowl","floor":26},{"not_picked":["Slimebound:PressTheAttack"],"picked":"Singing Bowl","floor":28},{"not_picked":[],"picked":"Slimebound:SplitAcid+1","floor":29},{"not_picked":[],"picked":"Slimebound:ForwardTackle","floor":30},{"not_picked":["Slimebound:ItLooksTasty"],"picked":"Singing Bowl","floor":31},{"not_picked":["Slimebound:LeechEnergy"],"picked":"Singing Bowl","floor":32}],"player_experience":126791,"relics_obtained":[{"floor":5,"key":"Pen Nib"},{"floor":7,"key":"Bottled Flame"},{"floor":8,"key":"Toy Ornithopter"},{"floor":24,"key":"Singing Bowl"},{"floor":25,"key":"Regal Pillow"}],"event_choices":[{"damage_healed":0,"gold_gain":0,"player_choice":"Got Potions","damage_taken":0,"max_hp_gain":0,"max_hp_loss":0,"event_name":"Lab","floor":11,"gold_loss":0},{"cards_removed":["Slimebound:Gluttony"],"damage_healed":60,"gold_gain":0,"player_choice":"Offered Uncommon","damage_taken":0,"max_hp_gain":0,"max_hp_loss":0,"event_name":"Bonfire Elementals","floor":13,"gold_loss":0},{"damage_healed":0,"gold_gain":0,"player_choice":"Ignored","damage_taken":0,"max_hp_gain":0,"max_hp_loss":0,"event_name":"NoteForYourself","floor":27,"gold_loss":0}],"is_beta":false,"boss_relics":[{"not_picked":["Runic Dome","Astrolabe"],"picked":"Busted Crown"}],"items_purged_floors":[29],"is_endless":false,"potions_floor_spawned":[3,5,10,14,20,26,28,31,32],"killed_by":"DF_ARCHETYPE_CLAW","ascension_level":0}}