{"host":"o54aw4mfims5m8ve","time":1614310934,"event":{"mods":["BaseMod","Downfall","Minty Spire (QoL Compilation)","StSLib","The Senshi"],"gold_per_floor":[109,123,136,136,9,38,38,93,117,117,132,132,149,149,149,247,247,257,257,257,257,14,14,32,32,32,49,49,65,65,85,85,182,182,202,77,77,96,109,109,129,61,61,76,76,102,118,118,118,118],"floor_reached":51,"language":"ENG","playtime":4818,"items_purged":["theSenshi:SailorBlock","theSenshi:MoonPrismPowerMakeUp","theSenshi:SailorMarsAssists"],"score":627,"play_id":"c27005ab-b4d7-4c86-b9c1-fe2571baf095","local_time":"20210226034214","is_ascension_mode":false,"campfire_choices":[{"data":"theSenshi:MoonCrisisMakeUp","floor":7,"key":"SMITH"},{"floor":10,"key":"REST"},{"data":"theSenshi:MoonTwilightFlash","floor":15,"key":"SMITH"},{"data":"theSenshi:MoonCosmicPowerMakeUp","floor":23,"key":"SMITH"},{"data":"theSenshi:MoonPrincessHalation","floor":28,"key":"SMITH"},{"floor":30,"key":"REST"},{"data":"theSenshi:MoonKick","floor":32,"key":"SMITH"},{"data":"theSenshi:MoonCrystalPowerMakeUp","floor":40,"key":"SMITH"},{"data":"theSenshi:CrisisMakeUp","floor":49,"key":"SMITH"}],"circlet_count":0,"master_deck":["theSenshi:SailorKick+1","theSenshi:SailorKick+1","theSenshi:SailorBlock+1","theSenshi:SailorBlock+1","theSenshi:RoseThrow","theSenshi:MoonCrisisMakeUp+1","theSenshi:MoonCosmicPowerMakeUp+1","theSenshi:MoonKick+1","theSenshi:SaturnsMystery","theSenshi:MoonTwilightFlash+1","theSenshi:StudyParty","theSenshi:MoonsReflection+1","RitualDagger","theSenshi:MoonPrincessHalation+1","theSenshi:MoonHealingEscalation","theSenshi:MoonHealingEscalation+1","Finesse","theSenshi:MoonCrystalPowerMakeUp+1","theSenshi:MoonPunch+1","theSenshi:CrisisMakeUp+1","theSenshi:MoonPrincessHalation+1"],"relics":["theSenshi:TransformationBroochRelic","Happy Flower","Gremlin Horn","theSenshi:TiaraRelic","Matryoshka","Empty Cage","Ornamental Fan","PreservedInsect","MealTicket","Enchiridion","Regal Pillow","Letter Opener","theSenshi:EternalSailorFukuRelic","Anchor","White Beast Statue","theSenshi:HolyGrailRelic"],"acts_visited":["Exordium","TheCity","TheBeyond"],"potions_floor_usage":[6,16,33,39,44,47,50],"damage_taken":[{"damage":0,"enemies":"Small Slimes","floor":1,"turns":6},{"damage":0,"enemies":"2 Louse","floor":2,"turns":5},{"damage":5,"enemies":"Jaw Worm","floor":3,"turns":4},{"damage":16,"enemies":"Lagavulin","floor":6,"turns":9},{"damage":14,"enemies":"Lagavulin Event","floor":8,"turns":6},{"damage":0,"enemies":"2 Fungi Beasts","floor":11,"turns":3},{"damage":2,"enemies":"Exordium Wildlife","floor":13,"turns":4},{"damage":22,"enemies":"The Guardian","floor":16,"turns":9},{"damage":3,"enemies":"Shell Parasite","floor":18,"turns":4},{"damage":13,"enemies":"Chosen","floor":24,"turns":5},{"damage":21,"enemies":"Shelled Parasite and Fungi","floor":27,"turns":4},{"damage":16,"enemies":"Sentry and Sphere","floor":29,"turns":4},{"damage":0,"enemies":"Snecko","floor":31,"turns":2},{"damage":12,"enemies":"Champ","floor":33,"turns":10},{"damage":4,"enemies":"3 Shapes","floor":35,"turns":5},{"damage":9,"enemies":"Orb Walker","floor":38,"turns":3},{"damage":8,"enemies":"Maw","floor":39,"turns":6},{"damage":49,"enemies":"Sphere and 2 Shapes","floor":41,"turns":7},{"damage":7,"enemies":"4 Shapes","floor":44,"turns":7},{"damage":26,"enemies":"Nemesis","floor":46,"turns":7},{"damage":40,"enemies":"Writhing Mass","floor":47,"turns":7},{"damage":31,"enemies":"Time Eater","floor":50,"turns":11}],"seed_played":"6846930756812637760","potions_obtained":[{"floor":11,"key":"PowerPotion"},{"floor":13,"key":"Energy Potion"},{"floor":16,"key":"FairyPotion"},{"floor":31,"key":"FairyPotion"},{"floor":35,"key":"champ:CounterPotion"},{"floor":39,"key":"Energy Potion"},{"floor":44,"key":"SpeedPotion"},{"floor":47,"key":"Weak Potion"}],"is_trial":false,"path_per_floor":["M","M","M","?","$","E","R","?","T","R","M","T","M","?","R","B",null,"M","?","?","T","$","R","M","?","T","M","R","M","R","M","R","B",null,"M","$","?","M","M","R","M","$","T","M","?","E","M","?","R","B",null],"character_chosen":"THE_SENSHI","items_purchased":["PowerPotion","MealTicket","theSenshi:CrisisMakeUp"],"campfire_rested":2,"item_purchase_floors":[5,22,42],"current_hp_per_floor":[75,75,70,55,55,39,39,25,25,47,62,62,60,60,60,53,75,73,73,67,67,67,67,68,52,52,41,41,25,62,62,62,75,75,75,75,75,71,75,75,47,62,62,75,71,71,57,57,57,68],"gold":118,"neow_bonus":"REMOVE_CARD","is_daily":false,"chose_seed":false,"campfire_upgraded":7,"win_rate":0.0,"timestamp":1614310934,"path_taken":["M","M","M","?","$","E","R","?","T","R","M","?","M","?","R","BOSS","M","?","?","?","$","R","M","?","T","?","R","M","R","M","R","BOSS","M","$","?","?","M","R","M","$","T","M","?","E","M","?","R","BOSS"],"items_purchased_type":["Potion","Relic","Card"],"build_version":"2020-12-22","purchased_purges":3,"victory":true,"max_hp_per_floor":[75,75,75,75,75,75,75,75,75,75,75,75,75,75,75,75,75,75,75,75,75,75,75,75,75,75,75,75,75,75,75,75,75,75,75,75,75,75,75,75,75,75,75,75,71,71,71,71,71,71],"card_choices":[{"not_picked":["theSenshi:EncouragingSpeech","theSenshi:MoonTiaraMagic"],"picked":"theSenshi:MoonCrisisMakeUp","floor":1},{"not_picked":["theSenshi:MoonsReflection","theSenshi:LateForSchool"],"picked":"theSenshi:MoonCosmicPowerMakeUp","floor":2},{"not_picked":["theSenshi:LateForSchool","theSenshi:FatedKiss"],"picked":"theSenshi:SailorMarsAssists","floor":3},{"not_picked":["theSenshi:PlutosSolemnity","theSenshi:MoonTiaraMagic"],"picked":"theSenshi:MoonKick","floor":6},{"not_picked":["theSenshi:SchoolBag","theSenshi:SupersonicWaves"],"picked":"theSenshi:SaturnsMystery","floor":8},{"not_picked":["theSenshi:MoonTiaraMagic","theSenshi:TallSilhouette","theSenshi:GatheringStrength"],"picked":"SKIP","floor":11},{"not_picked":["theSenshi:Sidestep","theSenshi:LunasBite"],"picked":"theSenshi:MoonTwilightFlash","floor":13},{"not_picked":["theSenshi:FatedKiss","theSenshi:JupitersPower"],"picked":"theSenshi:StudyParty","floor":16},{"not_picked":["theSenshi:SailorMercuryAssists","theSenshi:TuxedoSmokingBomber"],"picked":"theSenshi:MoonsReflection+1","floor":18},{"not_picked":["theSenshi:MoonPower","theSenshi:TallSilhouette","theSenshi:MarsPride"],"picked":"SKIP","floor":24},{"not_picked":["theSenshi:MarsPride","theSenshi:SailorVenusAssists+1"],"picked":"theSenshi:MoonPrincessHalation","floor":27},{"not_picked":["theSenshi:MoonSpiralHeartAttack","theSenshi:TuxedoSmokingBomber"],"picked":"theSenshi:MoonHealingEscalation","floor":29},{"not_picked":["theSenshi:DramaticEntrance+1","theSenshi:EncouragingSpeech"],"picked":"theSenshi:MoonHealingEscalation+1","floor":31},{"not_picked":["theSenshi:LunaWiseMentor","theSenshi:MoonTwilightFlash+1","theSenshi:MoonPower+1"],"picked":"SKIP","floor":35},{"not_picked":["theSenshi:PlutosSolemnity+1","theSenshi:TuxedoSmokingBomber"],"picked":"theSenshi:MoonCrystalPowerMakeUp","floor":38},{"not_picked":["theSenshi:PlutosSolemnity","theSenshi:MoonsReflection"],"picked":"theSenshi:MoonPunch+1","floor":39},{"not_picked":["theSenshi:MoonsReflection","theSenshi:SailorVenusAssists+1","theSenshi:MoonCrystalPowerMakeUp"],"picked":"SKIP","floor":41},{"not_picked":["theSenshi:SchoolBag+1","theSenshi:MoonSpiralHeartAttack","theSenshi:GlimpseOfThePast"],"picked":"SKIP","floor":44},{"not_picked":["theSenshi:Sidestep","theSenshi:EncouragingSpeech+1","theSenshi:SilverCrystal"],"picked":"SKIP","floor":46},{"not_picked":["theSenshi:SailorMercuryAssists+1","theSenshi:TuxedoSmokingBomber+1"],"picked":"theSenshi:MoonPrincessHalation+1","floor":47}],"player_experience":199190,"relics_obtained":[{"floor":6,"key":"Happy Flower"},{"floor":8,"key":"Gremlin Horn"},{"floor":9,"key":"theSenshi:TiaraRelic"},{"floor":12,"key":"Matryoshka"},{"floor":21,"key":"Ornamental Fan"},{"floor":21,"key":"PreservedInsect"},{"floor":25,"key":"Enchiridion"},{"floor":26,"key":"Regal Pillow"},{"floor":26,"key":"Letter Opener"},{"floor":43,"key":"Anchor"},{"floor":46,"key":"White Beast Statue"},{"floor":48,"key":"theSenshi:HolyGrailRelic"}],"event_choices":[{"damage_healed":0,"gold_gain":0,"player_choice":"Entered Light","damage_taken":15,"max_hp_gain":0,"max_hp_loss":0,"event_name":"Shining Light","floor":4,"gold_loss":0,"cards_upgraded":["theSenshi:SailorBlock","theSenshi:SailorKick"]},{"damage_healed":0,"gold_gain":0,"player_choice":"Searched \u00272\u0027 times","damage_taken":0,"max_hp_gain":0,"max_hp_loss":0,"event_name":"Dead Adventurer","floor":8,"gold_loss":0},{"damage_healed":0,"gold_gain":0,"player_choice":"Ignored","damage_taken":0,"max_hp_gain":0,"max_hp_loss":0,"event_name":"Golden Idol","floor":14,"gold_loss":0},{"damage_healed":0,"gold_gain":0,"player_choice":"Simplicity","damage_taken":0,"max_hp_gain":0,"max_hp_loss":0,"event_name":"Back to Basics","floor":19,"gold_loss":0,"cards_upgraded":["theSenshi:SailorKick","theSenshi:SailorBlock"]},{"damage_healed":0,"gold_gain":0,"player_choice":"Joined the Cult","damage_taken":6,"max_hp_gain":0,"max_hp_loss":0,"event_name":"Nest","floor":20,"gold_loss":0,"cards_obtained":["RitualDagger"]},{"damage_healed":0,"gold_gain":0,"player_choice":"Obtained Book","damage_taken":16,"max_hp_gain":0,"max_hp_loss":0,"event_name":"Cursed Tome","floor":25,"gold_loss":0},{"damage_healed":0,"gold_gain":0,"player_choice":"1 cards matched","damage_taken":0,"max_hp_gain":0,"max_hp_loss":0,"event_name":"Match and Keep!","floor":37,"gold_loss":0,"cards_obtained":["Finesse"]},{"damage_healed":0,"gold_gain":0,"player_choice":"1 cards matched","damage_taken":0,"max_hp_gain":0,"max_hp_loss":0,"event_name":"Match and Keep!","floor":37,"gold_loss":0,"cards_obtained":["Finesse"]},{"damage_healed":0,"gold_gain":0,"player_choice":"Max HP","damage_taken":0,"max_hp_gain":0,"max_hp_loss":4,"event_name":"Winding Halls","floor":45,"gold_loss":0},{"damage_healed":0,"gold_gain":0,"player_choice":"Relic","damage_taken":0,"max_hp_gain":0,"max_hp_loss":0,"event_name":"Wheel of Change","floor":48,"gold_loss":0}],"is_beta":false,"boss_relics":[{"not_picked":["Sozu","Coffee Dripper"],"picked":"Empty Cage"},{"not_picked":["SacredBark","Tiny House"],"picked":"theSenshi:EternalSailorFukuRelic"}],"items_purged_floors":[5,22,36],"is_endless":false,"potions_floor_spawned":[11,13,16,31,35,39,44,47],"ascension_level":0}}