{"host":"d76q0rb9a0s9bgr5","time":1614362145,"event":{"mods":["BaseMod","Downfall","Hubris","Minty Spire (QoL Compilation)","StSLib"],"gold_per_floor":[99,111,121,136,148,148,160,272,284,313,341,364,386,39,54,158,158,158,158,258,278,298,298,323,323,323,323,323],"floor_reached":26,"language":"ENG","playtime":1831,"items_purged":["sneckomod:Strike"],"score":202,"play_id":"65579df5-eb36-4095-951d-0cc434ce494b","local_time":"20210226185545","is_ascension_mode":false,"campfire_choices":[{"data":"sneckomod:TailWhip","floor":1,"key":"SMITH"},{"data":"sneckomod:UnknownUncommonPower","floor":9,"key":"SMITH"},{"data":"expansioncontent:QuickStudy","floor":18,"key":"SMITH"},{"data":"sneckomod:UnknownRareAttack","floor":23,"key":"SMITH"},{"data":"sneckomod:Transmogrify","floor":25,"key":"SMITH"}],"circlet_count":0,"master_deck":["sneckomod:Strike","sneckomod:Strike","sneckomod:Defend","sneckomod:Defend","sneckomod:Defend","sneckomod:TailWhip+1","sneckomod:SnekBite","sneckomod:Unknown","sneckomod:Unknown","sneckomod:UnknownDexterity","sneckomod:Unknown0Cost","sneckomod:UnknownUncommonPower+1","sneckomod:UnknownRareAttack+1","sneckomod:UnknownUncommonPower","sneckomod:UnknownBlock","sneckomod:SnekBeam","expansioncontent:QuickStudy+1","sneckomod:UnknownBlock","sneckomod:Transmogrify+1","sneckomod:UnknownColorless","sneckomod:UnknownUncommonPower"],"relics":["hubris:HollowSoul","MawBank","Vajra","Omamori","Nilry\u0027s Codex","PreservedInsect"],"acts_visited":["Exordium","TheCity"],"potions_floor_usage":[13,13,13,16,26],"damage_taken":[{"damage":1,"enemies":"Cultist","floor":2,"turns":3},{"damage":1,"enemies":"Jaw Worm","floor":3,"turns":2},{"damage":12,"enemies":"2 Louse","floor":4,"turns":3},{"damage":8,"enemies":"Lots of Slimes","floor":5,"turns":4},{"damage":5,"enemies":"Gremlin Gang","floor":10,"turns":5},{"damage":9,"enemies":"Exordium Wildlife","floor":11,"turns":3},{"damage":13,"enemies":"3 Louse","floor":12,"turns":3},{"damage":37,"enemies":"Gremlin Gang","floor":13,"turns":5},{"damage":0,"enemies":"downfall:FleeingMerchant","floor":14,"turns":4},{"damage":0,"enemies":"Lots of Slimes","floor":15,"turns":1},{"damage":19,"enemies":"SI_SHIV_ARCHETYPE","floor":16,"turns":12},{"damage":17,"enemies":"Spheric Guardian","floor":21,"turns":4},{"damage":25,"enemies":"Shell Parasite","floor":22,"turns":6},{"damage":30,"enemies":"Chosen and Byrds","floor":26,"turns":6}],"seed_played":"-8869370007260463730","potions_obtained":[{"floor":2,"key":"DuplicationPotion"},{"floor":10,"key":"SkillPotion"},{"floor":11,"key":"SteroidPotion"},{"floor":15,"key":"Slimebound:ThreeZeroPotion"},{"floor":21,"key":"BlessingOfTheForge"}],"is_trial":false,"path_per_floor":["R","M","M","M","M","?","T","?","R","M","M","M","M","$","M","B",null,"R","?","?","M","M","R","T","R","M"],"character_chosen":"THE_SNECKO","items_purchased":["Membership Card","Omamori","expansioncontent:QuickStudy"],"campfire_rested":0,"item_purchase_floors":[14,14,14],"current_hp_per_floor":[90,89,88,76,68,65,65,65,65,60,51,38,1,1,1,5,90,90,74,74,57,32,32,32,32,0,0,0],"gold":323,"neow_bonus":"BOSS_RELIC","is_daily":false,"chose_seed":false,"campfire_upgraded":5,"win_rate":0.0,"timestamp":1614362145,"path_taken":["R","M","?","M","?","?","T","?","R","M","?","M","?","$","M","BOSS","R","?","?","?","M","R","T","R","?"],"items_purchased_type":["Relic","Relic","Card"],"build_version":"2020-12-22","purchased_purges":1,"victory":false,"max_hp_per_floor":[90,90,90,90,90,90,90,90,90,90,90,90,90,90,90,90,90,90,90,90,90,90,90,90,90,90,90,90],"card_choices":[{"not_picked":["sneckomod:WideSting","sneckomod:UnknownCommonAttack"],"picked":"sneckomod:UnknownDexterity","floor":2},{"not_picked":["sneckomod:UnknownWeak","sneckomod:UnknownDraw","sneckomod:DiceCrush"],"picked":"SKIP","floor":3},{"not_picked":["sneckomod:Unknown1Cost","sneckomod:DiceCrush"],"picked":"sneckomod:Unknown0Cost","floor":4},{"not_picked":["sneckomod:SoulRoll","sneckomod:SnakeSap"],"picked":"sneckomod:UnknownUncommonPower","floor":5},{"not_picked":["sneckomod:DiceCrush","sneckomod:IronFang"],"picked":"sneckomod:UnknownRareAttack","floor":10},{"not_picked":["sneckomod:SlitherStrike","sneckomod:UnknownStrike"],"picked":"sneckomod:UnknownUncommonPower","floor":11},{"not_picked":["sneckomod:UnknownUncommonPower","sneckomod:UnknownX"],"picked":"sneckomod:UnknownBlock","floor":12},{"not_picked":["sneckomod:SoulDraw","sneckomod:PureSnecko","sneckomod:SnakeSap"],"picked":"SKIP","floor":13},{"not_picked":["sneckomod:SoulDraw","sneckomod:SoulCleanse"],"picked":"sneckomod:SnekBeam","floor":14},{"not_picked":["sneckomod:Unknown1Cost","sneckomod:PureSnecko"],"picked":"sneckomod:UnknownBlock","floor":15},{"not_picked":["sneckomod:Cheat","sneckomod:DangerNoodle"],"picked":"sneckomod:Transmogrify","floor":16},{"not_picked":["sneckomod:UnknownCommonAttack","sneckomod:IronFang+1"],"picked":"sneckomod:UnknownColorless","floor":21},{"not_picked":["sneckomod:PureSnecko+1","sneckomod:MixItUp+1"],"picked":"sneckomod:UnknownUncommonPower","floor":22}],"player_experience":173075,"relics_obtained":[{"floor":7,"key":"Vajra"},{"floor":19,"key":"Nilry\u0027s Codex"},{"floor":22,"key":"Runic Pyramid"},{"floor":24,"key":"PreservedInsect"}],"event_choices":[{"damage_healed":0,"gold_gain":0,"player_choice":"Success","damage_taken":3,"relics_obtained":["MawBank"],"max_hp_gain":0,"max_hp_loss":0,"event_name":"Scrap Ooze","floor":6,"gold_loss":0}],"is_beta":false,"boss_relics":[{"not_picked":["hubris:Stopwatch","Snecko Eye"],"picked":"SlaversCollar"}],"items_purged_floors":[14],"is_endless":false,"potions_floor_spawned":[2,10,11,15,21],"killed_by":"Chosen and Byrds","ascension_level":0}}