{"host":"mqhvlr3kpxebko0t","time":1614323337,"event":{"mods":["AchievementEnabler","BaseMod","Colored Map","Colored Powertips","KOR Keyword Fix","Keyboard Shortcuts","Minty Spire (QoL Compilation)","StSLib","SuperFastMode"],"gold_per_floor":[113,113,132,55,75,103,103,114,114,164,177,102,112,12,12,12,12],"floor_reached":16,"language":"KOR","playtime":178,"items_purged":["Strike_R","Strike_R"],"score":204,"play_id":"b88de54d-d858-4f50-89d2-3ea4888b0936","local_time":"20210226160857","is_ascension_mode":true,"campfire_choices":[{"data":"Pommel Strike","floor":7,"key":"SMITH"},{"data":"Fire Breathing","floor":15,"key":"SMITH"}],"circlet_count":0,"master_deck":["AscendersBane","Strike_R","Strike_R","Strike_R","Defend_R","Defend_R","Defend_R","Defend_R","Bash","Fire Breathing+1","Disarm","Carnage","Whirlwind","Pommel Strike+1","Shrug It Off","Second Wind"],"relics":["Burning Blood","NeowsBlessing","Vajra","MealTicket"],"acts_visited":["Exordium"],"potions_floor_usage":[8,8,8,11],"damage_taken":[{"damage":0.0,"enemies":"Cultist","floor":1.0,"turns":1.0},{"damage":0,"enemies":"2 Louse","floor":3,"turns":1},{"damage":0,"enemies":"Small Slimes","floor":5,"turns":1},{"damage":34,"enemies":"Gremlin Nob","floor":6,"turns":4},{"damage":18,"enemies":"Exordium Wildlife","floor":8,"turns":4},{"damage":0,"enemies":"Lots of Slimes","floor":11,"turns":2},{"damage":10,"enemies":"Blue Slaver","floor":13,"turns":4},{"damage":39,"enemies":"The Guardian","floor":16,"turns":9}],"seed_played":"-4042917889936714746","potions_obtained":[{"floor":1,"key":"EntropicBrew"},{"floor":3,"key":"Weak Potion"},{"floor":8,"key":"Explosive Potion"}],"is_trial":false,"path_per_floor":["M","?","M","$","M","E","R","M","T","?","M","$","M","$","R","B"],"character_chosen":"IRONCLAD","items_purchased":["Carnage"],"campfire_rested":0,"item_purchase_floors":[4],"current_hp_per_floor":[74,75,75,75,75,47,47,35,35,35,41,56,52,67,67,28,28],"gold":12,"neow_bonus":"THREE_ENEMY_KILL","is_daily":false,"chose_seed":false,"campfire_upgraded":2,"win_rate":0.0,"timestamp":1614323337,"path_taken":["M","?","M","$","?","E","R","M","T","?","M","$","?","?","R","BOSS"],"items_purchased_type":["Card"],"build_version":"2020-12-22","purchased_purges":2,"victory":false,"max_hp_per_floor":[75,75,75,75,75,75,75,75,75,75,75,75,75,75,75,75,75],"card_choices":[{"not_picked":["Entrench","Seeing Red"],"picked":"Fire Breathing","floor":1},{"not_picked":["Seeing Red","Heavy Blade"],"picked":"Disarm","floor":3},{"not_picked":["Havoc","Sever Soul"],"picked":"Whirlwind","floor":5},{"not_picked":["Body Slam","True Grit"],"picked":"Pommel Strike","floor":6},{"not_picked":["Intimidate","Flex"],"picked":"Shrug It Off","floor":8},{"not_picked":["Rupture","Clash"],"picked":"Second Wind","floor":11},{"not_picked":["Cleave","Sentinel","Dual Wield"],"picked":"SKIP","floor":13}],"player_experience":721511,"relics_obtained":[{"floor":6,"key":"Vajra"},{"floor":9,"key":"MealTicket"}],"event_choices":[{"damage_healed":1,"gold_gain":0,"player_choice":"Full Heal","damage_taken":0,"max_hp_gain":0,"max_hp_loss":0,"event_name":"Wheel of Change","floor":2,"gold_loss":0},{"damage_healed":0,"gold_gain":50,"player_choice":"Pray","damage_taken":0,"max_hp_gain":0,"max_hp_loss":0,"event_name":"Golden Shrine","floor":10,"gold_loss":0}],"is_beta":false,"boss_relics":[],"items_purged_floors":[12,14],"is_endless":false,"potions_floor_spawned":[1,3,8],"killed_by":"The Guardian","ascension_level":20}}