{"host":"d52brwsy6af8zvaq","time":1614364349,"event":{"mods":["AchievementEnabler","BaseMod","Bestiary","Highlight Path","Minty Spire (QoL Compilation)","Quick Restart","Relic Stats","ojb\u0027s Better Paths Mod"],"gold_per_floor":[215,30,30,30,50,83,83,127,150,168,168,245,50,69,69,162,162,182,197,140,155,155,155,155,155],"floor_reached":24,"language":"ENG","playtime":1163,"items_purged":["Strike_B","Strike_B"],"score":408,"play_id":"d7d72bf6-38e0-40d3-806c-e92deccdc6df","local_time":"20210226113229","is_ascension_mode":true,"campfire_choices":[{"floor":7,"key":"REST"},{"data":"Zap","floor":11,"key":"SMITH"},{"data":"Defragment","floor":15,"key":"SMITH"},{"floor":23,"key":"REST"}],"circlet_count":0,"master_deck":["AscendersBane","Strike_B","Strike_B","Defend_B","Defend_B","Defend_B+1","Defend_B","Zap+1","Dualcast","Ball Lightning","Beam Cell","Capacitor","Streamline","Conserve Battery","Cold Snap","Cold Snap","FTL","Leap+1","Defragment+1","Biased Cognition","CurseOfTheBell","Steam","BootSequence"],"relics":["Cracked Core","Bloody Idol","Anchor","Ice Cream","Toy Ornithopter","Calling Bell","War Paint","Molten Egg 2","Emotion Chip"],"acts_visited":["Exordium","TheCity"],"potions_floor_usage":[16,19,21,24],"damage_taken":[{"damage":1.0,"enemies":"Cultist","floor":1.0,"turns":3.0},{"damage":3.0,"enemies":"Small Slimes","floor":5.0,"turns":3.0},{"damage":40.0,"enemies":"3 Sentries","floor":6.0,"turns":7.0},{"damage":18,"enemies":"Lagavulin","floor":8,"turns":7},{"damage":0,"enemies":"Jaw Worm","floor":10,"turns":3},{"damage":0,"enemies":"Large Slime","floor":14,"turns":2},{"damage":8,"enemies":"Hexaghost","floor":16,"turns":9},{"damage":11,"enemies":"Spheric Guardian","floor":18,"turns":4},{"damage":14,"enemies":"2 Thieves","floor":19,"turns":3},{"damage":14,"enemies":"Snecko","floor":21,"turns":6},{"damage":50,"enemies":"Slavers","floor":24,"turns":3}],"seed_played":"-4757096244167142115","potions_obtained":[{"floor":6,"key":"GamblersBrew"},{"floor":10,"key":"Weak Potion"},{"floor":16,"key":"Explosive Potion"},{"floor":21,"key":"LiquidBronze"}],"is_trial":false,"path_per_floor":["M","$","?","?","M","E","R","E","T","M","R","?","$","M","R","B",null,"M","M","$","M","?","R","E"],"character_chosen":"DEFECT","items_purchased":["Beam Cell","Capacitor","FTL","Leap","Steam"],"campfire_rested":2,"item_purchase_floors":[2,2,13,13,20],"current_hp_per_floor":[63,63,63,63,60,20,39,21,21,21,21,21,21,21,21,18,53,42,33,33,24,24,43,0,0],"gold":155,"neow_bonus":"HUNDRED_GOLD","is_daily":false,"chose_seed":false,"campfire_upgraded":2,"win_rate":0.0,"timestamp":1614364349,"path_taken":["M","$","?","?","M","E","R","E","T","M","R","?","$","M","R","BOSS","M","M","$","M","?","R","E"],"items_purchased_type":["Card","Card","Card","Card","Card"],"build_version":"2020-12-22","purchased_purges":2,"victory":false,"max_hp_per_floor":[71,71,64,64,64,64,64,64,64,64,64,64,64,64,64,64,64,64,64,64,64,64,64,64,64],"relic_stats":{"Emotion Chip":[19,12,7,0,0],"counters":[11,50],"Bloody Idol":0,"War Paint":["Leap","Defend_B"],"obtain_stats":[{"Ice Cream":8,"Calling Bell":17,"Anchor":6,"Emotion Chip":17,"Golden Idol":3,"Bloody Idol":22,"Molten Egg 2":17,"War Paint":17,"Cracked Core":0,"Toy Ornithopter":9},{"Ice Cream":4,"Calling Bell":7,"Anchor":3,"Emotion Chip":7,"Golden Idol":1,"Bloody Idol":10,"Molten Egg 2":7,"War Paint":7,"Cracked Core":0,"Toy Ornithopter":4},{"Ice Cream":20,"Calling Bell":34,"Anchor":13,"Emotion Chip":34,"Golden Idol":3,"Bloody Idol":47,"Molten Egg 2":34,"War Paint":34,"Cracked Core":0,"Toy Ornithopter":20}],"Toy Ornithopter":20},"card_choices":[{"not_picked":["Glacier","Barrage"],"picked":"Ball Lightning","floor":1.0},{"not_picked":["Fusion","Conserve Battery"],"picked":"Streamline","floor":5.0},{"not_picked":["Steam","Turbo"],"picked":"Conserve Battery","floor":6},{"not_picked":["Buffer","Chill"],"picked":"Cold Snap","floor":8},{"not_picked":["Chaos","Gash"],"picked":"Cold Snap","floor":10},{"not_picked":["Rebound","Turbo"],"picked":"Defragment","floor":14},{"not_picked":["Amplify","Machine Learning"],"picked":"Biased Cognition","floor":16},{"not_picked":["Gash+1","Compile Driver+1","Conserve Battery"],"picked":"SKIP","floor":18},{"not_picked":["Stack","Redo+1","Storm"],"picked":"SKIP","floor":19},{"not_picked":["Hologram","Steam+1"],"picked":"BootSequence","floor":21}],"player_experience":2381554,"relics_obtained":[{"floor":6,"key":"Anchor"},{"floor":8,"key":"Ice Cream"},{"floor":9,"key":"Toy Ornithopter"},{"floor":17,"key":"War Paint"},{"floor":17,"key":"Molten Egg 2"},{"floor":17,"key":"Emotion Chip"}],"event_choices":[{"damage_healed":0.0,"max_hp_gain":0.0,"max_hp_loss":7.0,"gold_gain":0.0,"event_name":"Golden Idol","player_choice":"Lose Max HP","floor":3.0,"gold_loss":0.0,"damage_taken":0.0,"relics_obtained":["Golden Idol"]},{"damage_healed":0.0,"max_hp_gain":0.0,"max_hp_loss":0.0,"gold_gain":0.0,"event_name":"Liars Game","player_choice":"Ignored","floor":4.0,"gold_loss":0.0,"damage_taken":0.0},{"damage_healed":0,"gold_gain":77,"player_choice":"Gained Gold","damage_taken":0,"max_hp_gain":0,"max_hp_loss":0,"event_name":"Golden Wing","floor":12,"gold_loss":0},{"damage_healed":0,"gold_gain":0,"player_choice":"Gave Idol","damage_taken":0,"relics_obtained":["Bloody Idol"],"max_hp_gain":0,"max_hp_loss":0,"event_name":"Forgotten Altar","floor":22,"relics_lost":["Golden Idol"],"gold_loss":0}],"is_beta":false,"boss_relics":[{"not_picked":["Philosopher\u0027s Stone","Ectoplasm"],"picked":"Calling Bell"}],"items_purged_floors":[2,13],"is_endless":false,"potions_floor_spawned":[6,10,14,16,21],"killed_by":"Slavers","ascension_level":20}}