{"host":"0azimyi6n3ugndj4","time":1614301595,"event":{"mods":["2.2 Compatiblity","BaseMod","Bestiary","Conspire","Curses Come First","Defuse TimeMaze Blight","Hermit","Hubris","Hyrulean Relics","Infinite Spire","Keyboard Shortcuts","Library of Ruina","Library of Ruina Extra","Minty Spire (QoL Compilation)","Relic Filter Mod","Relic Stats","Reliquary","Replay The Spire","StSLib","SuperFastMode","The Cursed","The Hierophant","Uncapped","¡¼?Úª?ø«¡½REMEMod"],"gold_per_floor":[153,153,153,212,98,179,179,179,179,179,454,496,496,545,545,792,792,847,847,847,912,1187,1285,1340,1340,1340,1340,1260,655,675,675],"floor_reached":30,"language":"ENG","playtime":563,"items_purged":[],"score":988,"play_id":"58fe1503-9c8c-4deb-bf11-2dc79537f917","local_time":"20210226100635","daily_mods":["Draft","Hoarder","Insanity","Chimera","Specialized","Vintage","ControlledChaos","Allstar","Diverse","Colorless Cards","Heirloom","Time Dilation","Flight","Elite Swarm","Lethality","Midas","Binary"],"is_ascension_mode":true,"campfire_choices":[{"floor":15,"key":"REST"},{"floor":25,"key":"REST"}],"circlet_count":0,"master_deck":["Demon Form","Wraith Form v2","Echo Form","DevaForm","AscendersBane","Bash","Survivor","Zap","Eruption","Strike_R","Strike_G","Strike_B","Defend_R","Defend_G","Defend_P","Doom and Gloom","TheCursedMod:CircleOfBlood","Outmaneuver","REME_GreenPollution","hierophant:FlamingChariot","Impatience","Blur","Sneak Up","hierophant:Flagellation","hierophant:FieryStrike","SkitterAway","Hidden Blade","hierophant:Sermon","Time Bomb","Duel_lor","PreemptiveStrike","Clothesline","Disarm","hermit:SprayPray","Gamble","Go for the Eyes","Heavy Blade","Perfected Strike","EnergyShield","Clone","Pommel Strike+1","Slice_lor","WillBeTasty","SharpSwipe","Combust","FierceCharge","Sneak Up","Headbutt","FierceCharge","hermit:Combo","Seeing Red","hierophant:Purify","Fusion","hierophant:MirrorShield","Sucker Punch","Bane","PreemptiveStrike","AssaultOrder","ForcefulGesture","Sanctity","Compile Driver","Replay:AtTheReady","SnakeSlit","QuickAttack","UpbeatPerformance","REME_AllRoundStrike","REME_AllRoundStrike","REME_AllRoundStrike","REME_AllRoundStrike","REME_AllRoundStrike","REME_AllRoundStrike","REME_AllRoundStrike","REME_AllRoundStrike","REME_AllRoundStrike","REME_AllRoundStrike","REME_AllRoundStrike","REME_AllRoundStrike","REME_AllRoundStrike","REME_AllRoundStrike","REME_AllRoundStrike","Replay:ManipulateFuture","Replay:ManipulateFuture","Replay:ManipulateFuture","Dagger Spray","Dagger Spray","Dagger Spray","Perfected Strike+1","Perfected Strike","Perfected Strike","Cold Snap","Cold Snap","Cold Snap","TheCursedMod:CursedStaff","TheCursedMod:CursedStaff","TheCursedMod:CursedStaff","Panic Button","Panic Button","Panic Button","TheCursedMod:CircleOfCorruption","TheCursedMod:CircleOfCorruption","TheCursedMod:CircleOfCorruption","AsThePrescriptOrders","AsThePrescriptOrders","AsThePrescriptOrders","Leap_lor","Leap_lor","Leap_lor","Replay:AtTheReady","Replay:AtTheReady","Replay:AtTheReady","PinpointShot","PinpointShot","PinpointShot","FendThisOffIfYouCan","FendThisOffIfYouCan","FendThisOffIfYouCan","EmptyBody","EmptyBody","EmptyBody","Blizzard","Blizzard","Blizzard","hierophant:ArchangelShield","hierophant:ArchangelShield","hierophant:ArchangelShield","hermit:Gambit","hermit:Gambit","hermit:Gambit","Injury","Injury","Injury","Regret","Regret","Regret","hubris:Wrath","hubris:Wrath","hubris:Wrath","ReplayTheSpireMod:Faulty Equipment","ReplayTheSpireMod:Faulty Equipment","ReplayTheSpireMod:Faulty Equipment","ReplayTheSpireMod:Fabricate Wheel","ReplayTheSpireMod:Fabricate Wheel","ReplayTheSpireMod:Fabricate Wheel","Regret","Regret","Regret","Footwork","Footwork","Footwork"],"relics":["Frozen Eye","Busted Crown","REME_ComplimentaryCards","Du-Vu Doll","PageOfBloodbath","Golden Idol","infinitespire:Midas Blood","zeldaRelics:CourageTriforce","ReplayTheSpireMod:Ring of Collecting","Ring of Misfortune","hubris:Towel","Sizzling Blood","Anchor","PageOfGreed","reliquary:KinkedSpring","PageOfTheQueenOfHatred","PageOfTheKnightOfDespair","zeldaRelics:WisdomTriforce","PageOfWrath","TwistedFunnel","Whetstone","hubris:DeckOfHolding"],"acts_visited":["Exordium","TheCity"],"potions_floor_usage":[21,30,30],"damage_taken":[{"damage":1,"enemies":"Small Slimes","floor":1,"turns":2},{"damage":0,"enemies":"Cultist","floor":4,"turns":1},{"damage":0,"enemies":"Lagavulin","floor":6,"turns":2},{"damage":0,"enemies":"2 Louse","floor":12,"turns":1},{"damage":0,"enemies":"Large Slime","floor":14,"turns":1},{"damage":0,"enemies":"Slime Boss","floor":16,"turns":1},{"damage":0,"enemies":"2 Thieves","floor":18,"turns":1},{"damage":0,"enemies":"Shell Parasite","floor":21,"turns":1},{"damage":0,"enemies":"Slavers","floor":23,"turns":1},{"damage":0,"enemies":"Chosen and Byrds","floor":24,"turns":2},{"damage":138,"enemies":"Centurion and Healer","floor":30,"turns":4}],"seed_played":"8825607344661628468","potions_obtained":[{"floor":1,"key":"SteroidPotion"},{"floor":4,"key":"SteroidPotion"},{"floor":14,"key":"Adrenaline Potion"},{"floor":21,"key":"Adrenaline Potion"}],"is_trial":true,"path_per_floor":["M","?","$","M","$","E","?","?","T","?","?","M","?","M","R","B",null,"M","?","?","M","?","E","M","R","T","?","?","$","M"],"character_chosen":"THE_SILENT","items_purchased":["Fruit Juice","TwistedFunnel","Whetstone","hubris:DeckOfHolding"],"campfire_rested":2,"item_purchase_floors":[5,29,29,29],"current_hp_per_floor":[58,58,58,58,58,58,58,58,58,62,62,66,66,70,70,70,70,70,70,70,75,75,75,75,75,75,75,75,75,0,0],"gold":675,"neow_bonus":"","is_daily":false,"chose_seed":false,"campfire_upgraded":0,"win_rate":0.0,"timestamp":1614301595,"path_taken":["M","?","$","M","?","E","?","?","T","?","?","?","?","M","R","BOSS","M","?","?","?","?","E","?","R","T","?","?","?","M"],"items_purchased_type":["Potion","Relic","Relic","Relic"],"build_version":"2020-12-22","purchased_purges":0,"victory":false,"max_hp_per_floor":[66,66,66,66,66,66,66,66,66,70,70,70,70,70,70,70,70,70,70,70,75,75,75,75,75,75,75,75,75,75,75],"relic_stats":{"Busted Crown":26,"counters":[12,17],"Golden Idol":58,"Whetstone":["Pommel Strike","Perfected Strike"],"obtain_stats":[{"TwistedFunnel":29,"PageOfTheQueenOfHatred":18,"Sizzling Blood":10,"Whetstone":29,"zeldaRelics:WisdomTriforce":26,"PageOfGreed":14,"PageOfWrath":24,"Frozen Eye":0,"PageOfTheKnightOfDespair":21,"hubris:DeckOfHolding":29,"zeldaRelics:CouragePiece":6,"Ring of the Snake":0,"zeldaRelics:WisdomPiece":23,"Golden Idol":2,"PageOfBloodbath":1,"hubris:Towel":8,"zeldaRelics:CourageTriforce":9,"Du-Vu Doll":0,"reliquary:KinkedSpring":17,"Anchor":12,"Busted Crown":0,"ReplayTheSpireMod:Ring of Collecting":7,"Ring of Misfortune":7,"REME_ComplimentaryCards":0,"infinitespire:Midas Blood":4},{"TwistedFunnel":10,"PageOfTheQueenOfHatred":7,"Sizzling Blood":3,"Whetstone":10,"zeldaRelics:WisdomTriforce":10,"PageOfGreed":5,"PageOfWrath":10,"Frozen Eye":0,"PageOfTheKnightOfDespair":8,"hubris:DeckOfHolding":10,"zeldaRelics:CouragePiece":3,"Ring of the Snake":0,"zeldaRelics:WisdomPiece":9,"Golden Idol":1,"PageOfBloodbath":1,"hubris:Towel":3,"zeldaRelics:CourageTriforce":3,"Du-Vu Doll":0,"reliquary:KinkedSpring":6,"Anchor":4,"Busted Crown":0,"ReplayTheSpireMod:Ring of Collecting":3,"Ring of Misfortune":3,"REME_ComplimentaryCards":0,"infinitespire:Midas Blood":2},{"TwistedFunnel":13,"PageOfTheQueenOfHatred":9,"Sizzling Blood":5,"Whetstone":13,"zeldaRelics:WisdomTriforce":13,"PageOfGreed":7,"PageOfWrath":13,"Frozen Eye":0,"PageOfTheKnightOfDespair":10,"hubris:DeckOfHolding":13,"zeldaRelics:CouragePiece":5,"Ring of the Snake":0,"zeldaRelics:WisdomPiece":11,"Golden Idol":2,"PageOfBloodbath":2,"hubris:Towel":5,"zeldaRelics:CourageTriforce":5,"Du-Vu Doll":0,"reliquary:KinkedSpring":8,"Anchor":6,"Busted Crown":0,"ReplayTheSpireMod:Ring of Collecting":5,"Ring of Misfortune":5,"REME_ComplimentaryCards":0,"infinitespire:Midas Blood":3}]},"card_choices":[{"not_picked":["Mind Blast","TheCursedMod:CursedBlade"],"picked":"Replay:ManipulateFuture","floor":0},{"not_picked":["Replay:AtTheReady","hierophant:RustyCrate"],"picked":"Dagger Spray","floor":0},{"not_picked":["hierophant:Doomsaying","GuidanceOfTheGears"],"picked":"Perfected Strike","floor":0},{"not_picked":["hermit:Midnight","Go for the Eyes"],"picked":"Cold Snap","floor":0},{"not_picked":["TheCursedMod:TroublousMinions","Mutilate"],"picked":"TheCursedMod:CursedStaff","floor":0},{"not_picked":["Quick Slash","Flying Knee"],"picked":"Panic Button","floor":0},{"not_picked":["hierophant:CursedGold","Hidden Blade"],"picked":"TheCursedMod:CircleOfCorruption","floor":0},{"not_picked":["ClassAndRespect","hierophant:RustyCrate"],"picked":"AsThePrescriptOrders","floor":0},{"not_picked":["CrushJoints","SpearedSweep"],"picked":"Leap_lor","floor":0},{"not_picked":["CutThroughFate","hermit:FlashPowder"],"picked":"Replay:AtTheReady","floor":0},{"not_picked":["Creak","Hologram"],"picked":"PinpointShot","floor":0},{"not_picked":["PinpointShot","TheCursedMod:SurpriseAttack"],"picked":"FendThisOffIfYouCan","floor":0},{"not_picked":["hermit:SprayPray","Run Through"],"picked":"EmptyBody","floor":0},{"not_picked":["Ball Lightning","ToWhereThePrescriptPoints"],"picked":"Blizzard","floor":0},{"not_picked":["hermit:Ricochet","Body Slam"],"picked":"hierophant:ArchangelShield","floor":0}],"player_experience":1578595,"relics_obtained":[{"floor":1,"key":"PageOfBloodbath"},{"floor":4,"key":"infinitespire:Midas Blood"},{"floor":6,"key":"zeldaRelics:CouragePiece"},{"floor":7,"key":"ReplayTheSpireMod:Ring of Collecting"},{"floor":7,"key":"Ring of Misfortune"},{"floor":9,"key":"zeldaRelics:CouragePiece"},{"floor":9,"key":"zeldaRelics:CouragePiece"},{"floor":12,"key":"Anchor"},{"floor":14,"key":"PageOfGreed"},{"floor":18,"key":"PageOfTheQueenOfHatred"},{"floor":21,"key":"PageOfTheKnightOfDespair"},{"floor":23,"key":"zeldaRelics:WisdomPiece"},{"floor":24,"key":"PageOfWrath"},{"floor":26,"key":"zeldaRelics:WisdomPiece"},{"floor":26,"key":"zeldaRelics:WisdomPiece"}],"event_choices":[{"damage_healed":0,"gold_gain":0,"player_choice":"Take Wound","damage_taken":0,"relics_obtained":["Golden Idol"],"max_hp_gain":0,"max_hp_loss":0,"event_name":"Golden Idol","floor":2,"gold_loss":0,"cards_obtained":["Injury"]},{"damage_healed":0,"gold_gain":275,"player_choice":"Desecrate","damage_taken":0,"max_hp_gain":0,"max_hp_loss":0,"event_name":"Golden Shrine","floor":11,"gold_loss":0,"cards_obtained":["Regret"]},{"damage_healed":0,"gold_gain":0,"player_choice":"3 cards matched","damage_taken":0,"max_hp_gain":0,"max_hp_loss":0,"event_name":"Match and Keep!","floor":13,"gold_loss":0,"cards_obtained":["hubris:Wrath","ReplayTheSpireMod:Faulty Equipment","ReplayTheSpireMod:Fabricate Wheel"]},{"damage_healed":0,"gold_gain":0,"player_choice":"Ignored","damage_taken":0,"max_hp_gain":0,"max_hp_loss":0,"event_name":"Ghosts","floor":19,"gold_loss":0},{"damage_healed":0,"gold_gain":0,"player_choice":"Ignored","damage_taken":0,"max_hp_gain":0,"max_hp_loss":0,"event_name":"Vampires","floor":20,"gold_loss":0},{"damage_healed":0,"gold_gain":275,"player_choice":"Desecrate","damage_taken":0,"max_hp_gain":0,"max_hp_loss":0,"event_name":"Golden Shrine","floor":22,"gold_loss":0,"cards_obtained":["Regret"]},{"damage_healed":0,"gold_gain":0,"player_choice":"Read","damage_taken":0,"max_hp_gain":0,"max_hp_loss":0,"event_name":"The Library","floor":27,"gold_loss":0,"cards_obtained":["Footwork"]}],"is_beta":false,"boss_relics":[{"not_picked":["REME_DuelDisc","Replay:Grab Bag"],"picked":"reliquary:KinkedSpring"}],"items_purged_floors":[],"is_endless":false,"potions_floor_spawned":[1,4,14,21,23],"killed_by":"Centurion and Healer","ascension_level":20}}