{"host":"mi0eibewekhugwl1","time":1614323488,"event":{"mods":["AchievementEnabler","BaseMod","Colored Map","Colored Powertips","DeckTracker","Keyboard Shortcuts","Minty Spire (QoL Compilation)","Quick Restart","Rare Cards Sparkle","Relic Stats","StSLib","SuperFastMode","everything is the same but u backflip on backflip"],"gold_per_floor":[109,120,45,56,68,68,84,84,84,9,9,22,50,61,61,132,132,146,163,163,163,63,74,18,29,29,29,29,79,79,97,97,97,97],"floor_reached":33,"language":"KOR","playtime":642,"items_purged":["Strike_P","Strike_P"],"score":498,"play_id":"2b65d0ee-634f-40c6-9207-0fb6537fd441","local_time":"20210226161128","is_ascension_mode":true,"campfire_choices":[{"data":"Eruption","floor":6,"key":"SMITH"},{"data":"CrushJoints","floor":8,"key":"SMITH"},{"data":"BattleHymn","floor":15,"key":"SMITH"},{"data":"Adaptation","floor":28,"key":"SMITH"},{"data":"Vault","floor":30,"key":"SMITH"},{"floor":32,"key":"REST"}],"circlet_count":0,"master_deck":["AscendersBane","Strike_P","Defend_P","Defend_P","Defend_P","Eruption+1","Vigilance","Swift Strike","BattleHymn+1","CrushJoints+1","Tantrum","EmptyBody","Evaluate","Vault+1","EmptyFist","Adaptation+1","InnerPeace"],"relics":["HolyWater","MealTicket","Juzu Bracelet","Meat on the Bone"],"acts_visited":["Exordium","TheCity"],"potions_floor_usage":[33,33],"damage_taken":[{"damage":6,"enemies":"2 Louse","floor":1,"turns":3},{"damage":0,"enemies":"Cultist","floor":2,"turns":2},{"damage":2,"enemies":"Jaw Worm","floor":4,"turns":2},{"damage":12,"enemies":"3 Louse","floor":5,"turns":3},{"damage":18,"enemies":"Large Slime","floor":7,"turns":3},{"damage":1,"enemies":"Red Slaver","floor":12,"turns":3},{"damage":4,"enemies":"Gremlin Nob","floor":13,"turns":3},{"damage":6,"enemies":"Exordium Wildlife","floor":14,"turns":3},{"damage":12,"enemies":"Hexaghost","floor":16,"turns":6},{"damage":0,"enemies":"Chosen","floor":18,"turns":3},{"damage":9,"enemies":"3 Byrds","floor":19,"turns":5},{"damage":26,"enemies":"Snake Plant","floor":23,"turns":5},{"damage":11,"enemies":"Cultist and Chosen","floor":25,"turns":5},{"damage":18,"enemies":"Snecko","floor":31,"turns":4},{"damage":85,"enemies":"Automaton","floor":33,"turns":9}],"seed_played":"967482441683164768","potions_obtained":[{"floor":7,"key":"Block Potion"},{"floor":12,"key":"SpeedPotion"}],"is_trial":false,"path_per_floor":["M","M","?","M","M","R","M","R","T","$","?","M","E","M","R","B",null,"M","M","?","?","$","M","$","M","T","$","R","?","R","M","R","B"],"character_chosen":"WATCHER","items_purchased":["Energy Potion"],"campfire_rested":1,"item_purchase_floors":[24],"current_hp_per_floor":[55,55,55,53,41,41,23,23,23,38,38,37,33,27,27,15,55,55,46,46,46,61,35,50,39,39,54,54,54,54,36,56,0,0],"gold":97,"neow_bonus":"RANDOM_COLORLESS","is_daily":false,"chose_seed":false,"campfire_upgraded":5,"win_rate":0.0,"timestamp":1614323488,"path_taken":["M","M","?","M","M","R","M","R","T","$","?","M","E","M","R","BOSS","M","M","?","?","$","M","?","M","T","$","R","?","R","M","R","BOSS"],"items_purchased_type":["Potion"],"build_version":"2020-12-22","purchased_purges":2,"victory":false,"max_hp_per_floor":[68,68,68,68,68,68,68,68,68,68,68,68,68,68,68,68,68,68,68,68,68,68,68,68,68,68,68,68,68,68,68,68,68,68],"relic_stats":{"counters":[15,59],"MealTicket":60,"Juzu Bracelet":0,"obtain_stats":[{"HolyWater":17,"MealTicket":9,"Juzu Bracelet":13,"PureWater":0,"Meat on the Bone":26},{"HolyWater":9,"MealTicket":5,"Juzu Bracelet":7,"PureWater":0,"Meat on the Bone":13},{"HolyWater":28,"MealTicket":13,"Juzu Bracelet":19,"PureWater":0,"Meat on the Bone":46}],"Meat on the Bone":0},"card_choices":[{"not_picked":["Purity","Discovery"],"picked":"Swift Strike","floor":0},{"not_picked":["PathToVictory","Vengeance"],"picked":"BattleHymn","floor":1},{"not_picked":["CutThroughFate","PathToVictory","BattleHymn"],"picked":"SKIP","floor":2},{"not_picked":["ClearTheMind","Conclude"],"picked":"CrushJoints","floor":4},{"not_picked":["Weave","Pray"],"picked":"Tantrum","floor":5},{"not_picked":["ClearTheMind","Worship","Protect"],"picked":"SKIP","floor":7},{"not_picked":["CutThroughFate","Worship","Prostrate"],"picked":"SKIP","floor":12},{"not_picked":["Prostrate","PathToVictory"],"picked":"Evaluate","floor":13},{"not_picked":["CutThroughFate","SpiritShield","FlyingSleeves"],"picked":"SKIP","floor":14},{"not_picked":["Scrawl","Blasphemy"],"picked":"Vault","floor":16},{"not_picked":["BattleHymn+1","PathToVictory"],"picked":"EmptyFist","floor":18},{"not_picked":["ClearTheMind","Fasting2+1"],"picked":"Adaptation","floor":19},{"not_picked":["Crescendo","Consecrate"],"picked":"InnerPeace","floor":23},{"not_picked":["Prostrate+1","JustLucky","CrushJoints"],"picked":"SKIP","floor":25},{"not_picked":["Indignation","EmptyBody","Pray"],"picked":"SKIP","floor":31}],"player_experience":1830711,"relics_obtained":[{"floor":9,"key":"MealTicket"},{"floor":13,"key":"Juzu Bracelet"},{"floor":26,"key":"Meat on the Bone"}],"event_choices":[{"cards_removed":["Defend_P"],"damage_healed":0,"gold_gain":0,"player_choice":"Card Removal","damage_taken":0,"max_hp_gain":0,"max_hp_loss":0,"event_name":"The Cleric","floor":3,"gold_loss":75},{"damage_healed":0,"gold_gain":0,"cards_transformed":["Strike_P"],"player_choice":"Transformed","damage_taken":0,"max_hp_gain":0,"max_hp_loss":0,"event_name":"Transmorgrifier","floor":11,"gold_loss":0,"cards_obtained":["EmptyBody"]},{"damage_healed":0,"gold_gain":0,"player_choice":"Ignored","damage_taken":0,"max_hp_gain":0,"max_hp_loss":0,"event_name":"Cursed Tome","floor":20,"gold_loss":0},{"damage_healed":0,"gold_gain":0,"player_choice":"Ignored","damage_taken":0,"max_hp_gain":0,"max_hp_loss":0,"event_name":"Ghosts","floor":21,"gold_loss":0},{"damage_healed":0,"gold_gain":50,"player_choice":"Stole From Cult","damage_taken":0,"max_hp_gain":0,"max_hp_loss":0,"event_name":"Nest","floor":29,"gold_loss":0}],"is_beta":false,"boss_relics":[{"not_picked":["Philosopher\u0027s Stone","SlaversCollar"],"picked":"HolyWater"}],"items_purged_floors":[10,22],"is_endless":false,"potions_floor_spawned":[7,12,13,16,18,31],"killed_by":"Automaton","ascension_level":20}}