{"host":"m3txpv198clqze8f","time":1614336597,"event":{"mods":["ATMod(°¢èªMod)","Act Like it!","BaseMod","Colored Powertips","Friendly Minions","Library of Ruina","Library of Ruina Extra","Lobotomy","Minty Spire (QoL Compilation)","MostiFishMod","Quick Restart","Relic Filter Mod","StSLib"],"gold_per_floor":[120,120,138,138,155,182,182,216,286,322,340,373,388,413,413,508,508,508],"floor_reached":17,"language":"ZHS","playtime":932,"items_purged":[],"score":380,"play_id":"8cca849f-2070-4909-8cf4-25debb31b794","local_time":"20210226184957","is_ascension_mode":true,"campfire_choices":[{"data":"AT_FamilyPortrait","floor":15,"key":"SMITH"}],"circlet_count":0,"master_deck":["Dodge","LightDefense","LightAttack","LightAttack","LightDefense","LightDefense","LightDefense","ChargeAndCover","FocusedStrikes+1","AT_FamilyPortrait+1","CrackOfDawn","UniverseFragment","IronWall+1","YoureTooSlow+1","ForTheFamily","Quickness+1"],"relics":["PageOfLibrarian","AT_ATBox","DaveBox","MetatronsCube","CogitoBucket","SynthV:TestCard","AT_BellDemon","ThornShield","Torii","Centennial Puzzle","PageOfNosferatu","PageOfGreed","Toxic Egg 2","PageOfTheQueenOfHatred","AspirationHeart","AT_SpeedBoots","PageOfSpiderBud","PageOfQueenBee","PageOfTheKnightOfDespair","Sundial","The Courier","PageOfWrath","AT_BellowingDragoncrestRing","HereWithMe"],"acts_visited":["Exordium","TheCity"],"potions_floor_usage":[8],"damage_taken":[{"damage":0,"enemies":"2 Louse","floor":1,"turns":1},{"damage":0,"enemies":"Small Slimes","floor":3,"turns":2},{"damage":0,"enemies":"Cultist","floor":5,"turns":2},{"damage":36,"enemies":"Lagavulin","floor":6,"turns":5},{"damage":0,"enemies":"Gremlin Nob","floor":8,"turns":1},{"damage":0,"enemies":"Exordium Wildlife","floor":10,"turns":4},{"damage":0,"enemies":"Looter","floor":11,"turns":3},{"damage":15,"enemies":"3 Sentries","floor":12,"turns":4},{"damage":0,"enemies":"2 Fungi Beasts","floor":13,"turns":2},{"damage":0,"enemies":"Lagavulin","floor":14,"turns":6},{"damage":0,"enemies":"Hexaghost","floor":16,"turns":5}],"seed_played":"8836691272370213854","potions_obtained":[{"floor":3,"key":"Block Potion"},{"floor":5,"key":"SneckoOil"},{"floor":10,"key":"Strength Potion"},{"floor":16,"key":"Strength Potion"}],"is_trial":false,"path_per_floor":["M","?","M","?","M","E","T","E","T","M","M","E","M","E","R","B",null],"character_chosen":"Librarian","items_purchased":[],"campfire_rested":0,"item_purchase_floors":[],"current_hp_per_floor":[60,60,60,60,60,24,24,24,24,37,39,28,30,34,34,39,93,93],"gold":508,"neow_bonus":"","is_daily":false,"chose_seed":false,"campfire_upgraded":1,"win_rate":0.0,"timestamp":1614336597,"path_taken":["M","?","M","?","?","E","?","E","T","M","M","E","M","E","R","BOSS"],"items_purchased_type":[],"build_version":"2020-12-22","purchased_purges":0,"victory":false,"max_hp_per_floor":[63,63,63,63,63,77,77,77,77,90,90,90,90,90,90,93,93,93],"card_choices":[{"not_picked":["Rewind","EnergyCycle","SharpenedBlade","FlyingSword"],"picked":"SKIP","floor":1},{"not_picked":["Woodsman","Scorched"],"picked":"UniverseFragment","floor":3},{"not_picked":["Leap_lor","Juggling","EnergyCycle","DarkCloud","HighKick","FlashingStrike"],"picked":"SKIP","floor":3},{"not_picked":["DesperateStruggle","Unlock1","Marionette","FlamingDragonFist","SinglePointStab","DarkCloud"],"picked":"SKIP","floor":5},{"not_picked":["AutomatedMovement","FieryWaltz","SinglePointStab","RipSpace","ViolentFlame","Unlock1"],"picked":"SKIP","floor":6},{"not_picked":["Castigation","Thrust","FleshFillet","TendonChords","UpbeatPerformance"],"picked":"IronWall+1","floor":8},{"not_picked":["DevastatingThrash","ViolentFlame","FleshFillet","SnakesPrey","TendonChords"],"picked":"YoureTooSlow+1","floor":10},{"not_picked":["UpbeatPerformance","PreemptiveStrike","SunsetBlade","ToOvercomeCrisis+1","IronWall+1","Juggling+1"],"picked":"SKIP","floor":11},{"not_picked":["DarkCloud","SharpenedBlade","DevastatingThrash","IronWall+1","HandleRequest"],"picked":"ForTheFamily","floor":12},{"not_picked":["ExtremeEdge","Wallop_lor","FormingStorm","TheRedNotes","ViolentFlame"],"picked":"Quickness+1","floor":13},{"not_picked":["Struggle+1","AutomatedMovement+1","ShrineToMusic","ButterflySlash","Leap_lor","PreemptiveStrike"],"picked":"SKIP","floor":14}],"player_experience":153581,"relics_obtained":[{"floor":1,"key":"SynthV:TestCard"},{"floor":5,"key":"ThornShield"},{"floor":6,"key":"Torii"},{"floor":6,"key":"Centennial Puzzle"},{"floor":7,"key":"PageOfNosferatu"},{"floor":8,"key":"PageOfGreed"},{"floor":8,"key":"Toxic Egg 2"},{"floor":9,"key":"PageOfTheQueenOfHatred"},{"floor":10,"key":"AT_SpeedBoots"},{"floor":11,"key":"PageOfSpiderBud"},{"floor":12,"key":"PageOfQueenBee"},{"floor":12,"key":"PageOfTheKnightOfDespair"},{"floor":13,"key":"Sundial"},{"floor":14,"key":"The Courier"},{"floor":14,"key":"PageOfWrath"},{"floor":16,"key":"AT_BellowingDragoncrestRing"}],"event_choices":[{"damage_healed":0,"gold_gain":0,"cards_transformed":["LightAttack"],"player_choice":"Change","damage_taken":0,"max_hp_gain":0,"max_hp_loss":0,"event_name":"Living Wall","floor":2,"gold_loss":0,"cards_obtained":["CrackOfDawn"]},{"damage_healed":0,"gold_gain":0,"player_choice":"Gave Potion","damage_taken":0,"relics_obtained":["AT_BellDemon"],"max_hp_gain":0,"max_hp_loss":0,"event_name":"WeMeetAgain","floor":4,"gold_loss":0}],"is_beta":false,"boss_relics":[{"not_picked":["RhineFirstAidKit","Transparent"],"picked":"HereWithMe"}],"items_purged_floors":[],"is_endless":false,"potions_floor_spawned":[3,5,10,16],"ascension_level":3}}