{"host":"bvp2uifzy1c463d9","time":1614320506,"event":{"mods":["AchievementEnabler","BaseMod","Better Note","Block Reminder","Bossed Relics","Colored Map","Colored Powertips","Hermit","Highlight Path","Hubris","Infinite Spire","Minty Spire (QoL Compilation)","Relic Sorter","Relic Stats","Reliquary","Replay The Spire","StSLib","The Blue Laboratory","Wandering Minibosses"],"gold_per_floor":[119,130,21,21,196,221,221,249,249,249,249],"floor_reached":10,"language":"ENG","playtime":329,"items_purged":["hermit:Strike_Hermit"],"score":89,"play_id":"4aa92437-14de-4ecf-ad48-4ae6a7e7066a","local_time":"20210226002146","is_ascension_mode":true,"campfire_choices":[],"circlet_count":0,"master_deck":["hermit:Strike_Hermit","hermit:Strike_Hermit","hermit:Strike_Hermit","hermit:Defend_Hermit","hermit:Defend_Hermit","hermit:Defend_Hermit","hermit:Defend_Hermit","hermit:Snapshot","hermit:Covet","AbeCurse","hermit:Misfire","hermit:CursedWeapon+1","hermit:Roulette+1","Doubt","hermit:LowProfile","hermit:Cheat"],"relics":["Abe\u0027s Treasure","hermit:CharredGlove","Omamori","Lantern"],"acts_visited":["Exordium"],"potions_floor_usage":[6],"damage_taken":[{"damage":0,"enemies":"2 Louse","floor":1,"turns":2},{"damage":0,"enemies":"Small Slimes","floor":2,"turns":2},{"damage":34,"enemies":"3 Sentries","floor":6,"turns":6},{"damage":22,"enemies":"Gremlin Nob","floor":8,"turns":4},{"damage":9,"enemies":"3 Sentries","floor":10,"turns":5}],"seed_played":"-5296257147582556365","potions_obtained":[{"floor":1,"key":"blueLaboratory:FruitPunch"},{"floor":8,"key":"Energy Potion"}],"is_trial":false,"path_per_floor":["M","M","$","?","?","E","?","E","T","E"],"character_chosen":"HERMIT","items_purchased":["hermit:Roulette+1"],"campfire_rested":0,"item_purchase_floors":[3],"current_hp_per_floor":[75,75,75,75,75,43,31,9,9,0,0],"gold":249,"neow_bonus":"BOSS_RELIC","is_daily":false,"chose_seed":false,"campfire_upgraded":0,"win_rate":0.0,"timestamp":1614320506,"path_taken":["M","M","$","?","?","E","?","E","T","E"],"items_purchased_type":["Card"],"build_version":"2020-12-22","purchased_purges":1,"victory":false,"max_hp_per_floor":[75,75,75,75,75,77,77,77,77,77,77],"relic_stats":{"counters":[5,19],"obtain_stats":[{"Lantern":8,"hermit:CharredGlove":6,"Omamori":7,"hermit:Momento":0,"Abe\u0027s Treasure":0},{"Lantern":4,"hermit:CharredGlove":3,"Omamori":3,"hermit:Momento":0,"Abe\u0027s Treasure":0},{"Lantern":14,"hermit:CharredGlove":10,"Omamori":10,"hermit:Momento":0,"Abe\u0027s Treasure":0}]},"card_choices":[{"not_picked":["hermit:Cheat","hermit:GoldenBullet"],"picked":"hermit:Misfire","floor":1},{"not_picked":["hermit:CalledShot","hermit:GoldenBullet"],"picked":"hermit:CursedWeapon","floor":2},{"not_picked":["hermit:Desperado","hermit:Gambit"],"picked":"hermit:LowProfile","floor":6},{"not_picked":["hermit:Desperado","hermit:WideOpen"],"picked":"hermit:Cheat","floor":8}],"player_experience":386551,"relics_obtained":[{"floor":6,"key":"hermit:CharredGlove"},{"floor":8,"key":"Lantern"}],"event_choices":[{"damage_healed":0,"gold_gain":175,"player_choice":"AGREE","damage_taken":0,"max_hp_gain":0,"max_hp_loss":0,"event_name":"Liars Game","floor":5,"gold_loss":0,"cards_obtained":["Doubt"]},{"damage_healed":0,"gold_gain":0,"player_choice":"Success","damage_taken":12,"relics_obtained":["Omamori"],"max_hp_gain":0,"max_hp_loss":0,"event_name":"Scrap Ooze","floor":7,"gold_loss":0}],"is_beta":false,"boss_relics":[],"items_purged_floors":[3],"is_endless":false,"potions_floor_spawned":[1,8],"killed_by":"3 Sentries","ascension_level":4}}