{"host":"q4axc00jr2bozlh9","time":1614360320,"event":{"mods":["AchievementEnabler","BaseMod","Bestiary","Colored Map","Colored Powertips","Curses Come First","Minty Spire (QoL Compilation)","Relic Stats","StSLib","SuperFastMode","UnlockEverythingMod"],"gold_per_floor":[118,118,68,78,89,89,122,135,159,159,174,188,206,218,218,321,321,341,360,360,57,72,103,202,202,202,202,202],"floor_reached":27,"language":"ENG","playtime":1061,"items_purged":["Strike_R"],"score":262,"play_id":"33299cf1-cf5a-46ab-8922-98584255b909","local_time":"20210226182520","is_ascension_mode":false,"campfire_choices":[{"data":"Whirlwind","floor":6,"key":"SMITH"},{"floor":10,"key":"REST"},{"data":"Armaments","floor":15,"key":"SMITH"},{"floor":25,"key":"REST"}],"circlet_count":0,"master_deck":["Strike_R","Strike_R","Strike_R","Strike_R","Defend_R","Defend_R","Defend_R","Defend_R","Bash","Whirlwind+1","Flame Barrier","Ghostly Armor","Sever Soul","Armaments+1","Fiend Fire","CurseOfTheBell","Barricade","Ghostly Armor","Inflame+1"],"relics":["Burning Blood","Ancient Tea Set","Red Skull","Bag of Preparation","Calling Bell","Regal Pillow","Singing Bowl","FossilizedHelix","Enchiridion","Akabeko","Juzu Bracelet"],"acts_visited":["Exordium","TheCity"],"potions_floor_usage":[7,16,16,19,23],"damage_taken":[{"damage":5,"enemies":"Cultist","floor":1,"turns":4},{"damage":6,"enemies":"Jaw Worm","floor":4,"turns":4},{"damage":6,"enemies":"2 Louse","floor":5,"turns":2},{"damage":49,"enemies":"Lagavulin","floor":7,"turns":9},{"damage":0,"enemies":"Looter","floor":8,"turns":3},{"damage":2,"enemies":"Blue Slaver","floor":11,"turns":3},{"damage":0,"enemies":"Exordium Wildlife","floor":12,"turns":4},{"damage":0,"enemies":"3 Louse","floor":13,"turns":2},{"damage":7,"enemies":"2 Fungi Beasts","floor":14,"turns":4},{"damage":41,"enemies":"The Guardian","floor":16,"turns":14},{"damage":36,"enemies":"Shell Parasite","floor":18,"turns":12},{"damage":20,"enemies":"Chosen","floor":19,"turns":9},{"damage":0,"enemies":"Snake Plant","floor":22,"turns":4},{"damage":45,"enemies":"Slavers","floor":23,"turns":5},{"damage":0,"enemies":"Colosseum Slavers","floor":27,"turns":3},{"damage":61,"enemies":"Colosseum Nobs","floor":27,"turns":4}],"seed_played":"-971065452117664122","potions_obtained":[{"floor":5,"key":"Block Potion"},{"floor":7,"key":"Energy Potion"},{"floor":13,"key":"SteroidPotion"},{"floor":14,"key":"BlessingOfTheForge"},{"floor":19,"key":"SkillPotion"}],"is_trial":false,"path_per_floor":["M","?","?","M","M","R","E","M","T","R","M","M","M","M","R","B",null,"M","M","?","$","M","E","?","R","T","?"],"character_chosen":"IRONCLAD","items_purchased":["Barricade","Ghostly Armor"],"campfire_rested":2,"item_purchase_floors":[21,21],"current_hp_per_floor":[73,73,73,73,73,73,30,36,36,64,68,74,80,79,79,44,96,68,56,40,40,48,9,9,54,54,0,0],"gold":202,"neow_bonus":"TWENTY_PERCENT_HP_BONUS","is_daily":false,"chose_seed":false,"campfire_upgraded":2,"win_rate":0.0,"timestamp":1614360320,"path_taken":["M","?","?","M","M","R","E","M","T","R","M","M","M","M","R","BOSS","M","M","?","$","M","E","?","R","T","?"],"items_purchased_type":["Card","Card"],"build_version":"2020-12-22","purchased_purges":1,"victory":false,"max_hp_per_floor":[96,96,96,96,96,96,96,96,96,96,96,96,96,96,96,96,96,98,100,100,100,102,102,102,102,102,102,102],"relic_stats":{"Regal Pillow":15,"Singing Bowl":6,"counters":[16,86],"Bag of Preparation":[22],"Juzu Bracelet":0,"obtain_stats":[{"Calling Bell":17,"Regal Pillow":17,"Singing Bowl":17,"Enchiridion":20,"Bag of Preparation":9,"Juzu Bracelet":26,"Ancient Tea Set":2,"Burning Blood":0,"Red Skull":7,"FossilizedHelix":17,"Akabeko":23},{"Calling Bell":10,"Regal Pillow":10,"Singing Bowl":10,"Enchiridion":12,"Bag of Preparation":5,"Juzu Bracelet":14,"Ancient Tea Set":1,"Burning Blood":0,"Red Skull":4,"FossilizedHelix":10,"Akabeko":14},{"Calling Bell":49,"Regal Pillow":49,"Singing Bowl":49,"Enchiridion":70,"Bag of Preparation":22,"Juzu Bracelet":79,"Ancient Tea Set":4,"Burning Blood":0,"Red Skull":19,"FossilizedHelix":49,"Akabeko":79}],"Burning Blood":90},"card_choices":[{"not_picked":["Sword Boomerang","Flex"],"picked":"Whirlwind","floor":1},{"not_picked":["Twin Strike","Clothesline","Rupture"],"picked":"SKIP","floor":4},{"not_picked":["Havoc","Carnage","Cleave"],"picked":"SKIP","floor":5},{"not_picked":["Thunderclap","Reckless Charge","Perfected Strike"],"picked":"SKIP","floor":7},{"not_picked":["Blood for Blood","Twin Strike"],"picked":"Flame Barrier","floor":8},{"not_picked":["Warcry","Sever Soul"],"picked":"Ghostly Armor","floor":11},{"not_picked":["Heavy Blade","Wild Strike"],"picked":"Sever Soul","floor":12},{"not_picked":["Pommel Strike","Impervious"],"picked":"Armaments","floor":13},{"not_picked":["Pommel Strike","Bloodletting","Rupture"],"picked":"SKIP","floor":14},{"not_picked":["Offering","Brutality"],"picked":"Fiend Fire","floor":16},{"not_picked":["Cleave","Reckless Charge","Rampage"],"picked":"Singing Bowl","floor":18},{"not_picked":["Ghostly Armor","Cleave","Headbutt+1"],"picked":"Singing Bowl","floor":19},{"not_picked":["Cleave","Dropkick","Wild Strike"],"picked":"Singing Bowl","floor":22},{"not_picked":["Searing Blow","Flex"],"picked":"Inflame+1","floor":23}],"player_experience":302438,"relics_obtained":[{"floor":7,"key":"Red Skull"},{"floor":9,"key":"Bag of Preparation"},{"floor":17,"key":"Regal Pillow"},{"floor":17,"key":"Singing Bowl"},{"floor":17,"key":"FossilizedHelix"},{"floor":20,"key":"Enchiridion"},{"floor":23,"key":"Akabeko"},{"floor":26,"key":"Juzu Bracelet"}],"event_choices":[{"damage_healed":0,"gold_gain":0,"player_choice":"Box","damage_taken":0,"relics_obtained":["Ancient Tea Set"],"max_hp_gain":0,"max_hp_loss":0,"event_name":"Big Fish","floor":2,"gold_loss":0,"cards_obtained":["Regret"]},{"cards_removed":["Regret"],"damage_healed":0,"gold_gain":0,"player_choice":"Card Removal","damage_taken":0,"max_hp_gain":0,"max_hp_loss":0,"event_name":"The Cleric","floor":3,"gold_loss":50},{"damage_healed":0,"gold_gain":0,"player_choice":"Obtained Book","damage_taken":16,"max_hp_gain":0,"max_hp_loss":0,"event_name":"Cursed Tome","floor":20,"gold_loss":0},{"damage_healed":0,"gold_gain":99,"player_choice":"Stole From Cult","damage_taken":0,"max_hp_gain":0,"max_hp_loss":0,"event_name":"Nest","floor":24,"gold_loss":0},{"damage_healed":0,"gold_gain":0,"player_choice":"Fight","damage_taken":0,"max_hp_gain":0,"max_hp_loss":0,"event_name":"Colosseum","floor":27,"gold_loss":0},{"damage_healed":0,"gold_gain":0,"player_choice":"Fought Nobs","damage_taken":0,"max_hp_gain":0,"max_hp_loss":0,"event_name":"Colosseum","floor":27,"gold_loss":0}],"is_beta":false,"boss_relics":[{"not_picked":["Ectoplasm","Black Star"],"picked":"Calling Bell"}],"items_purged_floors":[21],"is_endless":false,"potions_floor_spawned":[5,7,13,14,19,27],"killed_by":"Colosseum Nobs","ascension_level":0}}