{"host":"5tir6155jnoxijqh","time":1614351740,"event":{"mods":["Act Like it!","Arknights","BaseMod","Downfall","Hermit","Library of Ruina","Library of Ruina Extra","Minty Spire (QoL Compilation)","Shop Mod","Spicy Shops","StSLib","WarShipGirlsR/’ΩΩ¢…Ÿ≈ÆR mod"],"gold_per_floor":[14,14,25,25,25,25,42,73,73,91,109,34,50,50,50,147,147,161,161,161,178,198,198,232,246,271,17,31,31,61,10,10,115,115,127,207,8,62,77,105,105,130,130,130,130,163,163,177,177,177],"floor_reached":51,"language":"ZHS","playtime":3221,"items_purged":["LightAttack","downfall:Haunted","Clumsy"],"score":1321,"play_id":"5b1bab34-9a4e-4a0a-bae1-dd74add0cdaa","local_time":"20210226230220","is_ascension_mode":true,"campfire_choices":[{"floor":6,"key":"RECALL"},{"data":"TheWillOfTheCity","floor":15,"key":"SMITH"},{"data":"LightDefense","floor":23,"key":"PURGE"},{"data":"Dodge","floor":32,"key":"PURGE"},{"data":"LightDefense","floor":41,"key":"PURGE"},{"data":"downfall:Bewildered","floor":47,"key":"PURGE"},{"data":"Pain","floor":49,"key":"PURGE"}],"circlet_count":0,"master_deck":["AscendersBane","LightDefense","LightDefense","ChargeAndCover","FocusedStrikes","TheRedNotes","SweepTheBackstreets","Deflect_lor","ChargeUp","ToOvercomeCrisis","TheWillOfTheCity+1","Rewind","EnergyBeam","HandleRequest+1","Duel_lor","TrashDisposal","BiXi+1","Lock","EnergyCycle+1","SwordOfVolition","GatherIntel","RagingStormLove","FlashOfSunup","TieShanKao","CrackOfDawn","SunsetBlade+1","Observe","DesperateStruggle+1"],"relics":["PageOfLibrarian","Ornamental Fan","Cursed Key","Peace Pipe","Tiny Chest","Nunchaku","Frozen Eye","PageOfMountain","Busted Crown","PageOfNothingThere","Sling","Torii","StoneCalendar","PageOfWayBackHome","PageOfForsakenMurderer","Meat on the Bone","Strawberry"],"acts_visited":["Exordium","TheCity","TheBeyond"],"potions_floor_usage":[11,24,30,30,33,42,50],"damage_taken":[{"damage":7,"enemies":"Small Slimes","floor":1,"turns":3},{"damage":8,"enemies":"ats:Genji","floor":3,"turns":3},{"damage":0,"enemies":"Cultist","floor":7,"turns":3},{"damage":44,"enemies":"3 Sentries","floor":8,"turns":11},{"damage":11,"enemies":"2 Fungi Beasts","floor":10,"turns":4},{"damage":11,"enemies":"Exordium Thugs","floor":11,"turns":4},{"damage":0,"enemies":"3 Louse","floor":13,"turns":4},{"damage":4,"enemies":"Hexaghost","floor":16,"turns":11},{"damage":0,"enemies":"Chosen","floor":18,"turns":4},{"damage":0,"enemies":"Shell Parasite","floor":21,"turns":5},{"damage":9,"enemies":"3 Cultists","floor":22,"turns":5},{"damage":31,"enemies":"Gremlin Leader","floor":24,"turns":5},{"damage":0,"enemies":"Snecko","floor":25,"turns":4},{"damage":8,"enemies":"Centurion and Healer","floor":28,"turns":7},{"damage":9,"enemies":"Slavers","floor":30,"turns":4},{"damage":30,"enemies":"Collector","floor":33,"turns":8},{"damage":19,"enemies":"Orb Walker","floor":35,"turns":3},{"damage":9,"enemies":"2 Orb Walkers","floor":38,"turns":4},{"damage":0,"enemies":"3 Darklings","floor":39,"turns":3},{"damage":35,"enemies":"Nemesis","floor":40,"turns":5},{"damage":23,"enemies":"Giant Head","floor":42,"turns":7},{"damage":14,"enemies":"Reptomancer","floor":46,"turns":3},{"damage":6,"enemies":"Maw","floor":48,"turns":6},{"damage":70,"enemies":"Awakened One","floor":50,"turns":9}],"seed_played":"5079052220976301680","potions_obtained":[{"floor":1,"key":"DuplicationPotion"},{"floor":10,"key":"SneckoOil"},{"floor":11,"key":"Energy Potion"},{"floor":28,"key":"Fire Potion"},{"floor":33,"key":"LiquidMemories"},{"floor":38,"key":"Block Potion"},{"floor":42,"key":"Swift Potion"}],"is_trial":false,"path_per_floor":["M","?","M","?","?","R","M","E","T","M","M","$","M","?","R","B",null,"M","?","?","M","M","R","E","M","T","$","M","?","E","$","R","B",null,"M","T","$","?","M","E","R","E","T","?","T","E","R","M","R","B",null],"character_chosen":"Librarian","items_purchased":["Frozen Eye","Lock","Energy Potion","Sling"],"campfire_rested":0,"item_purchase_floors":[27,27,31,37],"current_hp_per_floor":[47,70,62,67,60,60,63,28,28,20,15,15,18,18,18,29,76,82,82,82,88,88,88,60,77,77,77,76,76,78,78,78,72,94,82,82,82,80,83,52,52,36,36,36,36,45,45,62,62,14],"gold":177,"neow_bonus":"THREE_RARE_CARDS","is_daily":false,"chose_seed":false,"campfire_upgraded":1,"win_rate":0.0,"timestamp":1614351740,"path_taken":["M","?","?","?","?","R","M","E","T","?","M","$","M","?","R","BOSS","M","?","?","?","M","R","E","M","T","$","?","?","E","?","R","BOSS","M","?","?","?","M","E","R","E","T","?","?","E","R","M","R","BOSS"],"items_purchased_type":["Relic","Card","Potion","Relic"],"build_version":"2020-12-22","purchased_purges":3,"victory":true,"max_hp_per_floor":[60,70,75,80,80,80,80,92,92,92,92,92,92,92,92,92,92,92,92,92,101,101,101,101,101,101,101,101,101,101,101,101,101,101,101,101,101,101,101,101,101,101,101,101,101,108,108,108,108,108],"card_choices":[{"not_picked":["BoundaryOfDeath","Decapitation"],"picked":"BalefulBrand","floor":0},{"not_picked":["StructuralAnalysis","FlowOfTheSword","Diversion","Outburst","Faith","HiddenBlade","PinpointShot","GatherIntel"],"picked":"TheRedNotes","floor":1},{"not_picked":["SpearedSweep","GuidanceOfTheGears","Diversion","RatsGuideToSurvival","Execute_lor","ToWhereThePrescriptPoints","WaitUp","Reload"],"picked":"SweepTheBackstreets","floor":3},{"not_picked":["DefenseOrder","NightInTheBackstreets","TasteMyFlamingBat","ICanCookAnything","HiddenBlade","Multislash","CutIn","RulesOfTheBackstreets"],"picked":"Deflect_lor","floor":7},{"not_picked":["Struggle","EndlessBattle","LossOfSenses","VioletBlade","ScatteringSlash","SharpSwipe","Unlock1","SkitterAway"],"picked":"ChargeUp","floor":8},{"not_picked":["Faith","ClassAndRespect","GrazeTheGrass","Eject","SharpNails","AGoldenOpportunity","DefenseOrder","Standoff"],"picked":"ToOvercomeCrisis","floor":10},{"not_picked":["DirtyBlow","CoordinatedAssault","Standoff","PreemptiveStrike","WillBeTasty","Bvapour","KeepItFresh","AsThePrescriptOrders"],"picked":"TheWillOfTheCity","floor":11},{"not_picked":["Transpierce","UncannyStrike","BiAn","Leap_lor","DirtyBlow","StrongStrike","EnergyShield","Multislash"],"picked":"Rewind","floor":13},{"not_picked":["SavageMode","Lock"],"picked":"EnergyBeam","floor":16},{"not_picked":["BulkyImpact","SharpNails","Faith","Standoff+1","BindingChains","BayonetCombat","Outburst","Quickness"],"picked":"BiAn+1","floor":18},{"not_picked":["IngredientHunt","HighKick+1","SweepTheBackstreets","Punishment","Thrust+1","Ripple+1","GreatSerpentsImpact","StartinOutLightly"],"picked":"HandleRequest+1","floor":21},{"not_picked":["IngredientHunt","GuardingStance","Leap_lor","WillBeTasty","QuickAttack","CumulusWall","KeepItFresh+1","Gigigig+1"],"picked":"Duel_lor","floor":22},{"not_picked":["GatherIntel","FierceCharge","GuidanceOfTheGears","SharpSwipe","Collision+1","Unlock1","SmokingPipe","Eject"],"picked":"TrashDisposal","floor":24},{"not_picked":["ShockRound","Gamble","CoordinatedAssault","PuppetBlockade","Parry2+1","WildCard","ViolentFlame","Wallop_lor"],"picked":"BiXi+1","floor":25},{"not_picked":["HandleRequest","LoosenUp","PuppetBlockade","DarkCloud","Eradication","StrongStrike","ScatteringSlash+1","MultiBlock"],"picked":"EnergyCycle+1","floor":28},{"not_picked":["FervidEmotions","SpearedSweep+1","SinglePointStab+1","Leap_lor","MultiBlock+1","WillProduceFineSilk","FlashingStrike+1","SharpSwipe"],"picked":"GatherIntel","floor":30},{"not_picked":["Disposal","MirageStorm"],"picked":"RagingStormLove","floor":33},{"not_picked":["BoundaryOfDeath","Slice_lor","SuppressingShot","Diversion","UpbeatPerformance","ClassAndRespect"],"picked":"FlashOfSunup","floor":35},{"not_picked":["MultiBlock","SwordOfVolition+1","EnergyShield+1","SinglePointStab","FrontalAssault","Outburst+1"],"picked":"TieShanKao","floor":38},{"not_picked":["BulkyImpact","TheArtOfRapidSteps","AlloutWar","HiddenBlade+1","UnavoidableGaze","MultiBlock","HeavyPeaks"],"picked":"SKIP","floor":39},{"not_picked":["ForcefulGesture+1","YouOnlyLiveOnce","GuardingStance","TendonChords+1","TieShanKao","SmokingPipe+1"],"picked":"CrackOfDawn","floor":40},{"not_picked":["SerpentSwordTechnique+1","SharpSwipe","Duel_lor+1","Outburst+1","RatsGuideToSurvival","Collision+1"],"picked":"SunsetBlade+1","floor":42},{"not_picked":["Duel_lor+1","YoureAHindrance","JiaoTu+1","SkyClearingCut+1","PreemptiveStrike","AutomatedMovement"],"picked":"Observe","floor":46},{"not_picked":["SharpSwipe","EnergyCycle+1","IdentifyWeakpoint","EnergyShield+1","DefenseOrder","FrontalAssault"],"picked":"DesperateStruggle+1","floor":48}],"player_experience":427718,"relics_obtained":[{"floor":8,"key":"Ornamental Fan"},{"floor":24,"key":"Tiny Chest"},{"floor":26,"key":"Nunchaku"},{"floor":30,"key":"PageOfMountain"},{"floor":36,"key":"PageOfNothingThere"},{"floor":38,"key":"Torii"},{"floor":40,"key":"StoneCalendar"},{"floor":42,"key":"PageOfWayBackHome"},{"floor":43,"key":"PageOfForsakenMurderer"},{"floor":45,"key":"Meat on the Bone"},{"floor":46,"key":"Strawberry"}],"event_choices":[{"cards_removed":["BalefulBrand"],"damage_healed":13,"gold_gain":0,"player_choice":"Offered Rare","damage_taken":0,"max_hp_gain":10,"max_hp_loss":0,"event_name":"Bonfire Elementals","floor":2,"gold_loss":0},{"damage_healed":0,"gold_gain":0,"player_choice":"Donut","damage_taken":0,"max_hp_gain":5,"max_hp_loss":0,"event_name":"Big Fish","floor":4,"gold_loss":0},{"cards_removed":["LightAttack"],"damage_healed":0,"gold_gain":0,"player_choice":"Card Removal","damage_taken":7,"max_hp_gain":0,"max_hp_loss":0,"event_name":"Golden Wing","floor":5,"gold_loss":0},{"cards_removed":["LightAttack"],"damage_healed":0,"gold_gain":0,"player_choice":"Forget","damage_taken":0,"max_hp_gain":0,"max_hp_loss":0,"event_name":"Living Wall","floor":14,"gold_loss":0},{"damage_healed":0,"gold_gain":0,"player_choice":"Opened","damage_taken":0,"relics_obtained":["Peace Pipe"],"max_hp_gain":0,"max_hp_loss":0,"event_name":"The Mausoleum","floor":19,"gold_loss":0},{"damage_healed":0,"gold_gain":0,"player_choice":"Got Potions","damage_taken":0,"max_hp_gain":0,"max_hp_loss":0,"event_name":"Lab","floor":20,"gold_loss":0},{"damage_healed":0,"gold_gain":0,"player_choice":"Read","damage_taken":0,"max_hp_gain":0,"max_hp_loss":0,"event_name":"The Library","floor":29,"gold_loss":0,"cards_obtained":["SwordOfVolition"]},{"damage_healed":0,"gold_gain":0,"player_choice":"Fight","damage_taken":0,"max_hp_gain":0,"max_hp_loss":0,"event_name":"Mysterious Sphere","floor":38,"gold_loss":0},{"cards_removed":["BiAn"],"damage_healed":0,"gold_gain":0,"player_choice":"Removed Skill","damage_taken":0,"max_hp_gain":0,"max_hp_loss":0,"event_name":"Falling","floor":44,"gold_loss":0}],"is_beta":false,"boss_relics":[{"not_picked":["Snecko Eye","PageOfBlackSwan"],"picked":"Cursed Key"},{"not_picked":["Fusion Hammer","Tiny House"],"picked":"Busted Crown"}],"items_purged_floors":[12,27,37],"is_endless":false,"potions_floor_spawned":[1,10,11,16,18,22,28,33,38,40,42,46],"ascension_level":11}}