{"host":"d4km6p8r92tm3vpl","time":1614369886,"event":{"mods":["AchievementEnabler","BaseMod","Colored Map","Colored Powertips","DeckTracker","Minty Spire (QoL Compilation)","Relic Stats","StSLib"],"gold_per_floor":[117,135,153,167,186,186,218,218,286,320,331,331,365,1,1,73,73,88,101,26,53,53,83,99,99,99,115,129,159,159,178,178,250,250,268,268,268,280,290,290,316,316,316,316,316],"floor_reached":44,"language":"ENG","playtime":1574,"items_purged":["Doppelganger"],"score":850,"play_id":"b1780883-778a-4ef5-8d65-5977df73046b","local_time":"20210226150446","is_ascension_mode":true,"campfire_choices":[{"floor":6.0,"key":"REST"},{"data":"Neutralize","floor":8.0,"key":"SMITH"},{"floor":15.0,"key":"REST"},{"floor":25.0,"key":"REST"},{"floor":30,"key":"REST"},{"floor":32,"key":"REST"},{"floor":40,"key":"REST"},{"floor":42,"key":"REST"}],"circlet_count":0,"master_deck":["AscendersBane","Survivor","Neutralize+1","Slice","Dagger Spray","Blade Dance","Backflip","Choke","Deflect","Finisher","Sucker Punch","Venomology","A Thousand Cuts","Accuracy","Dash","After Image","Malaise","Riddle With Holes","Infinite Blades","Heel Hook","Finisher","All Out Attack","Leg Sweep","Terror","Accuracy","Glass Knife","Blade Dance","Blur","Escape Plan","Backflip+1","Blade Dance","Outmaneuver","PiercingWail"],"relics":["Ring of the Snake","Boot","Mercury Hourglass","Sundial","Peace Pipe","Tiny Chest","Shuriken","Pandora\u0027s Box","Snake Skull","MutagenicStrength","StrikeDummy","PreservedInsect","Gremlin Horn","WristBlade","Meat on the Bone","Nunchaku","Pantograph"],"acts_visited":["Exordium","TheCity","TheBeyond"],"potions_floor_usage":[29,33,38],"damage_taken":[{"damage":1.0,"enemies":"Cultist","floor":1.0,"turns":4.0},{"damage":0.0,"enemies":"2 Louse","floor":2.0,"turns":3.0},{"damage":0.0,"enemies":"Jaw Worm","floor":3.0,"turns":3.0},{"damage":30.0,"enemies":"Exordium Thugs","floor":4.0,"turns":5.0},{"damage":0.0,"enemies":"Looter","floor":5.0,"turns":4.0},{"damage":20.0,"enemies":"Lagavulin","floor":7.0,"turns":5.0},{"damage":4.0,"enemies":"3 Sentries","floor":10.0,"turns":5.0},{"damage":0.0,"enemies":"3 Louse","floor":11.0,"turns":1.0},{"damage":13.0,"enemies":"Lagavulin","floor":13.0,"turns":6.0},{"damage":13.0,"enemies":"Hexaghost","floor":16.0,"turns":9.0},{"damage":0.0,"enemies":"Chosen","floor":18.0,"turns":4.0},{"damage":0.0,"enemies":"Shell Parasite","floor":19.0,"turns":4.0},{"damage":6.0,"enemies":"Slavers","floor":23.0,"turns":2.0},{"damage":32.0,"enemies":"Shelled Parasite and Fungi","floor":24.0,"turns":6.0},{"damage":8,"enemies":"Cultist and Chosen","floor":27,"turns":5},{"damage":12,"enemies":"Chosen and Byrds","floor":28,"turns":5},{"damage":12,"enemies":"Gremlin Leader","floor":29,"turns":3},{"damage":9,"enemies":"Shelled Parasite and Fungi","floor":31,"turns":6},{"damage":13,"enemies":"Collector","floor":33,"turns":6},{"damage":3,"enemies":"Orb Walker","floor":35,"turns":3},{"damage":34,"enemies":"3 Darklings","floor":38,"turns":9},{"damage":5,"enemies":"4 Shapes","floor":39,"turns":6},{"damage":42,"enemies":"Nemesis","floor":41,"turns":7},{"damage":0,"enemies":"Writhing Mass","floor":44,"turns":1}],"seed_played":"3816861500328340784","potions_obtained":[{"floor":1.0,"key":"Ancient Potion"},{"floor":4.0,"key":"Swift Potion"},{"floor":5.0,"key":"DistilledChaos"},{"floor":10.0,"key":"SteroidPotion"},{"floor":13.0,"key":"LiquidMemories"},{"floor":23.0,"key":"PowerPotion"},{"floor":35,"key":"Regen Potion"}],"is_trial":false,"path_per_floor":["M","M","M","M","M","R","E","R","T","E","M","?","E","$","R","B",null,"M","M","$","T","?","E","M","R","T","M","M","E","R","M","R","B",null,"M","T","?","M","M","R","E","R","T","M"],"character_chosen":"THE_SILENT","items_purchased":["Shuriken","Accuracy","Dash"],"campfire_rested":7,"item_purchase_floors":[14,14,14],"current_hp_per_floor":[58,58,58,28,28,47,27,27,27,23,23,23,10,10,29,16,54,54,54,54,54,54,48,16,35,35,27,15,3,22,13,32,19,54,51,51,51,43,38,57,27,46,46,46,46],"gold":316,"neow_bonus":"RANDOM_COMMON_RELIC","is_daily":false,"chose_seed":false,"campfire_upgraded":1,"win_rate":0.0,"timestamp":1614369886,"path_taken":["M","?","M","?","M","R","E","R","T","E","M","?","E","$","R","BOSS","M","M","$","?","?","E","M","R","T","?","M","E","R","M","R","BOSS","M","?","?","?","M","R","E","R","T","M"],"items_purchased_type":["Relic","Card","Card"],"build_version":"2020-12-22","purchased_purges":1,"victory":false,"max_hp_per_floor":[66,66,66,66,66,66,66,66,66,66,66,66,66,66,66,66,66,66,66,66,66,66,66,66,66,66,66,66,66,66,66,66,66,66,66,66,66,66,66,66,66,66,66,66,66],"relic_stats":{"Gremlin Horn":[12,12],"counters":[24,111],"Snake Skull":[12],"PreservedInsect":99,"Boot":[122],"Mercury Hourglass":[299],"Peace Pipe":0,"Nunchaku":[0],"Sundial":[6],"Shuriken":[39],"Pantograph":0,"Tiny Chest":1,"Pandora\u0027s Box":["Doppelganger","Malaise","Riddle With Holes","Infinite Blades","Heel Hook","Finisher","All Out Attack","Masterful Stab","Leg Sweep"],"obtain_stats":[{"Gremlin Horn":29,"Snake Skull":21,"PreservedInsect":26,"Boot":0,"Mercury Hourglass":7,"Peace Pipe":10,"Nunchaku":41,"WristBlade":34,"Sundial":9,"Shuriken":14,"MutagenicStrength":22,"Pantograph":43,"Tiny Chest":13,"Pandora\u0027s Box":17,"StrikeDummy":23,"Ring of the Snake":0,"Meat on the Bone":36},{"Gremlin Horn":17,"Snake Skull":12,"PreservedInsect":14,"Boot":0,"Mercury Hourglass":6,"Peace Pipe":7,"Nunchaku":23,"WristBlade":19,"Sundial":6,"Shuriken":9,"MutagenicStrength":12,"Pantograph":23,"Tiny Chest":9,"Pandora\u0027s Box":10,"StrikeDummy":13,"Ring of the Snake":0,"Meat on the Bone":20},{"Gremlin Horn":73,"Snake Skull":52,"PreservedInsect":60,"Boot":0,"Mercury Hourglass":24,"Peace Pipe":29,"Nunchaku":110,"WristBlade":85,"Sundial":24,"Shuriken":36,"MutagenicStrength":52,"Pantograph":110,"Tiny Chest":36,"Pandora\u0027s Box":45,"StrikeDummy":54,"Ring of the Snake":0,"Meat on the Bone":88}],"Ring of the Snake":[48],"Meat on the Bone":24},"card_choices":[{"not_picked":["Setup","Expertise"],"picked":"Slice","floor":1.0},{"not_picked":["Deadly Poison","Slice"],"picked":"Dagger Spray","floor":2.0},{"not_picked":["Deflect","Choke"],"picked":"Blade Dance","floor":3.0},{"not_picked":["Slice","Poisoned Stab"],"picked":"Backflip","floor":4.0},{"not_picked":["Well Laid Plans","Quick Slash"],"picked":"Choke","floor":5.0},{"not_picked":["Calculated Gamble","Unload"],"picked":"Deflect","floor":7.0},{"not_picked":["Backflip","Doppelganger"],"picked":"Finisher","floor":10.0},{"not_picked":["Acrobatics","Tactician"],"picked":"Sucker Punch","floor":11.0},{"not_picked":["Crippling Poison","Noxious Fumes"],"picked":"A Thousand Cuts","floor":13.0},{"not_picked":["Phantasmal Killer","Adrenaline"],"picked":"After Image","floor":16.0},{"not_picked":["Dagger Throw","Bouncing Flask"],"picked":"Terror","floor":18.0},{"not_picked":["Slice+1","Poisoned Stab"],"picked":"Accuracy","floor":19.0},{"not_picked":["Dagger Spray","Acrobatics"],"picked":"Glass Knife","floor":23.0},{"not_picked":["Masterful Stab","Escape Plan"],"picked":"Blade Dance","floor":24.0},{"not_picked":["Acrobatics","Quick Slash"],"picked":"Blur","floor":27},{"not_picked":["Glass Knife","Predator"],"picked":"Escape Plan","floor":28},{"not_picked":["Masterful Stab+1","Tactician"],"picked":"Backflip+1","floor":29},{"not_picked":["Poisoned Stab","Tactician"],"picked":"Blade Dance","floor":31},{"not_picked":["Sucker Punch+1","Tactician"],"picked":"Outmaneuver","floor":35},{"not_picked":["Underhanded Strike+1","Dagger Throw+1","Slice"],"picked":"SKIP","floor":38},{"not_picked":["Finisher","Riddle With Holes","All Out Attack+1"],"picked":"SKIP","floor":39},{"not_picked":["Infinite Blades+1","Finisher"],"picked":"PiercingWail","floor":41}],"player_experience":856955,"relics_obtained":[{"floor":7.0,"key":"Mercury Hourglass"},{"floor":9.0,"key":"Sundial"},{"floor":10.0,"key":"Peace Pipe"},{"floor":13.0,"key":"Tiny Chest"},{"floor":21.0,"key":"Snake Skull"},{"floor":23.0,"key":"StrikeDummy"},{"floor":26.0,"key":"PreservedInsect"},{"floor":29,"key":"Gremlin Horn"},{"floor":36,"key":"Meat on the Bone"},{"floor":41,"key":"Nunchaku"},{"floor":43,"key":"Pantograph"}],"event_choices":[{"damage_healed":0.0,"max_hp_gain":0.0,"max_hp_loss":0.0,"gold_gain":0.0,"cards_transformed":["Strike_G"],"event_name":"Transmorgrifier","player_choice":"Transformed","floor":12.0,"gold_loss":0.0,"damage_taken":0.0,"cards_obtained":["Venomology"]},{"damage_healed":0.0,"max_hp_gain":0.0,"max_hp_loss":0.0,"gold_gain":0.0,"event_name":"Drug Dealer","player_choice":"Inject Mutagens","floor":22.0,"gold_loss":0.0,"damage_taken":0.0,"relics_obtained":["MutagenicStrength"]},{"cards_removed":["Masterful Stab"],"damage_healed":0,"gold_gain":0,"player_choice":"Purged","damage_taken":0,"max_hp_gain":0,"max_hp_loss":0,"event_name":"Purifier","floor":37,"gold_loss":0}],"is_beta":false,"boss_relics":[{"not_picked":["SlaversCollar","Runic Pyramid"],"picked":"Pandora\u0027s Box"},{"not_picked":["Philosopher\u0027s Stone","Ring of the Serpent"],"picked":"WristBlade"}],"items_purged_floors":[20],"is_endless":false,"potions_floor_spawned":[1,4,5,10,13,16,23,24,28,33,35],"killed_by":"Writhing Mass","ascension_level":14}}