{"host":"89iuq2p5kwriuwfq","time":1614349407,"event":{"mods":["BaseMod","Curses Come First","Custom Start","Minty Spire (QoL Compilation)","Permanent Neow","StSLib"],"gold_per_floor":[115,126,126,146,52,52,82,82,134,162,180,180,210,210,210,297,297,325,250,300,1,29,67,67,67,67],"floor_reached":25,"language":"ENG","playtime":1282,"items_purged":["Strike_B"],"score":427,"play_id":"5988c4a9-b6a3-4641-82b8-325543a7a6e5","local_time":"20210226142327","is_ascension_mode":true,"campfire_choices":[{"data":"Defragment","floor":6.0,"key":"SMITH"},{"data":"Amplify","floor":8.0,"key":"SMITH"},{"floor":12.0,"key":"REST"},{"floor":15.0,"key":"REST"},{"data":"Capacitor","floor":24,"key":"SMITH"}],"circlet_count":0,"master_deck":["AscendersBane","Strike_B","Defend_B","Defend_B","Defend_B","Defend_B","Zap","Dualcast","Amplify+1","Gash","Compile Driver","Cold Snap","Defragment+1","Ball Lightning","Hologram","Cold Snap","Gash","Machine Learning","Ball Lightning+1","Storm","Capacitor+1","Creative AI"],"relics":["Cracked Core","Blood Vial","Lantern","Orichalcum","CeramicFish","Black Star","Toy Ornithopter","PreservedInsect","Vajra"],"acts_visited":["Exordium","TheCity"],"potions_floor_usage":[23,23],"damage_taken":[{"damage":6.0,"enemies":"Cultist","floor":1.0,"turns":3.0},{"damage":9.0,"enemies":"2 Louse","floor":2.0,"turns":2.0},{"damage":4.0,"enemies":"Small Slimes","floor":4.0,"turns":4.0},{"damage":13.0,"enemies":"3 Sentries","floor":7.0,"turns":4.0},{"damage":26.0,"enemies":"Gremlin Nob","floor":10.0,"turns":4.0},{"damage":0.0,"enemies":"Exordium Wildlife","floor":11.0,"turns":2.0},{"damage":17.0,"enemies":"Lagavulin","floor":13.0,"turns":6.0},{"damage":17.0,"enemies":"Slime Boss","floor":16.0,"turns":11.0},{"damage":12.0,"enemies":"2 Thieves","floor":18.0,"turns":4.0},{"damage":5.0,"enemies":"Shell Parasite","floor":22.0,"turns":4.0},{"damage":26,"enemies":"Gremlin Leader","floor":23,"turns":8},{"damage":35,"enemies":"Book of Stabbing","floor":25,"turns":3}],"seed_played":"4285163327387821816","potions_obtained":[{"floor":2.0,"key":"PowerPotion"},{"floor":4.0,"key":"Dexterity Potion"},{"floor":7.0,"key":"Explosive Potion"},{"floor":16.0,"key":"Fire Potion"},{"floor":22.0,"key":"Strength Potion"}],"is_trial":false,"path_per_floor":["M","M","?","M","$","R","E","R","T","E","M","R","E","?","R","B",null,"M","?","?","$","M","E","R","E"],"character_chosen":"DEFECT","items_purchased":["Defragment","Ball Lightning","Storm","Toy Ornithopter"],"campfire_rested":2,"item_purchase_floors":[5,5,21,21],"current_hp_per_floor":[58,49,49,45,45,45,32,32,32,8,10,31,16,16,37,22,59,49,49,49,49,46,32,32,0,0],"gold":67,"neow_bonus":"ONE_RANDOM_RARE_CARD","is_daily":false,"chose_seed":false,"campfire_upgraded":3,"win_rate":0.0,"timestamp":1614349407,"path_taken":["M","M","?","M","$","R","E","R","T","E","M","R","E","?","R","BOSS","M","?","?","$","M","E","R","E"],"items_purchased_type":["Card","Card","Card","Relic"],"build_version":"2020-12-22","purchased_purges":1,"victory":false,"max_hp_per_floor":[71,71,71,71,71,71,71,71,71,71,71,71,71,71,71,71,71,71,71,71,71,71,71,71,71,71],"card_choices":[{"not_picked":["Go for the Eyes","Coolheaded"],"picked":"Gash","floor":1.0},{"not_picked":["Aggregate","Auto Shields","Turbo"],"picked":"SKIP","floor":2.0},{"not_picked":["Double Energy","Lockon"],"picked":"Cold Snap","floor":4.0},{"not_picked":["Sweeping Beam","Blizzard"],"picked":"Hologram","floor":7.0},{"not_picked":["Stack","Beam Cell"],"picked":"Cold Snap","floor":10.0},{"not_picked":["Sweeping Beam","Auto Shields"],"picked":"Gash","floor":11.0},{"not_picked":["Turbo","Steam","Lockon"],"picked":"SKIP","floor":13.0},{"not_picked":["Thunder Strike","Multi-Cast"],"picked":"Machine Learning","floor":16.0},{"not_picked":["Rip and Tear","Lockon"],"picked":"Ball Lightning+1","floor":18.0},{"not_picked":["Cold Snap","Steam"],"picked":"Capacitor","floor":22.0},{"not_picked":["Fusion+1","Rebound"],"picked":"Creative AI","floor":23}],"player_experience":798782,"relics_obtained":[{"floor":7.0,"key":"Blood Vial"},{"floor":9.0,"key":"Lantern"},{"floor":10.0,"key":"Orichalcum"},{"floor":13.0,"key":"CeramicFish"},{"floor":23,"key":"PreservedInsect"},{"floor":23,"key":"Vajra"}],"event_choices":[{"damage_healed":0.0,"max_hp_gain":0.0,"max_hp_loss":0.0,"gold_gain":0.0,"cards_transformed":["Strike_B"],"event_name":"Living Wall","player_choice":"Change","floor":3.0,"gold_loss":0.0,"damage_taken":0.0,"cards_obtained":["Compile Driver"]},{"damage_healed":0.0,"max_hp_gain":0.0,"max_hp_loss":0.0,"gold_gain":0.0,"event_name":"Shining Light","player_choice":"Ignored","floor":14.0,"gold_loss":0.0,"damage_taken":0.0},{"cards_removed":["Strike_B"],"damage_healed":0.0,"max_hp_gain":0.0,"max_hp_loss":0.0,"gold_gain":0.0,"event_name":"Beggar","player_choice":"Gave Gold","floor":19.0,"gold_loss":75.0,"damage_taken":0.0},{"damage_healed":0.0,"max_hp_gain":0.0,"max_hp_loss":0.0,"gold_gain":50.0,"event_name":"Nest","player_choice":"Stole From Cult","floor":20.0,"gold_loss":0.0,"damage_taken":0.0}],"is_beta":false,"boss_relics":[{"not_picked":["Astrolabe","Runic Dome"],"picked":"Black Star"}],"items_purged_floors":[21],"is_endless":false,"potions_floor_spawned":[2,4,7,16,22],"killed_by":"Book of Stabbing","ascension_level":16}}