{"host":"roto7j7840a50pxh","time":1614305220,"event":{"mods":["Act Like it!","BaseMod","Better Altar","Better Note","Better Sensory Stone","Better Skull","Better Third Choice","BetterRewards","Colored Map","Colored Powertips","Downfall","Hermit","Highlight Path","Hubris","Infinite Spire","Minty Spire (QoL Compilation)","Replay The Spire","Robot Space Explorer","Shade Mod","Spicy Shops","StSLib","The Construct","The Cursed","The Dragon Tamer","The Hierophant","The Necromancer","The Runesmith","The Servant 0.9.4","TheVacant"],"gold_per_floor":[109,109,109,127,145,145,170,185,260,260,287,301,301,301],"floor_reached":13,"language":"ENG","playtime":857,"items_purged":[],"score":162,"play_id":"468dd3e0-d6ea-4fff-8c62-98e53a8ddc7b","local_time":"20210225210700","is_ascension_mode":true,"campfire_choices":[{"floor":6.0,"key":"REST"},{"data":"hermit:TakeCover","floor":10,"key":"SMITH"},{"data":"hermit:FlashPowder","floor":10,"key":"SMITH"}],"circlet_count":0,"master_deck":["hermit:Strike_Hermit","hermit:Strike_Hermit","hermit:Strike_Hermit","hermit:Strike_Hermit","hermit:Defend_Hermit","hermit:Defend_Hermit","hermit:Defend_Hermit","hermit:Defend_Hermit","hermit:Snapshot","hermit:Covet","hermit:Coalescence","hermit:Combo+1","hermit:FinalCanter","hermit:Glare","hermit:Horror","hermit:PistolWhip","hermit:Vantage","hermit:Misfire","hermit:TakeCover+1","hermit:Malice","hermit:FlashPowder+1","hermit:SprayPray","hermit:Feint"],"relics":["hermit:Momento","Replay:Arrowhead","Frozen Eye","Bronze Scales","hubris:Towel","Potion Belt","infinitespire:Broken Mirror","Lantern"],"acts_visited":["Exordium"],"potions_floor_usage":[8,11,13],"damage_taken":[{"damage":0.0,"enemies":"2 Louse","floor":1.0,"turns":2.0},{"damage":7.0,"enemies":"Jaw Worm","floor":4.0,"turns":2.0},{"damage":0.0,"enemies":"Cultist","floor":5.0,"turns":2.0},{"damage":5.0,"enemies":"3 Sentries","floor":7.0,"turns":9.0},{"damage":8,"enemies":"Large Slime","floor":8,"turns":5},{"damage":0,"enemies":"Replay:BlueRogue","floor":11,"turns":4},{"damage":5,"enemies":"Lots of Slimes","floor":12,"turns":3},{"damage":32,"enemies":"Nightmare","floor":13,"turns":8}],"seed_played":"6460036725323307530","potions_obtained":[{"floor":1.0,"key":"Weak Potion"},{"floor":3.0,"key":"LiquidMemories"},{"floor":3.0,"key":"PowerPotion"},{"floor":4.0,"key":"AttackPotion"},{"floor":7.0,"key":"ColorlessPotion"},{"floor":8,"key":"SkillPotion"}],"is_trial":false,"path_per_floor":["M","?","?","M","M","R","E","M","T","R","E","M","NM"],"character_chosen":"HERMIT","items_purchased":["hermit:Coalescence","Replay:Arrowhead","hermit:Combo+1","hermit:FinalCanter","hermit:Glare","hermit:Horror","Frozen Eye","Bronze Scales","hermit:PistolWhip"],"campfire_rested":1,"item_purchase_floors":[0,0,0,0,0,0,0,0,0],"current_hp_per_floor":[30,30,30,23,23,45,40,32,32,32,32,27,0,0],"gold":301,"neow_bonus":"","is_daily":false,"chose_seed":false,"campfire_upgraded":2,"win_rate":0.0,"timestamp":1614305220,"path_taken":["M","?","?","M","?","R","E","M","T","R","E","M","NM"],"items_purchased_type":["Card","Relic","Card","Card","Card","Card","Relic","Relic","Card"],"build_version":"2020-12-22","purchased_purges":0,"victory":false,"max_hp_per_floor":[75,75,75,75,75,75,75,75,75,75,75,75,75,75],"card_choices":[{"not_picked":["hermit:BodyArmor","hermit:Virtue"],"picked":"hermit:Vantage","floor":1.0},{"not_picked":["hermit:Coalescence","hermit:ItchyTrigger"],"picked":"hermit:Misfire","floor":4.0},{"not_picked":["hermit:EyeOfTheStorm","hermit:TrackingShot"],"picked":"hermit:TakeCover","floor":5.0},{"not_picked":["hermit:FullyLoaded","hermit:Cheat"],"picked":"hermit:Malice","floor":7.0},{"not_picked":["hermit:Magnum","hermit:LowProfile"],"picked":"hermit:FlashPowder","floor":8},{"not_picked":["hermit:LoneWolf","hermit:EternalForm"],"picked":"hermit:SprayPray","floor":11},{"not_picked":["hermit:Horror","hermit:BigShot"],"picked":"hermit:Feint","floor":12}],"player_experience":2017379,"relics_obtained":[{"floor":7.0,"key":"Potion Belt"},{"floor":9,"key":"infinitespire:Broken Mirror"},{"floor":11,"key":"Lantern"}],"event_choices":[{"damage_healed":0.0,"max_hp_gain":0.0,"max_hp_loss":0.0,"gold_gain":0.0,"event_name":"Lab","player_choice":"Got Potions","floor":3.0,"gold_loss":0.0,"damage_taken":0.0}],"is_beta":false,"boss_relics":[],"items_purged_floors":[],"is_endless":false,"potions_floor_spawned":[1,4,7,8],"killed_by":"Nightmare","ascension_level":7}}