{"host":"5p3yes4p30troaz4","time":1614303262,"event":{"mods":["BaseMod","Colored Map","Colored Powertips","Downfall","Googly Eyes","Hermit","Marisa????????","Minty Spire (QoL Compilation)","Replay The Spire","StSLib","The Cursed","The Servant 0.9.4"],"gold_per_floor":[112,167,11,11,11,39,139,139,139,202,39,39,17,49,49,170,170,208,240,7,7,7,7,69,69,69,69,11,51,107,164,164,198,198],"floor_reached":33,"language":"ENG","playtime":5265,"items_purged":["downfall:Aged"],"score":384,"play_id":"01aea0d9-7a42-4340-875a-ff5bfa22f6e4","local_time":"20210225193422","is_ascension_mode":false,"campfire_choices":[{"data":"Deny","floor":8,"key":"SMITH"},{"data":"BottledTime","floor":12,"key":"SMITH"},{"data":"InstantArmor","floor":15,"key":"SMITH"},{"floor":23,"key":"REST"},{"floor":27,"key":"REST"},{"floor":32,"key":"REST"}],"circlet_count":0,"master_deck":["Strike_S","Strike_S","Strike_S","Strike_S","Defend_S","Defend_S","Defend_S","Defend_S","KidneyShot","Exchange","Spin+1","Reset","Replay:Hysterical Blindness","ReplayTheSpireMod:IOU","Deny+1","Replay:Sluggish","Ricochet","InstantArmor+1","BottledTime+1","Replace","Defy","FloweringNight","Unruled+1","FanOfKnives","SoulSculpture","BestPractice","ShatteredReality","WasteNot+1","Spreading Infection","downfall:Bewildered","StarChef+1","SpecialFormula","Spin+1","InstantArmor"],"relics":["Uniform","NeowsBlessing","Juzu Bracelet","Replay:Accelerometer","downfall:ExtraCursedKey","Replay:WaspNest","Replay:Bandana","Honey Jar","Sundial","MutagenicStrength","Mummified Hand"],"acts_visited":["Exordium","TheCity"],"potions_floor_usage":[16,18,29,33],"damage_taken":[{"damage":0,"enemies":"2 Louse","floor":1,"turns":1},{"damage":0,"enemies":"3 Sentries","floor":6,"turns":1},{"damage":0,"enemies":"Gremlin Nob","floor":10,"turns":1},{"damage":0,"enemies":"Jaw Worm","floor":14,"turns":3},{"damage":21,"enemies":"Slime Boss","floor":16,"turns":12},{"damage":22,"enemies":"2 Thieves","floor":18,"turns":4},{"damage":5,"enemies":"Shell Parasite","floor":19,"turns":6},{"damage":27,"enemies":"Gremlin Leader","floor":24,"turns":6},{"damage":29,"enemies":"Shelled Parasite and Fungi","floor":29,"turns":4},{"damage":0,"enemies":"Chosen and Byrds","floor":30,"turns":4},{"damage":11,"enemies":"Centurion and Healer","floor":31,"turns":4},{"damage":44,"enemies":"Automaton","floor":33,"turns":6}],"seed_played":"-7984234975258676974","potions_obtained":[{"floor":10,"key":"Weak Potion"},{"floor":16,"key":"ColorlessPotion"},{"floor":19,"key":"Toxic Potion"},{"floor":31,"key":"SpeedPotion"}],"is_trial":false,"path_per_floor":["M","?","$","?","?","E","?","R","T","?","$","R","$","M","R","B",null,"M","M","$","?","?","R","E","?","T","R","$","M","M","M","R","B"],"character_chosen":"THE_SERVANT","items_purchased":["Juzu Bracelet","InstantArmor","BottledTime","Replace","SoulSculpture","BestPractice","StarChef+1"],"campfire_rested":3,"item_purchase_floors":[3,11,11,13,20,20,28],"current_hp_per_floor":[65,65,65,65,65,65,65,65,65,65,65,65,65,65,65,44,65,43,38,38,38,38,57,30,30,30,49,49,20,25,19,38,0,0],"gold":198,"neow_bonus":"THREE_ENEMY_KILL","is_daily":false,"chose_seed":false,"campfire_upgraded":3,"win_rate":0.0,"timestamp":1614303262,"path_taken":["M","?","$","?","?","E","?","R","T","?","?","R","?","M","R","BOSS","M","M","$","?","?","R","E","?","T","R","?","M","M","M","R","BOSS"],"items_purchased_type":["Relic","Card","Card","Card","Card","Card","Card"],"build_version":"2020-12-22","purchased_purges":1,"victory":false,"max_hp_per_floor":[65,65,65,65,65,65,65,65,65,65,65,65,65,65,65,65,65,65,65,65,65,65,65,65,65,65,65,65,65,65,65,65,65,65],"card_choices":[{"not_picked":["Replace","ShatteredReality"],"picked":"Spin","floor":1},{"not_picked":["MoonPhase","FastForward"],"picked":"Reset","floor":6},{"not_picked":["StarChef","Replace"],"picked":"Ricochet","floor":10},{"not_picked":["Comet","Gouge"],"picked":"Defy","floor":14},{"not_picked":["PendulumOfEternity","SoulSculpture"],"picked":"FloweringNight","floor":16},{"not_picked":["Foresight","Contraction","Replace+1"],"picked":"Unruled+1","floor":18},{"not_picked":["FastForward","Revamp","RealityMarble"],"picked":"FanOfKnives","floor":19},{"not_picked":["ShatteredReality+1","KillingDoll","Spin"],"picked":"WasteNot+1","floor":24},{"not_picked":["Rearm","Starlight+1","Ricochet"],"picked":"SpecialFormula","floor":29},{"not_picked":["Starlight","Defy+1","Ricochet+1"],"picked":"Spin+1","floor":30},{"not_picked":["Rewind","Luminosity","Unruled"],"picked":"InstantArmor","floor":31}],"player_experience":159817,"relics_obtained":[{"floor":6,"key":"Replay:Accelerometer"},{"floor":9,"key":"Replay:WaspNest"},{"floor":10,"key":"Replay:Bandana"},{"floor":24,"key":"Sundial"},{"floor":26,"key":"Mummified Hand"}],"event_choices":[{"damage_healed":0,"gold_gain":55,"player_choice":"Gained Gold","damage_taken":0,"max_hp_gain":0,"max_hp_loss":0,"event_name":"Golden Wing","floor":2,"gold_loss":0},{"damage_healed":0,"gold_gain":0,"player_choice":"Grow","damage_taken":0,"max_hp_gain":0,"max_hp_loss":0,"event_name":"Living Wall","floor":4,"gold_loss":0,"cards_upgraded":["Spin"]},{"damage_healed":0,"gold_gain":0,"player_choice":"Ignored","damage_taken":0,"max_hp_gain":0,"max_hp_loss":0,"event_name":"NoteForYourself","floor":5,"gold_loss":0},{"damage_healed":0,"gold_gain":0,"player_choice":"Searched \u00272\u0027 times","damage_taken":0,"max_hp_gain":0,"max_hp_loss":0,"event_name":"Dead Adventurer","floor":10,"gold_loss":0},{"damage_healed":0,"gold_gain":0,"player_choice":"Read","damage_taken":0,"max_hp_gain":0,"max_hp_loss":0,"event_name":"The Library","floor":21,"gold_loss":0,"cards_obtained":["ShatteredReality"]},{"damage_healed":0,"gold_gain":0,"player_choice":"Inject Mutagens","damage_taken":0,"relics_obtained":["MutagenicStrength"],"max_hp_gain":0,"max_hp_loss":0,"event_name":"Drug Dealer","floor":25,"gold_loss":0}],"is_beta":false,"boss_relics":[{"not_picked":["Philosopher\u0027s Stone","Snecko Eye"],"picked":"Honey Jar"}],"items_purged_floors":[11],"is_endless":false,"potions_floor_spawned":[10,16,19,31],"killed_by":"Automaton","ascension_level":0}}