{"host":"t6r1isv2bex5ovch","time":1614354116,"event":{"mods":["AchievementEnabler","Act Like it!","Aspiration","BaseMod","Better Altar","Better Match","Better Note","Better Sensory Stone","Better Skull","Better Third Choice","Better Vampires","Bossed Relics","Colored Powertips","Displayed Cursed Tome","Fox Events","Gremlin Skip","Halation","Hallownest","Highlight Path","Hubris","Infinite Spire","Minty Spire (QoL Compilation)","Reliquary","Ruina","Spire Arcade","StSLib","The Bug Knight"],"gold_per_floor":[109,125,145,70,70,99,109,143,169,169,169,69,89,117,117,218,218,231,247,263,138,138,138,138,157,180,194,194,44,75,91,91,195,195,211,224,224,237,62,62,79,107,107,107,125,144,175,195,195,195,195,195,195,220,220],"floor_reached":56,"language":"ENG","playtime":1265,"items_purged":["HollowMod:NailStrikeStart","HollowMod:NailStrikeStart","HollowMod:QuickDashStart","HollowMod:QuickDashStart","HollowMod:QuickDashStart","HollowMod:FocusHealStart"],"score":2420,"play_id":"5f581467-aa1b-482f-bc48-f0fb63f309d1","local_time":"20210227024156","is_ascension_mode":true,"campfire_choices":[{"floor":11,"key":"RECALL"},{"data":"hubris:InfiniteBlow+957","floor":15,"key":"SMITH"},{"data":"hubris:InfiniteBlow+958","floor":23,"key":"SMITH"},{"data":"hubris:InfiniteBlow+959","floor":28,"key":"SMITH"},{"data":"hubris:InfiniteBlow+960","floor":32,"key":"SMITH"},{"data":"HollowMod:PogoStrike","floor":40,"key":"SMITH"},{"data":"hubris:InfiniteBlow+961","floor":44,"key":"SMITH"},{"data":"hubris:InfiniteBlow+962","floor":49,"key":"SMITH"},{"data":"hubris:InfiniteBlow+963","floor":52,"key":"SMITH"}],"circlet_count":0,"master_deck":["hubris:InfiniteBlow+964","HollowMod:PogoStrike+1"],"relics":["HollowMod:VesselMask","NeowsBlessing","Meat on the Bone","Gremlin Horn","Regal Pillow","Empty Cage","aspiration:RitualStick","halation:Yufonium","hubris:SlimyHat","hubris:Metronome","Busted Crown","halation:EternalFortune","hubris:MobiusCoin","Frozen Egg 2","Vajra","Ginger"],"acts_visited":["Exordium","TheCity","TheBeyond","TheEnding"],"potions_floor_usage":[55,55],"damage_taken":[{"damage":0,"enemies":"Jaw Worm","floor":1,"turns":1},{"damage":0,"enemies":"infinitespire:Voidling","floor":2,"turns":1},{"damage":0,"enemies":"Cultist","floor":3,"turns":1},{"damage":0,"enemies":"HollowMod:MossKnight","floor":6,"turns":1},{"damage":4,"enemies":"2 Fungi Beasts","floor":7,"turns":3},{"damage":0,"enemies":"Gremlin Nob","floor":8,"turns":1},{"damage":0,"enemies":"Large Slime","floor":13,"turns":1},{"damage":0,"enemies":"3 Sentries","floor":14,"turns":5},{"damage":0,"enemies":"Hexaghost","floor":16,"turns":1},{"damage":0,"enemies":"Shell Parasite","floor":18,"turns":1},{"damage":0,"enemies":"Chosen","floor":19,"turns":1},{"damage":0,"enemies":"Snecko","floor":20,"turns":1},{"damage":0,"enemies":"Chosen and Byrds","floor":25,"turns":1},{"damage":0,"enemies":"Snake Plant","floor":27,"turns":1},{"damage":0,"enemies":"HollowMod:Nosk","floor":30,"turns":1},{"damage":0,"enemies":"Centurion and Healer","floor":31,"turns":1},{"damage":0,"enemies":"HollowMod:NKGrimm","floor":33,"turns":1},{"damage":0,"enemies":"3 Darklings","floor":35,"turns":1},{"damage":0,"enemies":"Orb Walker","floor":36,"turns":1},{"damage":0,"enemies":"HollowMod:SlobberingHusk","floor":38,"turns":1},{"damage":0,"enemies":"Sphere and 2 Shapes","floor":41,"turns":1},{"damage":0,"enemies":"HollowMod:StalkingDevout","floor":42,"turns":1},{"damage":0,"enemies":"Writhing Mass","floor":45,"turns":1},{"damage":4,"enemies":"4 Shapes","floor":46,"turns":1},{"damage":0,"enemies":"Nemesis","floor":47,"turns":1},{"damage":0,"enemies":"Spire Growth","floor":48,"turns":1},{"damage":0,"enemies":"Time Eater","floor":50,"turns":1},{"damage":0,"enemies":"Shield and Spear","floor":54,"turns":1},{"damage":52,"enemies":"The Heart","floor":55,"turns":3}],"seed_played":"-767716860686265986","potions_obtained":[{"floor":2,"key":"Regen Potion"},{"floor":3,"key":"Dexterity Potion"},{"floor":7,"key":"Explosive Potion"},{"floor":16,"key":"PowerPotion"},{"floor":19,"key":"infinitespire:BlackPotion"},{"floor":30,"key":"CultistPotion"},{"floor":38,"key":"LiquidBronze"},{"floor":45,"key":"Weak Potion"}],"is_trial":false,"path_per_floor":["M","M","M","$","?","E","M","E","T","?","R","$","M","E","R","B",null,"M","M","M","$","?","R","AVR","M","T","M","R","$","E","M","R","B",null,"M","M","?","M","$","R","M","E","T","R","M","M","E","M","R","B",null,"R","$","E","B",null],"character_chosen":"THE_BUGKNIGHT","items_purchased":[],"campfire_rested":0,"item_purchase_floors":[],"current_hp_per_floor":[75,75,75,75,75,75,75,75,75,75,75,75,75,75,75,75,75,75,75,75,75,60,60,60,60,60,60,60,60,60,60,60,60,71,71,71,74,74,74,74,74,74,74,74,74,70,70,70,70,70,76,76,76,76,36],"gold":220,"neow_bonus":"THREE_ENEMY_KILL","is_daily":false,"chose_seed":false,"campfire_upgraded":8,"win_rate":0.0,"timestamp":1614354116,"path_taken":["M","M","M","$","?","E","M","E","T","?","R","$","?","E","R","BOSS","M","?","M","$","?","R","AVR","M","T","M","R","$","E","M","R","BOSS","M","M","?","M","$","R","M","E","T","R","M","M","E","M","R","BOSS","R","$","E","BOSS"],"items_purchased_type":[],"build_version":"2020-12-22","purchased_purges":6,"victory":true,"max_hp_per_floor":[75,75,75,75,75,75,75,75,75,75,75,75,75,75,75,75,75,75,75,75,75,75,75,75,75,75,75,75,75,75,75,75,75,75,75,75,78,78,78,78,78,78,78,78,78,78,78,78,78,78,78,78,78,78,78],"card_choices":[{"not_picked":["HollowMod:CrystalDash","HollowMod:CornifersMapStart","HollowMod:DoubleDash"],"picked":"SKIP","floor":1},{"not_picked":["HollowMod:SiblingsSouls","HollowMod:CoiledNail","HollowMod:InfectionAssault"],"picked":"SKIP","floor":2},{"not_picked":["HollowMod:MonomonsArchive","HollowMod:ShapeofUnn","HollowMod:AbyssShriek"],"picked":"SKIP","floor":3},{"not_picked":["HollowMod:SoulSplash","HollowMod:ChannelNail","HollowMod:NewJinnsSoul"],"picked":"SKIP","floor":6},{"not_picked":["HollowMod:InfectedCysts","HollowMod:SharpenedNail","HollowMod:CloakDash"],"picked":"SKIP","floor":7},{"not_picked":["HollowMod:Weaversong","HollowMod:PerfectDash","HollowMod:ShadowDash"],"picked":"SKIP","floor":8},{"not_picked":["HollowMod:VengefulSpirit","HollowMod:SoulSplash","HollowMod:LuriensSpire"],"picked":"SKIP","floor":13},{"not_picked":["HollowMod:LifebloodCocoon","HollowMod:ChannelNail","HollowMod:InfectedCysts"],"picked":"SKIP","floor":14},{"not_picked":["HollowMod:WraithStrike+1","HollowMod:LuriensSpire","HollowMod:DesolateDive"],"picked":"SKIP","floor":18},{"not_picked":["HollowMod:DoubleDash","HollowMod:NewLittleFool+1","HollowMod:CloakDash"],"picked":"SKIP","floor":19},{"not_picked":["HollowMod:VengefulVoid","HollowMod:ShadowDash","HollowMod:ChannelNail"],"picked":"SKIP","floor":20},{"not_picked":["HollowMod:NewLittleFool","HollowMod:CloakDash","HollowMod:QuirrelsAssistance"],"picked":"SKIP","floor":25},{"not_picked":["HollowMod:GoodIntentions+1","HollowMod:SoulEater","HollowMod:VengefulVoid+1"],"picked":"SKIP","floor":27},{"not_picked":["HollowMod:AwokenDreamNail","HollowMod:LifebloodCocoon+1","HollowMod:SharpenedShadows"],"picked":"SKIP","floor":30},{"not_picked":["HollowMod:CloakDash+1","HollowMod:Grubsong","HollowMod:SoulStrike"],"picked":"SKIP","floor":31},{"not_picked":["HollowMod:DoubleDash+1"],"picked":"SKIP","floor":35},{"not_picked":["HollowMod:DoubleDash+1"],"picked":"SKIP","floor":35},{"not_picked":["HollowMod:DescendingDark+1"],"picked":"SKIP","floor":36},{"not_picked":["HollowMod:MothsMistake"],"picked":"SKIP","floor":38},{"not_picked":["HollowMod:FallenFury"],"picked":"SKIP","floor":41},{"not_picked":["HollowMod:FallenFury"],"picked":"SKIP","floor":41},{"not_picked":["HollowMod:DashSlash"],"picked":"SKIP","floor":42},{"not_picked":["HollowMod:Grubsong+1"],"picked":"SKIP","floor":45},{"not_picked":["HollowMod:ChannelNail+1"],"picked":"SKIP","floor":46},{"not_picked":["HollowMod:AbyssShriek+1"],"picked":"SKIP","floor":47},{"not_picked":["HollowMod:ShadowDash+1"],"picked":"SKIP","floor":48},{"not_picked":["HollowMod:HowlingWraiths+1"],"picked":"SKIP","floor":54}],"player_experience":601297,"relics_obtained":[{"floor":6,"key":"Meat on the Bone"},{"floor":8,"key":"Gremlin Horn"},{"floor":14,"key":"Regal Pillow"},{"floor":26,"key":"hubris:SlimyHat"},{"floor":30,"key":"hubris:Metronome"},{"floor":42,"key":"hubris:MobiusCoin"},{"floor":43,"key":"Frozen Egg 2"},{"floor":47,"key":"Vajra"},{"floor":54,"key":"Ginger"}],"event_choices":[{"damage_healed":0,"gold_gain":0,"player_choice":"3","damage_taken":0,"max_hp_gain":0,"max_hp_loss":0,"event_name":"betterMatch:BetterMatch","floor":10,"gold_loss":0,"cards_obtained":[]}],"is_beta":false,"boss_relics":[{"not_picked":["halation:LoveArrow","Velvet Choker"],"picked":"Empty Cage"},{"not_picked":["halation:CatFaceCupcake","Fusion Hammer"],"picked":"Busted Crown"}],"items_purged_floors":[4,12,21,24,29,39],"is_endless":false,"potions_floor_spawned":[2,3,7,14,16,19,30,33,36,38,42,45,47],"ascension_level":5}}