{"host":"94b9qghhxjd69c4t","time":1614371853,"event":{"mods":["BaseMod","Colored Powertips","Minty Spire (QoL Compilation)","StSLib"],"gold_per_floor":[110,110,65,80,94,126,301,317,393,409,409,430,430,449,449,551,551,551,147,147,147,72,72,72,72,72,72,72,72,27,27,27,27,27,27,27,27,27,27,27,27,27,27,27,27,27,27,27,27,27],"floor_reached":51,"language":"ENG","playtime":2614,"items_purged":["Doubt"],"score":1016,"play_id":"795d6b8b-6a99-4dda-bb8c-5a7ce6d07823","local_time":"20210226213733","is_ascension_mode":true,"campfire_choices":[{"data":"Blur","floor":11,"key":"SMITH"},{"data":"Blade Dance","floor":13,"key":"SMITH"},{"data":"Backflip","floor":15,"key":"SMITH"},{"data":"After Image","floor":24,"key":"SMITH"},{"data":"Blade Dance","floor":27,"key":"SMITH"},{"data":"Acrobatics","floor":32,"key":"SMITH"},{"data":"Neutralize","floor":40,"key":"SMITH"},{"data":"Dramatic Entrance","floor":42,"key":"SMITH"},{"data":"Die Die Die","floor":49,"key":"SMITH"}],"circlet_count":0,"master_deck":["Strike_G","Strike_G","Strike_G","Defend_G","Defend_G","Defend_G","Defend_G","Defend_G","Survivor","Neutralize+1","Flying Knee","Underhanded Strike","Blur+1","Dagger Throw","Tactician","Dagger Spray","Backflip+1","Blade Dance+1","Blade Dance+1","After Image+1","Dagger Throw","Acrobatics+1","Underhanded Strike","Quick Slash+1","Deflect+1","Prepared+1","Die Die Die+1","Underhanded Strike+1","Cloak And Dagger+1","Blur+1","Dramatic Entrance+1","Riddle With Holes","Underhanded Strike+1","Backflip+1","Venomology+1"],"relics":["Ring of the Snake","NeowsBlessing","The Specimen","Shuriken","Odd Mushroom","Ectoplasm","Eternal Feather","CeramicFish","Bag of Preparation","Bottled Flame","Toxic Egg 2","Blood Vial","HoveringKite","Toy Ornithopter","Darkstone Periapt","Bronze Scales","Bottled Lightning"],"acts_visited":["TheCity","TheBeyond"],"potions_floor_usage":[6,6,12,16,35,46,48,50,50],"damage_taken":[{"damage":0,"enemies":"Jaw Worm","floor":1,"turns":1},{"damage":0,"enemies":"Cultist","floor":4,"turns":1},{"damage":0,"enemies":"Small Slimes","floor":5,"turns":1},{"damage":20,"enemies":"Lagavulin","floor":6,"turns":9},{"damage":16,"enemies":"Blue Slaver","floor":8,"turns":5},{"damage":5,"enemies":"2 Fungi Beasts","floor":10,"turns":3},{"damage":0,"enemies":"The Mushroom Lair","floor":12,"turns":3},{"damage":0,"enemies":"Exordium Wildlife","floor":14,"turns":2},{"damage":28,"enemies":"The Guardian","floor":16,"turns":11},{"damage":2,"enemies":"3 Byrds","floor":18,"turns":4},{"damage":12,"enemies":"Slavers","floor":23,"turns":4},{"damage":7,"enemies":"Book of Stabbing","floor":28,"turns":4},{"damage":0,"enemies":"Shell Parasite","floor":29,"turns":3},{"damage":20,"enemies":"Slavers","floor":31,"turns":4},{"damage":0,"enemies":"Collector","floor":33,"turns":6},{"damage":0,"enemies":"3 Darklings","floor":35,"turns":3},{"damage":0,"enemies":"Orb Walker","floor":37,"turns":2},{"damage":0,"enemies":"Maw","floor":38,"turns":5},{"damage":0,"enemies":"Transient","floor":45,"turns":5},{"damage":25,"enemies":"Nemesis","floor":46,"turns":5},{"damage":0,"enemies":"Jaw Worm Horde","floor":47,"turns":2},{"damage":15,"enemies":"Writhing Mass","floor":48,"turns":5},{"damage":120,"enemies":"Time Eater","floor":50,"turns":12}],"seed_played":"-4239099572477115203","potions_obtained":[{"floor":1,"key":"Dexterity Potion"},{"floor":5,"key":"LiquidBronze"},{"floor":10,"key":"Explosive Potion"},{"floor":12,"key":"LiquidMemories"},{"floor":16,"key":"FairyPotion"},{"floor":23,"key":"Regen Potion"},{"floor":33,"key":"Energy Potion"},{"floor":37,"key":"SpeedPotion"},{"floor":46,"key":"Energy Potion"},{"floor":48,"key":"PowerPotion"}],"is_trial":false,"path_per_floor":["M","?","$","M","M","E","?","M","T","M","R","?","R","M","R","B",null,"M","$","?","?","?","E","R","T","T","R","E","M","$","E","R","B",null,"M","?","M","M","?","R","T","R","T","T","M","E","M","M","R","B",null],"character_chosen":"THE_SILENT","items_purchased":["Underhanded Strike","Eternal Feather","Underhanded Strike","Acrobatics","Deflect+1"],"campfire_rested":0,"item_purchase_floors":[3,19,19,19,30],"current_hp_per_floor":[70,70,70,70,70,50,50,34,34,29,29,29,29,29,29,1,53,51,51,51,51,51,39,51,51,51,63,56,56,56,36,51,53,66,68,68,70,70,70,70,70,70,70,70,70,59,61,53,70,21],"gold":27,"neow_bonus":"THREE_ENEMY_KILL","is_daily":false,"chose_seed":false,"campfire_upgraded":9,"win_rate":0.0,"timestamp":1614371853,"path_taken":["M","?","$","?","M","E","?","M","T","M","R","?","R","M","R","BOSS","M","$","?","?","?","E","R","?","T","R","E","M","$","E","R","BOSS","M","?","M","M","?","R","?","R","T","?","M","E","M","?","R","BOSS"],"items_purchased_type":["Card","Relic","Card","Card","Card"],"build_version":"2020-12-22","purchased_purges":1,"victory":true,"max_hp_per_floor":[70,70,70,70,70,70,70,70,70,70,70,70,70,70,70,70,70,70,70,70,70,70,70,70,70,70,70,70,70,70,70,70,70,70,70,70,70,70,70,70,70,70,70,70,70,70,70,70,70,70],"card_choices":[{"not_picked":["Choke","PiercingWail"],"picked":"Flying Knee","floor":1},{"not_picked":["Slice","Infinite Blades"],"picked":"Blur","floor":4},{"not_picked":["Caltrops","Tactician"],"picked":"Dagger Throw","floor":5},{"not_picked":["Dodge and Roll","A Thousand Cuts"],"picked":"Tactician","floor":6},{"not_picked":["Poisoned Stab","Endless Agony"],"picked":"Dagger Spray","floor":8},{"not_picked":["Bane","Flechettes"],"picked":"Backflip","floor":10},{"not_picked":["Heel Hook","Slice"],"picked":"Blade Dance","floor":12},{"not_picked":["Night Terror","Riddle With Holes"],"picked":"Blade Dance","floor":14},{"not_picked":["Burst","Venomology"],"picked":"After Image","floor":16},{"not_picked":["Caltrops","Footwork+1"],"picked":"Dagger Throw","floor":18},{"not_picked":["Deadly Poison","Backstab+1","Outmaneuver"],"picked":"SKIP","floor":23},{"not_picked":["Malaise+1","Calculated Gamble+1"],"picked":"Underhanded Strike","floor":28},{"not_picked":["Flying Knee","Heel Hook"],"picked":"Quick Slash+1","floor":29},{"not_picked":["Dagger Throw","Blade Dance+1"],"picked":"Prepared+1","floor":31},{"not_picked":["A Thousand Cuts","Unload"],"picked":"Die Die Die","floor":33},{"not_picked":["Accuracy+1","Prepared+1"],"picked":"Underhanded Strike+1","floor":35},{"not_picked":["Terror+1","Blade Dance+1"],"picked":"Cloak And Dagger+1","floor":37},{"not_picked":["Footwork+1","Flying Knee+1"],"picked":"Blur+1","floor":38},{"not_picked":["Swift Strike","Forethought+1"],"picked":"Dramatic Entrance","floor":39},{"not_picked":["Slice","Outmaneuver+1"],"picked":"Riddle With Holes","floor":45},{"not_picked":["Quick Slash","Prepared+1"],"picked":"Underhanded Strike+1","floor":46},{"not_picked":["Dagger Throw+1","Deflect+1"],"picked":"Backflip+1","floor":47},{"not_picked":["Riddle With Holes+1","Dagger Spray+1"],"picked":"Venomology+1","floor":48}],"player_experience":559031,"relics_obtained":[{"floor":6,"key":"The Specimen"},{"floor":9,"key":"Shuriken"},{"floor":12,"key":"Odd Mushroom"},{"floor":23,"key":"CeramicFish"},{"floor":25,"key":"Bag of Preparation"},{"floor":26,"key":"Bottled Flame"},{"floor":28,"key":"Toxic Egg 2"},{"floor":31,"key":"Blood Vial"},{"floor":41,"key":"Toy Ornithopter"},{"floor":43,"key":"Darkstone Periapt"},{"floor":44,"key":"Bronze Scales"},{"floor":46,"key":"Bottled Lightning"}],"event_choices":[{"cards_removed":["Strike_G"],"damage_healed":0,"gold_gain":0,"player_choice":"Offered Basic","damage_taken":0,"max_hp_gain":0,"max_hp_loss":0,"event_name":"Bonfire Elementals","floor":2,"gold_loss":0},{"damage_healed":0,"gold_gain":175,"player_choice":"AGREE","damage_taken":0,"max_hp_gain":0,"max_hp_loss":0,"event_name":"Liars Game","floor":7,"gold_loss":0,"cards_obtained":["Doubt"]},{"damage_healed":0,"gold_gain":0,"player_choice":"Fought Mushrooms","damage_taken":0,"max_hp_gain":0,"max_hp_loss":0,"event_name":"Mushrooms","floor":12,"gold_loss":0},{"damage_healed":0,"gold_gain":0,"player_choice":"Ignored","damage_taken":0,"max_hp_gain":0,"max_hp_loss":0,"event_name":"Cursed Tome","floor":20,"gold_loss":0},{"damage_healed":0,"gold_gain":0,"player_choice":"Ignored","damage_taken":0,"max_hp_gain":0,"max_hp_loss":0,"event_name":"The Mausoleum","floor":21,"gold_loss":0},{"cards_removed":["Strike_G"],"damage_healed":0,"gold_gain":0,"player_choice":"Gave Gold","damage_taken":0,"max_hp_gain":0,"max_hp_loss":0,"event_name":"Beggar","floor":22,"gold_loss":75},{"cards_removed":["Underhanded Strike"],"damage_healed":0,"gold_gain":0,"player_choice":"Removed Attack","damage_taken":0,"max_hp_gain":0,"max_hp_loss":0,"event_name":"Falling","floor":36,"gold_loss":0},{"damage_healed":0,"gold_gain":0,"player_choice":"Memory 1","damage_taken":0,"max_hp_gain":0,"max_hp_loss":0,"event_name":"SensoryStone","floor":39,"gold_loss":0}],"is_beta":false,"boss_relics":[{"not_picked":["Snecko Eye","Velvet Choker"],"picked":"Ectoplasm"},{"not_picked":["Sozu","Ring of the Serpent"],"picked":"HoveringKite"}],"items_purged_floors":[19],"is_endless":false,"potions_floor_spawned":[1,5,10,12,16,23,33,37,46,48],"ascension_level":5}}