{"host":"9c9syrivwe4sfpe0","time":1614334030,"event":{"mods":["AchievementEnabler","BaseMod","Colored Powertips","DeckTracker","GifTheSpireLib","Highlight Path","Minty Spire (QoL Compilation)","Quick Restart","Random Character Button","StSLib","SuperFastMode"],"gold_per_floor":[419,369,182,457,467,467,478,478,478,504,457,457,457],"floor_reached":12,"language":"ENG","playtime":286,"items_purged":[],"score":103,"play_id":"8ebde7a3-a87c-4b96-b66e-bc0df552ad54","local_time":"20210226210710","is_ascension_mode":true,"campfire_choices":[{"data":"Zap","floor":6,"key":"SMITH"},{"data":"White Noise","floor":8,"key":"SMITH"}],"circlet_count":0,"master_deck":["Strike_B","Strike_B","Strike_B","Strike_B","Defend_B+1","Defend_B","Defend_B","Zap+1","Dualcast+1","CurseOfTheBell","Lockon","Defragment","Regret","Genetic Algorithm","White Noise+1"],"relics":["Calling Bell","Bronze Scales","Darkstone Periapt","Old Coin","DataDisk","War Paint"],"acts_visited":["Exordium"],"potions_floor_usage":[7,10,12],"damage_taken":[{"damage":6,"enemies":"Cultist","floor":1,"turns":4},{"damage":17,"enemies":"Small Slimes","floor":5,"turns":4},{"damage":0,"enemies":"2 Louse","floor":7,"turns":1},{"damage":32,"enemies":"Lagavulin","floor":10,"turns":5},{"damage":22,"enemies":"3 Sentries","floor":12,"turns":4}],"seed_played":"3378049824609521168","potions_obtained":[{"floor":1,"key":"SneckoOil"},{"floor":5,"key":"BlessingOfTheForge"},{"floor":7,"key":"Fire Potion"}],"is_trial":false,"path_per_floor":["M","?","$","?","M","R","M","R","T","E","?","E"],"character_chosen":"DEFECT","items_purchased":["DataDisk","Defragment"],"campfire_rested":0,"item_purchase_floors":[3,3],"current_hp_per_floor":[62,62,62,68,51,51,51,51,51,19,19,0,0],"gold":457,"neow_bonus":"BOSS_RELIC","is_daily":false,"chose_seed":false,"campfire_upgraded":2,"win_rate":0.0,"timestamp":1614334030,"path_taken":["M","?","$","?","?","R","M","R","T","E","?","E"],"items_purchased_type":["Relic","Card"],"build_version":"2020-12-22","purchased_purges":0,"victory":false,"max_hp_per_floor":[75,75,75,81,81,81,81,81,81,81,81,81,81],"card_choices":[{"not_picked":["Aggregate","Ball Lightning"],"picked":"Lockon","floor":1},{"not_picked":["Cold Snap","Stack"],"picked":"Genetic Algorithm","floor":5},{"not_picked":["Melter","Skim"],"picked":"White Noise","floor":7},{"not_picked":["Aggregate","Barrage","Reinforced Body"],"picked":"SKIP","floor":10}],"player_experience":863885,"relics_obtained":[{"floor":0,"key":"Bronze Scales"},{"floor":0,"key":"Darkstone Periapt"},{"floor":0,"key":"Old Coin"},{"floor":10,"key":"War Paint"}],"event_choices":[{"cards_removed":["Defend_B"],"damage_healed":0,"gold_gain":0,"player_choice":"Card Removal","damage_taken":0,"max_hp_gain":0,"max_hp_loss":0,"event_name":"The Cleric","floor":2,"gold_loss":50},{"damage_healed":0,"gold_gain":275,"player_choice":"Desecrate","damage_taken":0,"max_hp_gain":0,"max_hp_loss":0,"event_name":"Golden Shrine","floor":4,"gold_loss":0,"cards_obtained":["Regret"]},{"damage_healed":0,"gold_gain":0,"player_choice":"Left Gold","damage_taken":0,"max_hp_gain":0,"max_hp_loss":0,"event_name":"World of Goop","floor":11,"gold_loss":47}],"is_beta":false,"boss_relics":[],"items_purged_floors":[],"is_endless":false,"potions_floor_spawned":[1,5,7],"killed_by":"3 Sentries","ascension_level":7}}