{"host":"0ghi9uxs64f8c30g","time":1614351240,"event":{"mods":["BaseMod","Minty Spire (QoL Compilation)","StSLib"],"gold_per_floor":[18,18,41,41,56,56,99,99,179,179,119,119,133,154,154,280,280,295,295,15,15,15,15,58,58,83,101,1,19,35,51,51,170,170,194,257,257,277,277,277],"floor_reached":39,"language":"ENG","playtime":1799,"items_purged":["Defend_G","Writhe","Strike_G"],"score":519,"play_id":"6c2e76ad-b200-40f4-8f8a-d8016e3cd220","local_time":"20210226155400","is_ascension_mode":true,"campfire_choices":[{"data":"Neutralize","floor":6,"key":"SMITH"},{"floor":8,"key":"REST"},{"data":"Crippling Poison","floor":10,"key":"SMITH"},{"data":"Cloak And Dagger","floor":15,"key":"SMITH"},{"floor":23,"key":"REST"},{"floor":25,"key":"REST"},{"floor":32,"key":"REST"}],"circlet_count":0,"master_deck":["Strike_G","Strike_G","Strike_G","Strike_G","Defend_G","Defend_G","Defend_G","Defend_G","Survivor","Neutralize+1","Cloak And Dagger","Cloak And Dagger+1","Crippling Poison+1","Outmaneuver","Tools of the Trade","Heel Hook+1","Masterful Stab+1","All Out Attack","Dagger Throw","A Thousand Cuts","Flying Knee+1","Finisher+1","Panacea"],"relics":["Ring of the Snake","Calipers","Golden Idol","Oddly Smooth Stone","Lizard Tail","The Courier","Fusion Hammer","Gremlin Horn","Shuriken","MutagenicStrength","Blue Candle","Boot","SlaversCollar","Pocketwatch"],"acts_visited":["Exordium","TheCity","TheBeyond"],"potions_floor_usage":[7,16,16,31,33,33,39],"damage_taken":[{"damage":1,"enemies":"Small Slimes","floor":1,"turns":4},{"damage":2,"enemies":"2 Louse","floor":3,"turns":4},{"damage":4,"enemies":"Jaw Worm","floor":5,"turns":5},{"damage":30,"enemies":"Lagavulin","floor":7,"turns":10},{"damage":0,"enemies":"2 Fungi Beasts","floor":13,"turns":3},{"damage":5,"enemies":"Exordium Wildlife","floor":14,"turns":4},{"damage":63,"enemies":"The Guardian","floor":16,"turns":19},{"damage":21,"enemies":"Spheric Guardian","floor":18,"turns":7},{"damage":21,"enemies":"Book of Stabbing","floor":24,"turns":6},{"damage":2,"enemies":"Chosen","floor":27,"turns":5},{"damage":7,"enemies":"Shelled Parasite and Fungi","floor":29,"turns":5},{"damage":0,"enemies":"Cultist and Chosen","floor":30,"turns":5},{"damage":15,"enemies":"Snake Plant","floor":31,"turns":3},{"damage":33,"enemies":"Automaton","floor":33,"turns":9},{"damage":3,"enemies":"Orb Walker","floor":35,"turns":4},{"damage":24,"enemies":"Mind Bloom Boss Battle","floor":36,"turns":8},{"damage":20,"enemies":"3 Shapes","floor":38,"turns":4},{"damage":17,"enemies":"Jaw Worm Horde","floor":39,"turns":1}],"seed_played":"-801036022737439511","potions_obtained":[{"floor":3,"key":"SkillPotion"},{"floor":13,"key":"Block Potion"},{"floor":14,"key":"Explosive Potion"},{"floor":24,"key":"BlessingOfTheForge"},{"floor":27,"key":"SpeedPotion"},{"floor":30,"key":"LiquidMemories"},{"floor":38,"key":"Weak Potion"}],"is_trial":false,"path_per_floor":["M","?","M","?","M","R","E","R","T","R","$","?","M","M","R","B",null,"M","?","$","?","?","R","E","R","T","M","$","M","M","M","R","B",null,"M","?","?","M","M"],"character_chosen":"THE_SILENT","items_purchased":["Shuriken"],"campfire_rested":4,"item_purchase_floors":[20],"current_hp_per_floor":[62,62,60,57,53,53,23,42,42,42,42,63,63,58,58,32,57,36,36,36,36,36,55,34,53,53,51,51,44,44,29,48,15,53,50,26,26,6,0,0],"gold":277,"neow_bonus":"ONE_RARE_RELIC","is_daily":false,"chose_seed":false,"campfire_upgraded":3,"win_rate":0.0,"timestamp":1614351240,"path_taken":["M","?","M","?","M","R","E","R","T","R","?","?","?","M","R","BOSS","M","?","$","?","?","R","E","R","T","M","$","M","?","M","R","BOSS","M","?","?","M","M"],"items_purchased_type":["Relic"],"build_version":"2020-12-22","purchased_purges":3,"victory":false,"max_hp_per_floor":[70,65,65,65,65,65,65,65,65,65,65,65,65,65,65,65,65,65,65,65,65,65,65,65,65,65,65,65,65,65,65,65,65,65,65,65,65,65,65,65],"card_choices":[{"not_picked":["Deadly Poison","Reflex"],"picked":"Cloak And Dagger","floor":1},{"not_picked":["Underhanded Strike","Bouncing Flask"],"picked":"Cloak And Dagger","floor":3},{"not_picked":["Deadly Poison","Backflip","Concentrate"],"picked":"SKIP","floor":5},{"not_picked":["Finisher","Night Terror"],"picked":"Crippling Poison","floor":7},{"not_picked":["Riddle With Holes","Deflect","Prepared"],"picked":"SKIP","floor":13},{"not_picked":["Prepared","Sucker Punch"],"picked":"Outmaneuver","floor":14},{"not_picked":["Corpse Explosion","Bullet Time"],"picked":"Tools of the Trade","floor":16},{"not_picked":["Cloak And Dagger","Dodge and Roll","Sucker Punch"],"picked":"SKIP","floor":18},{"not_picked":["Deflect","Quick Slash"],"picked":"Heel Hook+1","floor":24},{"not_picked":["Blade Dance+1","Crippling Poison"],"picked":"Masterful Stab+1","floor":27},{"not_picked":["Cloak And Dagger+1","Poisoned Stab"],"picked":"All Out Attack","floor":29},{"not_picked":["Bane","Escape Plan","All Out Attack"],"picked":"SKIP","floor":30},{"not_picked":["Bouncing Flask","Backflip"],"picked":"Dagger Throw","floor":31},{"not_picked":["Wraith Form v2","Envenom"],"picked":"A Thousand Cuts","floor":33},{"not_picked":["Blade Dance","Dagger Throw"],"picked":"Flying Knee+1","floor":35},{"not_picked":["Sucker Punch","Dodge and Roll"],"picked":"Finisher+1","floor":36},{"not_picked":["Discovery","Finesse"],"picked":"Panacea","floor":37},{"not_picked":["Outmaneuver","Blur","Skewer"],"picked":"SKIP","floor":38}],"player_experience":230742,"relics_obtained":[{"floor":7,"key":"Lizard Tail"},{"floor":9,"key":"The Courier"},{"floor":24,"key":"Blue Candle"},{"floor":26,"key":"Boot"},{"floor":36,"key":"Pocketwatch"}],"event_choices":[{"damage_healed":0,"gold_gain":0,"player_choice":"Lose Max HP","damage_taken":0,"relics_obtained":["Golden Idol"],"max_hp_gain":0,"max_hp_loss":5,"event_name":"Golden Idol","floor":2,"gold_loss":0},{"damage_healed":0,"gold_gain":0,"player_choice":"Success","damage_taken":3,"relics_obtained":["Oddly Smooth Stone"],"max_hp_gain":0,"max_hp_loss":0,"event_name":"Scrap Ooze","floor":4,"gold_loss":0},{"damage_healed":21,"gold_gain":0,"player_choice":"Banana","damage_taken":0,"max_hp_gain":0,"max_hp_loss":0,"event_name":"Big Fish","floor":12,"gold_loss":0},{"damage_healed":0,"gold_gain":0,"player_choice":"Opened","damage_taken":0,"relics_obtained":["Gremlin Horn"],"max_hp_gain":0,"max_hp_loss":0,"event_name":"The Mausoleum","floor":19,"gold_loss":0,"cards_obtained":["Writhe"]},{"damage_healed":0,"gold_gain":0,"player_choice":"Inject Mutagens","damage_taken":0,"relics_obtained":["MutagenicStrength"],"max_hp_gain":0,"max_hp_loss":0,"event_name":"Drug Dealer","floor":21,"gold_loss":0},{"damage_healed":0,"gold_gain":0,"player_choice":"Ignored","damage_taken":0,"max_hp_gain":0,"max_hp_loss":0,"event_name":"WeMeetAgain","floor":22,"gold_loss":0},{"damage_healed":0,"gold_gain":0,"player_choice":"Fight","damage_taken":0,"max_hp_gain":0,"max_hp_loss":0,"event_name":"MindBloom","floor":36,"gold_loss":0},{"damage_healed":0,"gold_gain":0,"player_choice":"Memory 1","damage_taken":0,"max_hp_gain":0,"max_hp_loss":0,"event_name":"SensoryStone","floor":37,"gold_loss":0}],"is_beta":false,"boss_relics":[{"not_picked":["Ectoplasm","Calling Bell"],"picked":"Fusion Hammer"},{"not_picked":["HoveringKite","Runic Dome"],"picked":"SlaversCollar"}],"items_purged_floors":[11,20,28],"is_endless":false,"potions_floor_spawned":[3,13,14,24,27,30,38],"killed_by":"Jaw Worm Horde","ascension_level":6}}