{"host":"v86vpwf004p2esb7","time":1614374991,"event":{"mods":["AchievementEnabler","BaseMod","BetterRewards","Colored Powertips","Minty Spire (QoL Compilation)","Quick Restart","StSLib","Transform Curses"],"gold_per_floor":[117,117,135,146,161,196,247,282,282,282,357,377,48,64,64,160,160,175,190,190,115,115,142,154,183,195,226,254,266,266],"floor_reached":29,"language":"ENG","playtime":1314,"items_purged":[],"score":296,"play_id":"65bd1a86-5f0d-49d3-8aa4-8dcbaa810803","local_time":"20210226132951","is_ascension_mode":true,"campfire_choices":[{"data":"Static Discharge","floor":10,"key":"SMITH"},{"floor":15,"key":"RECALL"},{"data":"Thunder Strike","floor":24,"key":"SMITH"}],"circlet_count":0,"master_deck":["Strike_B","Strike_B+1","Strike_B","Defend_B","Defend_B","Defend_B","Defend_B","Dualcast","Cold Snap","Static Discharge+1","Cold Snap","Gash+1","Sweeping Beam","Conserve Battery+1","Conserve Battery+1","Chaos+1","Stack+1","Buffer+1","Gash","FTL","Conserve Battery+1","Thunder Strike+1","CurseOfTheBell","Storm+1","Self Repair+1","Multi-Cast+1","Gash","Ball Lightning","Melter"],"relics":["Cracked Core","Lee\u0027s Waffle","Toxic Egg 2","FossilizedHelix","Frozen Egg 2","Pen Nib","Juzu Bracelet","Symbiotic Virus","Membership Card","Happy Flower","Calling Bell","Potion Belt","Matryoshka","Nloth\u0027s Gift","MawBank","Whetstone"],"acts_visited":["Exordium","TheCity"],"potions_floor_usage":[23,29],"damage_taken":[{"damage":1,"enemies":"2 Louse","floor":1,"turns":3},{"damage":0,"enemies":"Cultist","floor":3,"turns":3},{"damage":0,"enemies":"Small Slimes","floor":4,"turns":2},{"damage":7,"enemies":"Looter","floor":5,"turns":3},{"damage":11,"enemies":"3 Sentries","floor":6,"turns":6},{"damage":33,"enemies":"Gremlin Nob","floor":8,"turns":5},{"damage":0,"enemies":"Blue Slaver","floor":12,"turns":3},{"damage":0,"enemies":"Exordium Thugs","floor":14,"turns":3},{"damage":4,"enemies":"Hexaghost","floor":16,"turns":10},{"damage":0,"enemies":"Chosen","floor":18,"turns":7},{"damage":11,"enemies":"3 Byrds","floor":19,"turns":6},{"damage":14,"enemies":"Slavers","floor":23,"turns":7},{"damage":16,"enemies":"Snake Plant","floor":25,"turns":5},{"damage":35,"enemies":"Shelled Parasite and Fungi","floor":27,"turns":6},{"damage":8,"enemies":"3 Cultists","floor":28,"turns":5},{"damage":65,"enemies":"Gremlin Leader","floor":29,"turns":5}],"seed_played":"3768144048481631011","potions_obtained":[{"floor":4,"key":"DistilledChaos"},{"floor":6,"key":"Block Potion"},{"floor":12,"key":"SteroidPotion"},{"floor":14,"key":"PotionOfCapacity"},{"floor":19,"key":"Ancient Potion"},{"floor":23,"key":"FairyPotion"},{"floor":28,"key":"GamblersBrew"}],"is_trial":false,"path_per_floor":["M","?","M","M","M","E","T","E","T","R","?","M","$","M","R","B",null,"M","M","?","?","?","E","R","M","T","M","M","E"],"character_chosen":"DEFECT","items_purchased":["Lee\u0027s Waffle","Toxic Egg 2","FossilizedHelix","Cold Snap","Static Discharge","Membership Card","Buffer+1","Happy Flower","Gash","FTL"],"campfire_rested":0,"item_purchase_floors":[0,0,0,0,0,13,13,13,13,13],"current_hp_per_floor":[81,81,81,81,74,63,63,30,30,30,19,19,19,19,19,15,82,82,71,71,71,71,67,67,61,61,36,38,0,0],"gold":266,"neow_bonus":"","is_daily":false,"chose_seed":false,"campfire_upgraded":2,"win_rate":0.0,"timestamp":1614374991,"path_taken":["M","?","M","M","?","E","?","E","T","R","?","M","$","M","R","BOSS","M","M","?","?","?","E","R","M","T","M","M","E"],"items_purchased_type":["Relic","Relic","Relic","Card","Card","Relic","Card","Relic","Card","Card"],"build_version":"2020-12-22","purchased_purges":0,"victory":false,"max_hp_per_floor":[82,82,82,82,82,82,82,82,82,82,82,82,82,82,82,82,82,82,82,82,82,82,82,82,82,82,82,82,82,82],"card_choices":[{"not_picked":["Ball Lightning","Streamline"],"picked":"Cold Snap","floor":1},{"not_picked":["Hologram+1","Rebound"],"picked":"Gash","floor":3},{"not_picked":["Fusion+1","Go for the Eyes"],"picked":"Sweeping Beam","floor":4},{"not_picked":["Chaos+1","Aggregate+1"],"picked":"Conserve Battery+1","floor":5},{"not_picked":["Beam Cell","All For One"],"picked":"Conserve Battery+1","floor":6},{"not_picked":["Beam Cell","Rebound"],"picked":"Chaos+1","floor":8},{"not_picked":["Coolheaded+1","Beam Cell"],"picked":"Stack+1","floor":12},{"not_picked":["Beam Cell","Stack+1"],"picked":"Conserve Battery+1","floor":14},{"not_picked":["Buffer+1","Core Surge"],"picked":"Thunder Strike","floor":16},{"not_picked":["Gash","Barrage+1"],"picked":"Storm+1","floor":18},{"not_picked":["Reinforced Body+1","Steam+1"],"picked":"Self Repair+1","floor":19},{"not_picked":["Seek+1","Hyperbeam"],"picked":"Multi-Cast+1","floor":23},{"not_picked":["Coolheaded+1","Thunder Strike"],"picked":"Gash","floor":25},{"not_picked":["Stack+1","Turbo+1"],"picked":"Ball Lightning","floor":27},{"not_picked":["Coolheaded+1","Beam Cell"],"picked":"Melter","floor":28}],"player_experience":223927,"relics_obtained":[{"floor":6,"key":"Frozen Egg 2"},{"floor":7,"key":"Pen Nib"},{"floor":8,"key":"Juzu Bracelet"},{"floor":9,"key":"Symbiotic Virus"},{"floor":17,"key":"Potion Belt"},{"floor":17,"key":"Matryoshka"},{"floor":17,"key":"WingedGreaves"},{"floor":23,"key":"MawBank"},{"floor":26,"key":"Whetstone"}],"event_choices":[{"cards_removed":["Zap"],"damage_healed":0,"gold_gain":0,"player_choice":"Offered Basic","damage_taken":0,"max_hp_gain":0,"max_hp_loss":0,"event_name":"Bonfire Elementals","floor":2,"gold_loss":0},{"damage_healed":0,"gold_gain":75,"player_choice":"Gather Gold","damage_taken":11,"max_hp_gain":0,"max_hp_loss":0,"event_name":"World of Goop","floor":11,"gold_loss":0},{"damage_healed":0,"gold_gain":0,"player_choice":"Traded Relic","damage_taken":0,"relics_obtained":["Nloth\u0027s Gift"],"max_hp_gain":0,"max_hp_loss":0,"event_name":"N\u0027loth","floor":20,"relics_lost":["WingedGreaves"],"gold_loss":0},{"cards_removed":["Strike_B"],"damage_healed":0,"gold_gain":0,"player_choice":"Gave Gold","damage_taken":0,"max_hp_gain":0,"max_hp_loss":0,"event_name":"Beggar","floor":21,"gold_loss":75},{"damage_healed":0,"gold_gain":0,"player_choice":"Ignored","damage_taken":0,"max_hp_gain":0,"max_hp_loss":0,"event_name":"Vampires","floor":22,"gold_loss":0}],"is_beta":false,"boss_relics":[{"not_picked":["Busted Crown","Nuclear Battery"],"picked":"Calling Bell"}],"items_purged_floors":[],"is_endless":false,"potions_floor_spawned":[4,6,12,14,19,23,28],"killed_by":"Gremlin Leader","ascension_level":3}}