{"host":"8piv3t5bmy3h6dgk","time":1614310113,"event":{"mods":["AchievementEnabler","Astrologer","Bard","BaseMod","Better Altar","Better Match","BetterRewards","Colored Map","Colored Powertips","Faster Ascension Climbing","Gold Saver","Hermit","Minty Spire (QoL Compilation)","Remove Card Discount Mod","StSLib","The Disciple","The Hierophant","The Marked","The Necromancer","The Problem Sleuth","The Valiant","The Wild Card"],"gold_per_floor":[1083,1083,1099,1099,532,532,585,585,585,639,683,683,742,781,781,931,931,944,1019,1118,1131,1131,1131],"floor_reached":22,"language":"ENG","playtime":815,"items_purged":["Defend_R","Defend_R","Defend_R","Defend_R","Injury"],"score":344,"play_id":"ffe2c3b7-3752-47c5-be6d-b93081688b6d","local_time":"20210225222833","is_ascension_mode":false,"campfire_choices":[{"data":"Demon Form","floor":6,"key":"SMITH"},{"floor":15,"key":"REST"}],"circlet_count":0,"master_deck":["Strike_R","Strike_R","Strike_R","Strike_R","Strike_R","Bash","Flex","Inflame","Demon Form+1","HandOfGreed","Inflame","Battle Trance+1","Heavy Blade+1","Limit Break+1","Flex+1"],"relics":["Black Blood","HandDrill","Toxic Egg 2","Golden Idol","Akabeko","Matryoshka","Strawberry","Shuriken","Molten Egg 2","Happy Flower","Potion Belt","Calipers"],"acts_visited":["Exordium","TheCity"],"potions_floor_usage":[0,22,22],"damage_taken":[{"damage":10,"enemies":"Small Slimes","floor":1,"turns":2},{"damage":11,"enemies":"Jaw Worm","floor":3,"turns":2},{"damage":28,"enemies":"Gremlin Nob","floor":7,"turns":4},{"damage":0,"enemies":"Cultist","floor":11,"turns":2},{"damage":36,"enemies":"3 Sentries","floor":13,"turns":5},{"damage":21,"enemies":"Large Slime","floor":14,"turns":4},{"damage":18,"enemies":"The Guardian","floor":16,"turns":4},{"damage":10,"enemies":"Chosen","floor":18,"turns":3},{"damage":60,"enemies":"3 Byrds","floor":19,"turns":6},{"damage":30,"enemies":"Snecko","floor":21,"turns":4},{"damage":30,"enemies":"Chosen and Byrds","floor":22,"turns":4}],"seed_played":"1016456216615364404","potions_obtained":[{"floor":3,"key":"SkillPotion"},{"floor":13,"key":"GamblersBrew"}],"is_trial":false,"path_per_floor":["M","?","M","?","$","R","E","$","T","T","M","?","E","M","R","B",null,"M","M","?","M","M"],"character_chosen":"IRONCLAD","items_purchased":["Flex","Fruit Juice","Strength Potion","Inflame","Demon Form","HandDrill","Akabeko","Matryoshka","HandOfGreed"],"campfire_rested":1,"item_purchase_floors":[0,0,0,0,0,0,5,5,5],"current_hp_per_floor":[81,69,64,64,64,64,49,49,49,49,55,60,30,15,44,32,97,97,49,49,31,1,1],"gold":1131,"neow_bonus":"","is_daily":false,"chose_seed":false,"campfire_upgraded":1,"win_rate":0.0,"timestamp":1614310113,"path_taken":["M","?","M","?","$","R","E","$","T","?","?","?","E","M","R","BOSS","M","M","?","M","M"],"items_purchased_type":["Card","Potion","Potion","Card","Card","Relic","Relic","Relic","Card"],"build_version":"2020-12-22","purchased_purges":5,"victory":false,"max_hp_per_floor":[85,85,85,85,85,85,92,92,92,92,92,97,97,97,97,97,97,97,97,97,97,97,97],"card_choices":[{"not_picked":["Clothesline","Battle Trance","Rupture"],"picked":"SKIP","floor":1},{"not_picked":["Warcry+1","Anger","Sword Boomerang"],"picked":"SKIP","floor":3},{"not_picked":["True Grit+1","Havoc+1"],"picked":"Inflame","floor":7},{"not_picked":["Havoc+1","Twin Strike+1","Seeing Red+1"],"picked":"SKIP","floor":11},{"not_picked":["Dropkick+1","Body Slam+1","Battle Trance+1"],"picked":"SKIP","floor":13},{"not_picked":["Dropkick+1","Body Slam+1"],"picked":"Battle Trance+1","floor":13},{"not_picked":["Havoc+1","Flex+1"],"picked":"Heavy Blade+1","floor":14},{"not_picked":["Demon Form","Offering+1"],"picked":"Limit Break+1","floor":16},{"not_picked":["Havoc+1","Rampage+1","Seeing Red+1"],"picked":"SKIP","floor":18},{"not_picked":["Armaments+1","Body Slam+1","Anger+1"],"picked":"SKIP","floor":19},{"not_picked":["Iron Wave+1","Wild Strike+1"],"picked":"Flex+1","floor":21}],"player_experience":171622,"relics_obtained":[{"floor":7,"key":"Strawberry"},{"floor":9,"key":"Shuriken"},{"floor":9,"key":"Molten Egg 2"},{"floor":10,"key":"Happy Flower"},{"floor":10,"key":"Potion Belt"},{"floor":13,"key":"Calipers"}],"event_choices":[{"damage_healed":0,"gold_gain":0,"player_choice":"Success","damage_taken":12,"relics_obtained":["Toxic Egg 2"],"max_hp_gain":0,"max_hp_loss":0,"event_name":"Scrap Ooze","floor":2,"gold_loss":0},{"damage_healed":0,"gold_gain":0,"player_choice":"Take Wound","damage_taken":0,"relics_obtained":["Golden Idol"],"max_hp_gain":0,"max_hp_loss":0,"event_name":"Golden Idol","floor":4,"gold_loss":0,"cards_obtained":["Injury"]},{"damage_healed":0,"gold_gain":0,"player_choice":"Donut","damage_taken":0,"max_hp_gain":5,"max_hp_loss":0,"event_name":"Big Fish","floor":12,"gold_loss":0},{"damage_healed":0,"gold_gain":99,"player_choice":"Stole From Cult","damage_taken":0,"max_hp_gain":0,"max_hp_loss":0,"event_name":"Nest","floor":20,"gold_loss":0}],"is_beta":false,"boss_relics":[{"not_picked":["Runic Pyramid","SlaversCollar"],"picked":"Black Blood"}],"items_purged_floors":[0,0,0,0,5],"is_endless":false,"potions_floor_spawned":[1,3,13],"killed_by":"Chosen and Byrds","ascension_level":0}}