{"host":"rantoq7h0pygex6x","time":1614364813,"event":{"mods":["AchievementEnabler","BaseMod","BetterRewards","Minty Spire (QoL Compilation)","SuperFastMode"],"gold_per_floor":[117,117,128,278,278,278,308,323,377,113,113,113,113,134,134,223,223,196,196,196,216,216,216,239,64,89,107,150,150,150],"floor_reached":29,"language":"ENG","playtime":604,"items_purged":["Strike_R","Strike_R","Defend_R","Doubt","Strike_R"],"score":682,"play_id":"c12ee0ac-2ed6-4fae-9949-151d7adbd560","local_time":"20210227024013","is_ascension_mode":true,"campfire_choices":[{"data":"Metallicize","floor":6.0,"key":"SMITH"},{"data":"Inflame","floor":13.0,"key":"SMITH"},{"data":"Flame Barrier","floor":15.0,"key":"SMITH"},{"data":"Limit Break","floor":23.0,"key":"SMITH"}],"circlet_count":0,"master_deck":["AscendersBane","Defend_R","Bash","Body Slam+1","Metallicize+1","Iron Wave","Thunderclap","Iron Wave","Swift Strike","Pommel Strike","Cleave","Armaments","Flame Barrier+1","Inflame+1","Uppercut","Limit Break+1","Metallicize","Entrench+1"],"relics":["Burning Blood","Blood Vial","Anchor","MealTicket","Magic Flower","Bag of Preparation","Golden Idol","Empty Cage","Smiling Mask","Juzu Bracelet"],"acts_visited":["Exordium","TheCity"],"potions_floor_usage":[27,28],"damage_taken":[{"damage":0.0,"enemies":"Jaw Worm","floor":1.0,"turns":3.0},{"damage":4.0,"enemies":"Small Slimes","floor":3.0,"turns":3.0},{"damage":30.0,"enemies":"Gremlin Nob","floor":7.0,"turns":5.0},{"damage":0.0,"enemies":"2 Louse","floor":8.0,"turns":2.0},{"damage":0.0,"enemies":"2 Fungi Beasts","floor":14.0,"turns":2.0},{"damage":26.0,"enemies":"Hexaghost","floor":16.0,"turns":9.0},{"damage":5.0,"enemies":"2 Thieves","floor":18.0,"turns":4.0},{"damage":20.0,"enemies":"Spheric Guardian","floor":21.0,"turns":5.0},{"damage":18.0,"enemies":"Centurion and Healer","floor":24.0,"turns":5.0},{"damage":44,"enemies":"Snecko","floor":27,"turns":9},{"damage":41,"enemies":"Slavers","floor":28,"turns":7},{"damage":19,"enemies":"3 Cultists","floor":29,"turns":3}],"seed_played":"2375269606636754805","potions_obtained":[{"floor":7.0,"key":"ColorlessPotion"},{"floor":8.0,"key":"FearPotion"},{"floor":16.0,"key":"Energy Potion"},{"floor":27,"key":"HeartOfIron"}],"is_trial":false,"path_per_floor":["M","?","M","?","?","R","E","M","T","$","?","?","R","M","R","B",null,"M","?","$","M","?","R","M","$","T","M","E","M"],"character_chosen":"IRONCLAD","items_purchased":["Body Slam","Metallicize","Iron Wave","Thunderclap","Blood Vial","Anchor","Iron Wave","Swift Strike","Inflame","Uppercut"],"campfire_rested":0,"item_purchase_floors":[0,0,0,0,0,0,0,0,10,10],"current_hp_per_floor":[31,20,24,24,49,49,27,39,39,54,28,28,28,40,40,26,63,70,70,75,64,64,64,58,73,73,40,11,0,0],"gold":150,"neow_bonus":"","is_daily":false,"chose_seed":false,"campfire_upgraded":4,"win_rate":0.0,"timestamp":1614364813,"path_taken":["M","?","M","?","?","R","E","M","T","$","?","?","R","M","R","BOSS","M","?","$","M","?","R","M","$","T","?","E","M"],"items_purchased_type":["Card","Card","Card","Card","Relic","Relic","Card","Card","Card","Card"],"build_version":"2020-12-22","purchased_purges":5,"victory":false,"max_hp_per_floor":[75,75,75,75,75,75,75,75,75,75,75,75,75,75,75,75,75,75,75,75,75,75,75,75,75,75,75,75,75,75],"card_choices":[{"not_picked":["Clash","Warcry"],"picked":"Pommel Strike","floor":1.0},{"not_picked":["Sword Boomerang","Hemokinesis"],"picked":"Cleave","floor":3.0},{"not_picked":["Clothesline","Iron Wave"],"picked":"Armaments","floor":7.0},{"not_picked":["Armaments","Heavy Blade"],"picked":"Flame Barrier","floor":8.0},{"not_picked":["Twin Strike","Impervious","Clothesline"],"picked":"SKIP","floor":14.0},{"not_picked":["Juggernaut","Berserk"],"picked":"Limit Break","floor":16.0},{"not_picked":["Blood for Blood","Clothesline"],"picked":"Metallicize","floor":18.0},{"not_picked":["Thunderclap","Uppercut","Twin Strike"],"picked":"SKIP","floor":21.0},{"not_picked":["Headbutt","Dark Embrace"],"picked":"Entrench+1","floor":24.0},{"not_picked":["Entrench","Armaments","Sever Soul"],"picked":"SKIP","floor":27},{"not_picked":["Thunderclap","Flex","Evolve+1"],"picked":"SKIP","floor":28}],"player_experience":1011864,"relics_obtained":[{"floor":7.0,"key":"Magic Flower"},{"floor":9.0,"key":"Bag of Preparation"},{"floor":26.0,"key":"Smiling Mask"},{"floor":28,"key":"Juzu Bracelet"}],"event_choices":[{"damage_healed":0.0,"max_hp_gain":0.0,"max_hp_loss":0.0,"gold_gain":0.0,"event_name":"Scrap Ooze","player_choice":"Success","floor":2.0,"gold_loss":0.0,"damage_taken":11.0,"relics_obtained":["MealTicket"]},{"damage_healed":0.0,"max_hp_gain":0.0,"max_hp_loss":0.0,"gold_gain":150.0,"event_name":"Liars Game","player_choice":"AGREE","floor":4.0,"gold_loss":0.0,"damage_taken":0.0,"cards_obtained":["Doubt"]},{"damage_healed":25.0,"max_hp_gain":0.0,"max_hp_loss":0.0,"gold_gain":0.0,"event_name":"Big Fish","player_choice":"Banana","floor":5.0,"gold_loss":0.0,"damage_taken":0.0},{"damage_healed":0.0,"max_hp_gain":0.0,"max_hp_loss":0.0,"gold_gain":0.0,"event_name":"Golden Idol","player_choice":"Take Damage","floor":11.0,"gold_loss":0.0,"damage_taken":26.0,"relics_obtained":["Golden Idol"]},{"damage_healed":0.0,"max_hp_gain":0.0,"max_hp_loss":0.0,"gold_gain":0.0,"event_name":"Living Wall","player_choice":"Grow","floor":12.0,"gold_loss":0.0,"damage_taken":0.0,"cards_upgraded":["Body Slam"]},{"cards_removed":["Strike_R"],"damage_healed":0.0,"max_hp_gain":0.0,"max_hp_loss":0.0,"gold_gain":0.0,"event_name":"Back to Basics","player_choice":"Elegance","floor":19.0,"gold_loss":0.0,"damage_taken":0.0},{"cards_removed":["Defend_R"],"damage_healed":0.0,"max_hp_gain":0.0,"max_hp_loss":0.0,"gold_gain":0.0,"event_name":"Wheel of Change","player_choice":"Card Removal","floor":22.0,"gold_loss":0.0,"damage_taken":0.0}],"is_beta":false,"boss_relics":[{"not_picked":["Philosopher\u0027s Stone","Runic Pyramid"],"picked":"Empty Cage"}],"items_purged_floors":[0,0,0,10,25],"is_endless":false,"potions_floor_spawned":[7,8,16,27],"killed_by":"3 Cultists","ascension_level":20}}