{"host":"3sqvgza1l4ip9ny1","time":1614383058,"event":{"mods":["BaseMod","Minty Spire (QoL Compilation)"],"gold_per_floor":[117,192,192,261,277,307,323,25,95,95,123,123,137,171,171,270,270,283,283,298,311,330,330,361,361,361,8,8,8,8,8],"floor_reached":30,"language":"ENG","playtime":1772,"items_purged":["Entrench","Strike_R"],"score":306,"play_id":"9efc3e25-e7bb-4775-ac4f-bf8c447a4dc9","local_time":"20210226234418","is_ascension_mode":true,"campfire_choices":[{"floor":10,"key":"REST"},{"floor":12,"key":"REST"},{"data":"Rage","floor":15,"key":"SMITH"},{"data":"Rupture","floor":23,"key":"SMITH"},{"floor":25,"key":"REST"},{"data":"Barricade","floor":28,"key":"SMITH"}],"circlet_count":0,"master_deck":["Strike_R","Strike_R","Strike_R","Strike_R+1","Defend_R","Defend_R+1","Defend_R","Bash+1","Spot Weakness+1","Combust","Flex","Rage+1","Rupture+1","Bludgeon+1","Bloodletting","Juggernaut","CurseOfTheBell","Anger+1","Anger+1","Wild Strike+1","Shockwave+1","Flame Barrier+1","Rage+1","Barricade+1"],"relics":["Burning Blood","Strawberry","Shuriken","Blue Candle","Whetstone","Oddly Smooth Stone","Molten Egg 2","Bronze Scales","War Paint","Smiling Mask","Toxic Egg 2","Ice Cream","Nloth\u0027s Gift","Dream Catcher","Bag of Marbles","Vajra"],"acts_visited":["Exordium","TheCity"],"potions_floor_usage":[13,14,16,18,24,30],"damage_taken":[{"damage":9,"enemies":"2 Louse","floor":1,"turns":4},{"damage":9,"enemies":"Jaw Worm","floor":5,"turns":6},{"damage":57,"enemies":"Lagavulin","floor":6,"turns":10},{"damage":13,"enemies":"Cultist","floor":7,"turns":4},{"damage":27,"enemies":"3 Sentries","floor":11,"turns":7},{"damage":6,"enemies":"3 Louse","floor":13,"turns":3},{"damage":13,"enemies":"Lagavulin","floor":14,"turns":4},{"damage":29,"enemies":"Hexaghost","floor":16,"turns":9},{"damage":11,"enemies":"3 Byrds","floor":18,"turns":2},{"damage":19,"enemies":"Chosen","floor":20,"turns":4},{"damage":19,"enemies":"Snecko","floor":21,"turns":3},{"damage":20,"enemies":"Centurion and Healer","floor":22,"turns":5},{"damage":31,"enemies":"Book of Stabbing","floor":24,"turns":3},{"damage":55,"enemies":"Gremlin Leader","floor":30,"turns":4}],"seed_played":"2683137767571767140","potions_obtained":[{"floor":11,"key":"Block Potion"},{"floor":13,"key":"SpeedPotion"},{"floor":14,"key":"Regen Potion"},{"floor":16,"key":"ColorlessPotion"},{"floor":20,"key":"Energy Potion"},{"floor":22,"key":"ElixirPotion"},{"floor":24,"key":"Dexterity Potion"}],"is_trial":false,"path_per_floor":["M","?","T","T","M","E","M","$","T","R","E","R","M","E","R","B",null,"M","?","M","M","M","R","E","R","T","$","R","?","E"],"character_chosen":"IRONCLAD","items_purchased":["Rage","Oddly Smooth Stone","Vajra","Rage+1","Barricade"],"campfire_rested":3,"item_purchase_floors":[8,8,27,27,27],"current_hp_per_floor":[84,73,73,73,70,19,12,12,12,38,17,43,43,36,36,28,87,82,82,69,56,42,42,17,43,43,43,43,43,0,0],"gold":8,"neow_bonus":"RANDOM_COMMON_RELIC","is_daily":false,"chose_seed":false,"campfire_upgraded":3,"win_rate":0.0,"timestamp":1614383058,"path_taken":["M","?","?","?","?","E","M","$","T","R","E","R","M","E","R","BOSS","M","?","?","M","M","R","E","R","T","$","R","?","E"],"items_purchased_type":["Card","Relic","Relic","Card","Card"],"build_version":"2020-12-22","purchased_purges":2,"victory":false,"max_hp_per_floor":[87,87,87,87,87,87,87,87,87,87,87,87,87,87,87,87,87,87,87,87,87,87,87,87,87,87,87,87,87,87,87],"card_choices":[{"not_picked":["Cleave","Flex"],"picked":"Entrench","floor":1},{"not_picked":["Havoc","Sentinel"],"picked":"Spot Weakness","floor":5},{"not_picked":["Searing Blow","Hemokinesis"],"picked":"Combust","floor":6},{"not_picked":["Havoc","Evolve"],"picked":"Flex","floor":7},{"not_picked":["Headbutt+1","Wild Strike+1"],"picked":"Rupture","floor":11},{"not_picked":["Havoc","Second Wind"],"picked":"Bludgeon+1","floor":13},{"not_picked":["Body Slam+1","Thunderclap+1"],"picked":"Bloodletting","floor":14},{"not_picked":["Double Tap","Barricade"],"picked":"Juggernaut","floor":16},{"not_picked":["Burning Pact+1","Intimidate+1"],"picked":"Anger+1","floor":18},{"not_picked":["Havoc+1","Fire Breathing+1"],"picked":"Anger+1","floor":20},{"not_picked":["Havoc+1","Pommel Strike+1"],"picked":"Wild Strike+1","floor":21},{"not_picked":["Havoc+1","True Grit+1"],"picked":"Shockwave+1","floor":22},{"not_picked":["Carnage+1","Clothesline+1"],"picked":"Flame Barrier+1","floor":24}],"player_experience":238748,"relics_obtained":[{"floor":3,"key":"Shuriken"},{"floor":4,"key":"Blue Candle"},{"floor":6,"key":"Whetstone"},{"floor":9,"key":"Molten Egg 2"},{"floor":11,"key":"Bronze Scales"},{"floor":14,"key":"War Paint"},{"floor":17,"key":"Smiling Mask"},{"floor":17,"key":"Toxic Egg 2"},{"floor":17,"key":"Ice Cream"},{"floor":24,"key":"Dream Catcher"},{"floor":26,"key":"Bag of Marbles"}],"event_choices":[{"damage_healed":0,"gold_gain":75,"player_choice":"Gather Gold","damage_taken":11,"max_hp_gain":0,"max_hp_loss":0,"event_name":"World of Goop","floor":2,"gold_loss":0},{"damage_healed":0,"gold_gain":0,"player_choice":"Traded Relic","damage_taken":0,"relics_obtained":["Nloth\u0027s Gift"],"max_hp_gain":0,"max_hp_loss":0,"event_name":"N\u0027loth","floor":19,"relics_lost":["Calling Bell"],"gold_loss":0},{"cards_removed":["Defend_R"],"damage_healed":0,"gold_gain":0,"player_choice":"Offered Basic","damage_taken":0,"max_hp_gain":0,"max_hp_loss":0,"event_name":"Bonfire Elementals","floor":29,"gold_loss":0}],"is_beta":false,"boss_relics":[{"not_picked":["Tiny House","Velvet Choker"],"picked":"Calling Bell"}],"items_purged_floors":[8,27],"is_endless":false,"potions_floor_spawned":[11,13,14,16,20,22,24],"killed_by":"Gremlin Leader","ascension_level":3}}