{"host":"l8j2eaviddq1qvzn","time":1614375366,"event":{"mods":["Act Like it!","BaseMod","Curses Come First","Evolution","Infinite Spire","Minty Spire (QoL Compilation)","Practice Mode","Reliquary","Replay The Spire","Shapeshifter Mod","Shop Mod","StS++","StSLib","The Dragonkin","Wide Potions"],"gold_per_floor":[118,118,136,136,152,177,177,191,215,215,241,254,254,272,272,370,370,382,396,18,37,57,57,57,57],"floor_reached":24,"language":"ENG","playtime":1370,"items_purged":[],"score":221,"play_id":"2d9a3b86-ef95-4766-a79d-5eefd6135959","local_time":"20210226223606","is_ascension_mode":true,"campfire_choices":[{"floor":7,"key":"REST"},{"data":"StSShapeShifter:StormGryphonForm","floor":10,"key":"SMITH"},{"data":"StSShapeShifter:VineHandcuffs","floor":13,"key":"SMITH"},{"floor":15,"key":"REST"},{"floor":23,"key":"REST"}],"circlet_count":0,"master_deck":["StSShapeShifter:ShapeShifter_Strike","StSShapeShifter:ShapeShifter_Strike","StSShapeShifter:ShapeShifter_Strike","StSShapeShifter:ShapeShifter_Strike","StSShapeShifter:ShapeShifter_Defend","StSShapeShifter:ShapeShifter_Defend","StSShapeShifter:ShapeShifter_Defend","StSShapeShifter:ShapeShifter_Defend","StSShapeShifter:ShapeShifter_Defend","StSShapeShifter:Sapling","StSShapeShifter:BloomingSlash","StSShapeShifter:StormGryphonForm+1","StSShapeShifter:Mystical_Branch","StSShapeShifter:Hunt","StSShapeShifter:VineHandcuffs+1","StSShapeShifter:BurstingSpore","StSShapeShifter:Summer","StSShapeShifter:RockSlide+1","StSShapeShifter:DeepWound","StSShapeShifter:BaskInBloom+1"],"relics":["StSShapeShifter:AnimalHeart","StSShapeShifter:TheShapeShiftersMagnolia","EVO:Axolotl","reliquary:SilkGlove","Bronze Scales","Boot","Bag of Preparation","reliquary:ThirdArm","Matryoshka"],"acts_visited":["Exordium","TheCity"],"potions_floor_usage":[6,8,24,24],"damage_taken":[{"damage":1,"enemies":"2 Louse","floor":1,"turns":2},{"damage":2,"enemies":"Small Slimes","floor":3,"turns":4},{"damage":0,"enemies":"Jaw Worm","floor":5,"turns":5},{"damage":13,"enemies":"Lagavulin","floor":6,"turns":6},{"damage":0,"enemies":"Exordium Thugs","floor":8,"turns":3},{"damage":8,"enemies":"3 Sentries","floor":11,"turns":5},{"damage":4,"enemies":"Red Slaver","floor":12,"turns":5},{"damage":1,"enemies":"2 Fungi Beasts","floor":14,"turns":3},{"damage":15,"enemies":"Slime Boss","floor":16,"turns":6},{"damage":10,"enemies":"Shell Parasite","floor":18,"turns":5},{"damage":7,"enemies":"Spheric Guardian","floor":19,"turns":5},{"damage":25,"enemies":"Snake Plant","floor":21,"turns":4},{"damage":20,"enemies":"Snecko","floor":22,"turns":5},{"damage":40,"enemies":"Slavers","floor":24,"turns":3}],"seed_played":"7255715368364788340","potions_obtained":[{"floor":1,"key":"AttackPotion"},{"floor":3,"key":"Adrenaline Potion"},{"floor":11,"key":"FearPotion"},{"floor":18,"key":"Dexterity Potion"}],"is_trial":false,"path_per_floor":["M","?","M","?","M","E","R","M","T","R","E","M","R","M","R","B",null,"M","M","$","M","M","R","E"],"character_chosen":"SHAPESHIFTER","items_purchased":["StSShapeShifter:DeepWound","StSShapeShifter:BaskInBloom+1","Matryoshka"],"campfire_rested":3,"item_purchase_floors":[20,20,20],"current_hp_per_floor":[77,70,68,61,61,48,71,71,71,71,63,59,59,58,78,63,78,68,61,61,36,16,39,0,0],"gold":57,"neow_bonus":"RANDOM_COMMON_RELIC","is_daily":false,"chose_seed":false,"campfire_upgraded":2,"win_rate":0.0,"timestamp":1614375366,"path_taken":["M","?","M","?","M","E","R","M","T","R","E","M","R","M","R","BOSS","M","M","$","M","M","R","E"],"items_purchased_type":["Card","Card","Relic"],"build_version":"2020-12-22","purchased_purges":0,"victory":false,"max_hp_per_floor":[78,78,78,78,78,78,78,78,78,78,78,78,78,78,78,78,78,78,78,78,78,78,78,78,78],"card_choices":[{"not_picked":["StSShapeShifter:VineHandcuffs","StSShapeShifter:ShiftingStrike"],"picked":"StSShapeShifter:Sapling","floor":1},{"not_picked":["StSShapeShifter:OakBlade","StSShapeShifter:EmbraceTheCycle"],"picked":"StSShapeShifter:BloomingSlash","floor":3},{"not_picked":["StSShapeShifter:Rest","StSShapeShifter:Maul","StSShapeShifter:MonkeyForm"],"picked":"SKIP","floor":5},{"not_picked":["StSShapeShifter:RockSlide","StSShapeShifter:MonkeyForm"],"picked":"StSShapeShifter:Mystical_Branch","floor":6},{"not_picked":["StSShapeShifter:Rabid","StSShapeShifter:FesteringBite"],"picked":"StSShapeShifter:Hunt","floor":8},{"not_picked":["StSShapeShifter:Guard","StSShapeShifter:FesteringBite"],"picked":"StSShapeShifter:VineHandcuffs","floor":11},{"not_picked":["StSShapeShifter:BloomingSlash","StSShapeShifter:SquirrelForm"],"picked":"StSShapeShifter:BurstingSpore","floor":12},{"not_picked":["StSShapeShifter:DeerForm","StSShapeShifter:ShiftingStrike","StSShapeShifter:DiverseSpirit"],"picked":"SKIP","floor":14},{"not_picked":["StSShapeShifter:Uproot_Redwood","StSShapeShifter:Winter"],"picked":"StSShapeShifter:Summer","floor":16},{"not_picked":["StSShapeShifter:VileMushroom","StSShapeShifter:FallingLeaves"],"picked":"StSShapeShifter:RockSlide+1","floor":18},{"not_picked":["StSShapeShifter:OwlForm","StSShapeShifter:DeerForm","StSShapeShifter:ThornToss"],"picked":"SKIP","floor":19},{"not_picked":["StSShapeShifter:PantherForm","StSShapeShifter:Wildfire2","StSShapeShifter:ThornToss"],"picked":"SKIP","floor":21},{"not_picked":["StSShapeShifter:MagicMushrooms+1","StSShapeShifter:Mystical_Branch","StSShapeShifter:Rest+1"],"picked":"SKIP","floor":22}],"player_experience":95582,"relics_obtained":[{"floor":6,"key":"Bronze Scales"},{"floor":9,"key":"Boot"},{"floor":11,"key":"Bag of Preparation"}],"event_choices":[{"cards_removed":["StSShapeShifter:ShiftingStrike"],"damage_healed":0,"gold_gain":0,"player_choice":"Card Removal","damage_taken":7,"max_hp_gain":0,"max_hp_loss":0,"event_name":"Golden Wing","floor":2,"gold_loss":0}],"is_beta":false,"boss_relics":[{"not_picked":["ReplayTheSpireMod:SealedPack","Replay:Bronze Core"],"picked":"reliquary:ThirdArm"}],"items_purged_floors":[],"is_endless":false,"potions_floor_spawned":[1,3,11,18,19],"killed_by":"Slavers","ascension_level":1}}