{"host":"rfvxwqmjnimh09wr","time":1614372006,"event":{"mods":["BaseMod","Colored Map","Minty Spire (QoL Compilation)","StSLib"],"gold_per_floor":[119,139,15,290,303,338,338,356,356,372,372,372],"floor_reached":11,"language":"ENG","playtime":656,"items_purged":["Defend_P"],"score":75,"play_id":"66f15c67-8853-4117-ba1e-22d848c6e0c7","local_time":"20210226154006","is_ascension_mode":false,"campfire_choices":[{"data":"PathToVictory","floor":7,"key":"SMITH"}],"circlet_count":0,"master_deck":["Strike_P+1","Strike_P","Defend_P","Defend_P","Eruption+1","Vigilance","Nirvana+1","InnerPeace+1","Sanctity+1","Consecrate","ThirdEye","PathToVictory+1","Regret","PathToVictory"],"relics":["Astrolabe","Whetstone","Ornamental Fan"],"acts_visited":["Exordium"],"potions_floor_usage":[6],"damage_taken":[{"damage":6,"enemies":"Cultist","floor":1,"turns":4},{"damage":2,"enemies":"Jaw Worm","floor":2,"turns":3},{"damage":0,"enemies":"2 Louse","floor":5,"turns":2},{"damage":4,"enemies":"Gremlin Nob","floor":6,"turns":3},{"damage":0,"enemies":"Blue Slaver","floor":8,"turns":2},{"damage":19,"enemies":"Large Slime","floor":10,"turns":5},{"damage":41,"enemies":"3 Sentries","floor":11,"turns":8}],"seed_played":"-1545927787673639145","potions_obtained":[{"floor":2,"key":"Weak Potion"}],"is_trial":false,"path_per_floor":["M","M","$","?","M","E","R","M","T","M","E"],"character_chosen":"WATCHER","items_purchased":["PathToVictory"],"campfire_rested":0,"item_purchase_floors":[3],"current_hp_per_floor":[66,64,64,64,64,60,60,60,60,41,0,0],"gold":372,"neow_bonus":"BOSS_RELIC","is_daily":false,"chose_seed":false,"campfire_upgraded":1,"win_rate":0.0,"timestamp":1614372006,"path_taken":["M","M","$","?","?","E","R","M","T","M","E"],"items_purchased_type":["Card"],"build_version":"2020-12-22","purchased_purges":1,"victory":false,"max_hp_per_floor":[72,72,72,72,72,72,72,72,72,72,72,72],"card_choices":[{"not_picked":["SashWhip","Indignation"],"picked":"Consecrate","floor":1},{"not_picked":["Protect","Vengeance"],"picked":"ThirdEye","floor":2},{"not_picked":["Fasting2","DeceiveReality"],"picked":"PathToVictory","floor":5},{"not_picked":["Halt","DeceiveReality","TalkToTheHand"],"picked":"SKIP","floor":6},{"not_picked":["MentalFortress","InnerPeace","Protect"],"picked":"SKIP","floor":8},{"not_picked":["ClearTheMind","Swivel","ForeignInfluence"],"picked":"SKIP","floor":10}],"player_experience":229315,"relics_obtained":[{"floor":6,"key":"Whetstone"},{"floor":9,"key":"Ornamental Fan"}],"event_choices":[{"damage_healed":0,"gold_gain":275,"player_choice":"Desecrate","damage_taken":0,"max_hp_gain":0,"max_hp_loss":0,"event_name":"Golden Shrine","floor":4,"gold_loss":0,"cards_obtained":["Regret"]}],"is_beta":false,"boss_relics":[],"items_purged_floors":[3],"is_endless":false,"potions_floor_spawned":[2],"killed_by":"3 Sentries","ascension_level":0}}