{"host":"pmmuxs046gii331m","time":1614364704,"event":{"mods":["AchievementEnabler","BaseMod","Colored Map","Colored Powertips","Custom Start","Downfall","Gold Saver","Minty Spire (QoL Compilation)","Permanent Neow","Quick Restart","StSLib"],"gold_per_floor":[863,886,909,309,328,328,351,380,380,405,434,434,454,477,477,583,583,604,646,481,556,525,525,566,566,593,608,608,608],"floor_reached":28,"language":"ENG","playtime":4582,"items_purged":["Pain","Strike_R"],"score":440,"play_id":"33ed694b-34b2-40d3-bf32-c076b9a03a6e","local_time":"20210226133824","is_ascension_mode":true,"campfire_choices":[{"data":"Armaments","floor":6,"key":"SMITH"},{"data":"True Grit","floor":12,"key":"SMITH"},{"data":"Barricade","floor":15,"key":"SMITH"},{"data":"Flame Barrier","floor":23,"key":"SMITH"},{"data":"Cleave","floor":25,"key":"SMITH"}],"circlet_count":0,"master_deck":["AscendersBane","Strike_R","Strike_R","Defend_R","Defend_R","Defend_R","Defend_R","Bash","Double Tap","Barricade+1","Armaments+1","Impervious","Cleave+1","Shrug It Off","Wild Strike","Iron Wave","True Grit+1","Iron Wave","Offering","Corruption","Power Through+1","Flame Barrier+1","Metallicize","Sentinel"],"relics":["Burning Blood","CeramicFish","Anchor","Mercury Hourglass","Ornamental Fan","Velvet Choker","Red Mask","Orichalcum","Ancient Tea Set"],"acts_visited":["Exordium","TheCity"],"potions_floor_usage":[16],"damage_taken":[{"damage":21,"enemies":"Cultist","floor":1,"turns":5},{"damage":23,"enemies":"2 Louse","floor":3,"turns":5},{"damage":2,"enemies":"Jaw Worm","floor":5,"turns":3},{"damage":5,"enemies":"Lots of Slimes","floor":7,"turns":3},{"damage":2,"enemies":"2 Fungi Beasts","floor":8,"turns":4},{"damage":0,"enemies":"Red Slaver","floor":10,"turns":2},{"damage":0,"enemies":"3 Louse","floor":11,"turns":3},{"damage":19,"enemies":"Lots of Slimes","floor":13,"turns":5},{"damage":4,"enemies":"Red Slaver","floor":14,"turns":4},{"damage":6,"enemies":"Slime Boss","floor":16,"turns":17},{"damage":16,"enemies":"Spheric Guardian","floor":18,"turns":6},{"damage":8,"enemies":"Masked Bandits","floor":19,"turns":5},{"damage":12,"enemies":"2 Thieves","floor":22,"turns":5},{"damage":17,"enemies":"Slavers","floor":24,"turns":9},{"damage":10,"enemies":"Cultist and Chosen","floor":27,"turns":11},{"damage":50,"enemies":"Gremlin Leader","floor":28,"turns":3}],"seed_played":"9212460522048087557","potions_obtained":[{"floor":3,"key":"sneckomod:MuddlingPotion"},{"floor":13,"key":"SpeedPotion"},{"floor":18,"key":"SpeedPotion"}],"is_trial":false,"path_per_floor":["M","T","M","$","M","R","M","M","T","M","M","R","M","M","R","B",null,"M","?","$","?","M","R","E","R","T","M","E"],"character_chosen":"IRONCLAD","items_purchased":["Anchor","Mercury Hourglass","Impervious","Metallicize"],"campfire_rested":0,"item_purchase_floors":[4,4,4,20],"current_hp_per_floor":[57,57,40,40,44,44,45,49,49,55,61,61,48,50,50,50,73,63,61,61,53,47,47,36,36,36,32,0,0],"gold":608,"neow_bonus":"TRANSFORM_TWO_CARDS","is_daily":false,"chose_seed":false,"campfire_upgraded":5,"win_rate":0.0,"timestamp":1614364704,"path_taken":["M","?","M","$","M","R","M","M","T","M","M","R","M","M","R","BOSS","M","?","$","?","M","R","E","R","T","M","E"],"items_purchased_type":["Relic","Relic","Card","Card"],"build_version":"2020-12-22","purchased_purges":2,"victory":false,"max_hp_per_floor":[80,80,80,80,80,80,80,80,80,80,80,80,80,80,80,80,80,80,80,80,80,80,80,80,80,80,80,80,80],"card_choices":[{"not_picked":["Shockwave","Clothesline","Dropkick"],"picked":"SKIP","floor":1},{"not_picked":["True Grit","Twin Strike"],"picked":"Armaments","floor":3},{"not_picked":["Heavy Blade","Clash"],"picked":"Cleave","floor":5},{"not_picked":["Warcry","Cleave"],"picked":"Shrug It Off","floor":7},{"not_picked":["Havoc","Warcry"],"picked":"Wild Strike","floor":8},{"not_picked":["Headbutt","Perfected Strike"],"picked":"Iron Wave","floor":10},{"not_picked":["Clash","Armaments"],"picked":"True Grit","floor":11},{"not_picked":["Anger","Wild Strike"],"picked":"Iron Wave","floor":13},{"not_picked":["Pommel Strike","Sever Soul"],"picked":"Offering","floor":14},{"not_picked":["Exhume","Demon Form"],"picked":"Corruption","floor":16},{"not_picked":["Rupture","Flex"],"picked":"Power Through+1","floor":18},{"not_picked":["Shrug It Off","Thunderclap"],"picked":"Flame Barrier","floor":19},{"not_picked":["Infernal Blade+1","Clothesline","Headbutt"],"picked":"SKIP","floor":22},{"not_picked":["Rampage+1","Dropkick+1"],"picked":"Sentinel","floor":24},{"not_picked":["Ghostly Armor","Shrug It Off","Dropkick"],"picked":"SKIP","floor":27}],"player_experience":642867,"relics_obtained":[{"floor":2,"key":"CeramicFish"},{"floor":9,"key":"Ornamental Fan"},{"floor":19,"key":"Red Mask"},{"floor":24,"key":"Orichalcum"},{"floor":26,"key":"Ancient Tea Set"}],"event_choices":[{"damage_healed":0,"gold_gain":0,"player_choice":"Fought Bandits","damage_taken":0,"max_hp_gain":0,"max_hp_loss":0,"event_name":"Masked Bandits","floor":19,"gold_loss":0},{"damage_healed":0,"gold_gain":75,"player_choice":"Touch","damage_taken":8,"max_hp_gain":0,"max_hp_loss":0,"event_name":"FaceTrader","floor":21,"gold_loss":0}],"is_beta":false,"boss_relics":[{"not_picked":["Ectoplasm","SacredBark"],"picked":"Velvet Choker"}],"items_purged_floors":[4,20],"is_endless":false,"potions_floor_spawned":[3,13,14,18,27],"killed_by":"Gremlin Leader","ascension_level":11}}