{"host":"tbpnry8ml8g8pell","time":1614307430,"event":{"mods":["2.2 Compatiblity","Act Like it!","Arknights","BaseMod","Better Skull","Better Third Choice","BetterRewards","Block Reminder","Colored Map","Colored Powertips","Downfall","Ekko","Friendly Minions","GifTheSpireLib","Hallownest","Hermit","Highlight Path","Infinite Spire","Lobotomy","Minty Spire (QoL Compilation)","Rare Cards Sparkle","Replay The Spire","Shop Mod","Spicy Shops","StSLib","Stuff the Spire"],"gold_per_floor":[364,364,364,364,364,382,399,399,424,424,424,443,22,22,34,46,58,166,178,210,237,262,294,306,318,345,357,369,381,621,633,645,669,25,55,55,180,180,228,299,299,346,7,7,282,335,335,335,402,402,402,458,458,476,476],"floor_reached":54,"language":"ENG","playtime":4602,"items_purged":["hermit:Strike_Hermit"],"score":677,"play_id":"3e8e7fd9-d191-43a8-8c8d-ccb4e0e859f9","local_time":"20210225214350","is_ascension_mode":false,"campfire_choices":[{"data":"hermit:Determination","floor":8.0,"key":"SMITH"},{"floor":15.0,"key":"REST"},{"floor":17.0,"key":"REST"},{"floor":25.0,"key":"REST"},{"floor":27.0,"key":"REST"},{"floor":44.0,"key":"REST"},{"data":"infinitespire:Fortify","floor":48.0,"key":"SMITH"},{"data":"hermit:GoldenBullet","floor":53,"key":"SMITH"}],"circlet_count":0,"master_deck":["hermit:Strike_Hermit","hermit:Strike_Hermit+1","hermit:Strike_Hermit","hermit:Defend_Hermit+1","hermit:Defend_Hermit","hermit:Defend_Hermit","hermit:Defend_Hermit","hermit:Snapshot","hermit:Covet+1","Strike_B","hermit:Quickdraw+1","hermit:Determination+1","hermit:SprayPray","hermit:TrackingShot","infinitespire:Fortify+1","hermit:Headshot","hermit:BlackWind","hermit:GoldenBullet+1","hermit:Misfire+1","hermit:Gambit+1","hermit:Grudge","hermit:Cheat","Pain","hermit:LowProfile","hermit:Reprieve","hermit:DeadOrAlive","hermit:Horror","Iron Wave","hermit:EyeOfTheStorm+1","Regret","hermit:GhostlyPresence+1","StuffTheSpire:CuriosityCurse"],"relics":["hermit:Momento","Odd Mushroom","StuffTheSpire:CocoNut","StuffTheSpire:Nightcore","Iron Hammer","Shuriken","MerchantsRug","Replay:Bandana","Membership Card","Strawberry","Vajra","StuffTheSpire:RubySignet","infinitespire:EvilPickle","Busted Crown","Durian","hermit:RedScarf","StuffTheSpire:DarkSteelAnvil","Frozen Eye","StuffTheSpire:Wildfire","White Beast Statue","Divine Protection"],"acts_visited":["Exordium","TheCity","TheBeyond"],"potions_floor_usage":[54],"damage_taken":[{"damage":15.0,"enemies":"Jaw Worm","floor":1.0,"turns":4.0},{"damage":0.0,"enemies":"ats:Genji","floor":6.0,"turns":3.0},{"damage":8.0,"enemies":"infinitespire:Voidling","floor":7.0,"turns":3.0},{"damage":16.0,"enemies":"The Mushroom Lair","floor":9.0,"turns":4.0},{"damage":0.0,"enemies":"3 Louse","floor":12.0,"turns":3.0},{"damage":70.0,"enemies":"Fading Forest","floor":18.0,"turns":11.0},{"damage":6.0,"enemies":"Chosen","floor":20.0,"turns":3.0},{"damage":0.0,"enemies":"Shell Parasite","floor":21.0,"turns":3.0},{"damage":18.0,"enemies":"Centurion and Healer","floor":22.0,"turns":6.0},{"damage":15.0,"enemies":"Snake Plant","floor":23.0,"turns":3.0},{"damage":0.0,"enemies":"Snecko","floor":26.0,"turns":2.0},{"damage":24.0,"enemies":"Centurion and Healer","floor":33.0,"turns":5.0},{"damage":16.0,"enemies":"Cultist and Chosen","floor":35.0,"turns":4.0},{"damage":52.0,"enemies":"Pondfish","floor":37.0,"turns":12.0},{"damage":8.0,"enemies":"3 Shapes","floor":39.0,"turns":3.0},{"damage":39.0,"enemies":"2 Orb Walkers","floor":40.0,"turns":4.0},{"damage":14.0,"enemies":"3 Darklings","floor":42.0,"turns":3.0},{"damage":0.0,"enemies":"Transient","floor":46.0,"turns":5.0},{"damage":3.0,"enemies":"Maw","floor":49.0,"turns":4.0},{"damage":0,"enemies":"4 Shapes","floor":52,"turns":2},{"damage":103,"enemies":"infinitespire:MassOfShapes","floor":54,"turns":10}],"seed_played":"6362336690760745799","potions_obtained":[{"floor":6.0,"key":"Swift Potion"},{"floor":12.0,"key":"Venom Potion"},{"floor":18.0,"key":"SteroidPotion"},{"floor":22.0,"key":"SteroidPotion"},{"floor":26.0,"key":"Adrenaline Potion"},{"floor":33.0,"key":"DuplicationPotion"},{"floor":46.0,"key":"sneckomod:MuddlingPotion"},{"floor":49.0,"key":"Languid Potion"},{"floor":52,"key":"BlessingOfTheForge"}],"is_trial":false,"path_per_floor":["M","?","?","PTL","PTL","M","M","R","?","?","T","M","$","T","R","$","R","B",null,"M","M","M","M","?","R","M","R","T","?","?","PTL","PTL","M","$","M","R_BF","B",null,"M","?","?","M","$","R","?","M","T","R","M","AVR","?","M","R","B"],"character_chosen":"HERMIT","items_purchased":["StuffTheSpire:Nightcore","Iron Hammer","MerchantsRug","Replay:Bandana","Membership Card","Strawberry","Vajra","StuffTheSpire:RubySignet","hermit:RedScarf","hermit:EyeOfTheStorm+1","StuffTheSpire:DarkSteelAnvil","Frozen Eye"],"campfire_rested":5,"item_purchase_floors":[13,13,34,34,34,34,34,34,43,43,43,43],"current_hp_per_floor":[60,60,60,60,60,60,56,56,40,22,29,29,29,29,53,53,77,17,82,76,76,58,43,40,64,64,82,82,82,64,64,64,40,47,33,33,3,89,81,55,55,53,53,81,81,81,81,81,86,86,86,86,86,0,0],"gold":476,"neow_bonus":"TWO_FIFTY_GOLD","is_daily":false,"chose_seed":false,"campfire_upgraded":3,"win_rate":0.0,"timestamp":1614307430,"path_taken":["M","?","?","PTL","PTL","?","M","R","?","?","T","M","?","?","R","$","R","BOSS","M","M","?","M","?","R","?","R","T","?","?","PTL","PTL","?","$","M","R_BF","BOSS","M","?","?","?","$","R","?","?","T","R","?","AVR","?","M","R","BOSS"],"items_purchased_type":["Relic","Relic","Relic","Relic","Relic","Relic","Relic","Relic","Relic","Card","Relic","Relic"],"build_version":"2020-12-22","purchased_purges":1,"victory":false,"max_hp_per_floor":[75,75,75,75,75,75,75,75,75,75,82,82,82,82,82,82,82,82,82,82,82,82,82,82,82,82,82,82,82,82,82,82,82,89,89,89,89,89,89,94,94,94,94,94,94,94,94,94,94,94,94,94,94,94,94],"card_choices":[{"not_picked":["hermit:CalledShot","hermit:GhostlyPresence"],"picked":"hermit:Quickdraw","floor":1.0},{"not_picked":["hermit:Dive","hermit:Feint"],"picked":"hermit:Determination","floor":6.0},{"not_picked":["hermit:TakeCover","hermit:HighCaliber"],"picked":"hermit:SprayPray","floor":7.0},{"not_picked":["hermit:Enervate","hermit:SprayPray"],"picked":"hermit:TrackingShot","floor":9.0},{"not_picked":["infinitespire:Menacing","ReplayTheSpireMod:??????????????????????"],"picked":"infinitespire:Fortify","floor":10.0},{"not_picked":["hermit:ItchyTrigger","hermit:Desperado"],"picked":"hermit:Headshot","floor":12.0},{"not_picked":["hermit:Gambit","hermit:RoundhouseKick"],"picked":"hermit:BlackWind","floor":18.0},{"not_picked":["hermit:Feint","hermit:HighCaliber+1"],"picked":"hermit:GoldenBullet","floor":20.0},{"not_picked":["hermit:ItchyTrigger","hermit:Ricochet"],"picked":"hermit:Misfire+1","floor":21.0},{"not_picked":["hermit:Combo+1","hermit:Maintenance"],"picked":"hermit:Gambit","floor":22.0},{"not_picked":["hermit:DeadMansHand","hermit:CursedWeapon"],"picked":"hermit:Grudge","floor":23.0},{"not_picked":["hermit:BodyArmor","hermit:Manifest"],"picked":"hermit:Cheat","floor":26.0},{"not_picked":["hermit:Spite","hermit:WideOpen+1"],"picked":"hermit:LowProfile","floor":33.0},{"not_picked":["hermit:Grudge+1","hermit:Coalescence","hermit:Headshot"],"picked":"SKIP","floor":35.0},{"not_picked":["hermit:FatalDesire","hermit:HighNoon"],"picked":"hermit:DeadOrAlive","floor":37.0},{"not_picked":[],"picked":"hermit:Horror","floor":39.0},{"not_picked":[],"picked":"hermit:Headshot","floor":40.0},{"not_picked":["hermit:Cheat"],"picked":"SKIP","floor":42.0},{"not_picked":["hermit:HighCaliber"],"picked":"SKIP","floor":46.0},{"not_picked":[],"picked":"hermit:GhostlyPresence+1","floor":49.0},{"not_picked":["hermit:ItchyTrigger"],"picked":"SKIP","floor":52}],"player_experience":136922,"relics_obtained":[{"floor":9.0,"key":"Odd Mushroom"},{"floor":11.0,"key":"StuffTheSpire:CocoNut"},{"floor":14.0,"key":"MawBank"},{"floor":28.0,"key":"Shuriken"},{"floor":40.0,"key":"Durian"},{"floor":47.0,"key":"StuffTheSpire:Wildfire"}],"event_choices":[{"damage_healed":0.0,"max_hp_gain":0.0,"max_hp_loss":0.0,"gold_gain":0.0,"event_name":"Upgrade Shrine","player_choice":"Upgraded","floor":3.0,"gold_loss":0.0,"damage_taken":0.0,"cards_upgraded":["hermit:Quickdraw"]},{"damage_healed":0.0,"max_hp_gain":0.0,"max_hp_loss":0.0,"gold_gain":0.0,"event_name":"Mushrooms","player_choice":"Fought Mushrooms","floor":9.0,"gold_loss":0.0,"damage_taken":0.0},{"damage_healed":0.0,"max_hp_gain":0.0,"max_hp_loss":0.0,"gold_gain":0.0,"event_name":"Designer","player_choice":"Punched","floor":24.0,"gold_loss":0.0,"damage_taken":3.0},{"damage_healed":0.0,"max_hp_gain":0.0,"max_hp_loss":0.0,"gold_gain":228.0,"event_name":"betterSkull:BetterSkull","player_choice":"GO GO ","floor":30.0,"gold_loss":0.0,"damage_taken":20.0,"cards_upgraded":[],"relics_obtained":[]},{"damage_healed":0.0,"max_hp_gain":0.0,"max_hp_loss":0.0,"gold_gain":0.0,"event_name":"Mysterious Sphere","player_choice":"Fight","floor":40.0,"gold_loss":0.0,"damage_taken":0.0},{"cards_removed":["hermit:Headshot"],"damage_healed":0.0,"max_hp_gain":0.0,"max_hp_loss":0.0,"gold_gain":0.0,"event_name":"NoteForYourself","player_choice":"Took Card","floor":41.0,"gold_loss":0.0,"damage_taken":0.0,"cards_obtained":["Iron Wave"]},{"damage_healed":0.0,"max_hp_gain":0.0,"max_hp_loss":0.0,"gold_gain":275.0,"event_name":"Golden Shrine","player_choice":"Desecrate","floor":45.0,"gold_loss":0.0,"damage_taken":0.0,"cards_obtained":["Regret"]}],"is_beta":false,"boss_relics":[{"not_picked":["Sozu","Empty Cage","Honey Jar"]},{"not_picked":["Empty Cage","StuffTheSpire:RunicConfusion"],"picked":"Busted Crown"}],"items_purged_floors":[34],"is_endless":false,"potions_floor_spawned":[6,12,18,22,26,33,46,49,52],"killed_by":"infinitespire:MassOfShapes","ascension_level":0}}