{"host":"5qewjvycy34u7aeo","time":1614379897,"event":{"mods":["BaseMod","Curses Come First","Downfall","GifTheSpireLib","Infinite Spire","Minty Spire (QoL Compilation)","Permanent Neow","Replay The Spire","StSLib"],"gold_per_floor":[99,118,132,42,42,142,169,220,232,245,345,345,370,370,389,389,389,389],"floor_reached":16,"language":"ENG","playtime":1136,"items_purged":["Slimebound:Strike_Slimebound"],"score":138,"play_id":"656efa71-a0e5-4ae1-ad67-883ae5b57231","local_time":"20210226165137","is_ascension_mode":true,"campfire_choices":[{"data":"Slimebound:Split","floor":1,"key":"SMITH"}],"circlet_count":0,"master_deck":["Slimebound:Strike_Slimebound","Slimebound:Tackle","Slimebound:Defend_Slimebound","Slimebound:Defend_Slimebound","Slimebound:Split+1","Slimebound:CorrosiveSpit","Slimebound:SamplingLick","Slimebound:SplitSpecialist+1","Slimebound:RejuvenatingLick","Slimebound:Schlurp","infinitespire:Collect","Slimebound:MassRepurpose","Slimebound:LevelUp"],"relics":["bronze:MakeshiftBattery","Bag of Marbles","InkBottle","Replay:Mystery Machine"],"acts_visited":["Exordium"],"potions_floor_usage":[10,16,16,16],"damage_taken":[{"damage":0,"enemies":"Small Slimes","floor":2,"turns":3},{"damage":0,"enemies":"Jaw Worm","floor":3,"turns":3},{"damage":1,"enemies":"downfall:FleeingMerchant","floor":4,"turns":4},{"damage":23,"enemies":"downfall:Heads","floor":6,"turns":4},{"damage":0,"enemies":"2 Louse","floor":9,"turns":2},{"damage":0,"enemies":"Large Slime","floor":10,"turns":4},{"damage":0,"enemies":"Replay:BlueRogue","floor":13,"turns":4},{"damage":0,"enemies":"downfall:LooterAlt","floor":15,"turns":2},{"damage":25,"enemies":"IC_STATUS_ARCHETYPE","floor":16,"turns":4}],"seed_played":"6238551623873923269","potions_obtained":[{"floor":2,"key":"SkillPotion"},{"floor":9,"key":"Adrenaline Potion"},{"floor":10,"key":"Elixir"},{"floor":13,"key":"FearPotion"}],"is_trial":false,"path_per_floor":["R","M","M","$","?","?","T","T","M","M","?","?","E","?","M","B"],"character_chosen":"SLIMEBOUND","items_purchased":[],"campfire_rested":0,"item_purchase_floors":[],"current_hp_per_floor":[65,65,65,64,64,41,41,41,41,41,41,25,25,25,25,0,0,0],"gold":389,"neow_bonus":"BOSS_RELIC","is_daily":false,"chose_seed":false,"campfire_upgraded":1,"win_rate":0.0,"timestamp":1614379897,"path_taken":["R","M","M","$","?","?","T","?","M","?","?","?","E","?","M","BOSS"],"items_purchased_type":[],"build_version":"2020-12-22","purchased_purges":1,"victory":false,"max_hp_per_floor":[65,65,65,65,65,65,65,65,65,65,65,65,65,65,65,65,65,65],"card_choices":[{"not_picked":["Slimebound:LeechingTouch","Slimebound:GoopTackle"],"picked":"Slimebound:SamplingLick","floor":2},{"not_picked":["Slimebound:LeechingTouch","Slimebound:GoopSpray"],"picked":"Slimebound:SplitSpecialist","floor":3},{"not_picked":["Slimebound:DisruptingSlam","Slimebound:SlimeBarrage","Slimebound:SlimeBrawl"],"picked":"SKIP","floor":4},{"not_picked":["Slimebound:Nibble","Slimebound:MegaLick"],"picked":"Slimebound:Schlurp","floor":6},{"not_picked":["Slimebound:GoopSpray","Slimebound:SpikyOuterGoop","Slimebound:Prepare"],"picked":"SKIP","floor":9},{"not_picked":["Slimebound:ProtectTheBoss","Slimebound:RollThrough","Slimebound:FlameTackle"],"picked":"SKIP","floor":10},{"not_picked":["infinitespire:Starlight","infinitespire:Menacing"],"picked":"infinitespire:Collect","floor":12},{"not_picked":["Slimebound:LeadByExample","Slimebound:RejuvenatingLick"],"picked":"Slimebound:MassRepurpose","floor":13},{"not_picked":["Slimebound:Prepare","Slimebound:Schlurp"],"picked":"Slimebound:LevelUp","floor":15}],"player_experience":544207,"relics_obtained":[{"floor":8,"key":"Bag of Marbles"},{"floor":13,"key":"InkBottle"},{"floor":14,"key":"Replay:Mystery Machine"}],"event_choices":[],"is_beta":false,"boss_relics":[],"items_purged_floors":[4],"is_endless":false,"potions_floor_spawned":[2,9,10,13],"killed_by":"IC_STATUS_ARCHETYPE","ascension_level":2}}