{"host":"z37g2hkgkh2zjyzk","time":1614352862,"event":{"mods":["2.2 Compatiblity","AchievementEnabler","BaseMod","Bestiary","Colored Map","Colored Powertips","Curses Come First","Highlight Path","Keyboard Shortcuts","Minty Spire (QoL Compilation)","Relic Stats","StSLib","SuperFastMode"],"gold_per_floor":[364,117,130,30,42,42,52,78,78,78,78,0,0,35,35,133,133,153,153,153,170,188,188,218,218,290,290,290,389,389,402,402,504,504,516,535,589,107,107,107,142,142,142,170,170,170,32,32,32,32,32,32,32,32,32],"floor_reached":54,"language":"ENG","playtime":5470,"items_purged":["Strike_R","Strike_R"],"score":1062,"play_id":"4f300d97-6899-41cd-a321-b4445e83e3bf","local_time":"20210226162102","is_ascension_mode":true,"campfire_choices":[{"data":"Bash","floor":6,"key":"SMITH"},{"data":"Flex","floor":10,"key":"SMITH"},{"data":"Rampage","floor":13,"key":"SMITH"},{"data":"Uppercut","floor":15,"key":"SMITH"},{"floor":23,"key":"REST"},{"data":"Feed","floor":25,"key":"SMITH"},{"data":"Double Tap","floor":27,"key":"SMITH"},{"data":"Bite","floor":30,"key":"SMITH"},{"data":"Bite","floor":32,"key":"SMITH"},{"floor":40,"key":"REST"},{"data":"Blind","floor":42,"key":"SMITH"},{"floor":46,"key":"RECALL"},{"data":"Barricade","floor":49,"key":"SMITH"},{"floor":52,"key":"REST"}],"circlet_count":0,"master_deck":["Defend_R+1","Defend_R","Defend_R","Defend_R","Bash+1","Iron Wave","Wild Strike","Rampage+1","Flex+1","Double Tap+1","Whirlwind","Uppercut+1","Feed+1","Headbutt","Heavy Blade+1","Reaper","Bite+1","Bite+1","Bite","Bite","Bite","Barricade+1","Burning Pact","Entrench+1","Blind+1","Metallicize+1","Apotheosis+1","Metallicize+1"],"relics":["Burning Blood","ClockworkSouvenir","Centennial Puzzle","White Beast Statue","Thread and Needle","Philosopher\u0027s Stone","Nilry\u0027s Codex","Juzu Bracelet","The Courier","Snecko Eye","Du-Vu Doll","Strange Spoon","Oddly Smooth Stone","Orichalcum","War Paint","Potion Belt","Toxic Egg 2"],"acts_visited":["Exordium","TheCity","TheBeyond","TheEnding"],"potions_floor_usage":[14,16,16,24,28,33,33,33,33,35,36,37,37,44,50,54],"damage_taken":[{"damage":10,"enemies":"Cultist","floor":1,"turns":5},{"damage":4,"enemies":"Jaw Worm","floor":3,"turns":4},{"damage":3,"enemies":"Small Slimes","floor":5,"turns":4},{"damage":6,"enemies":"Blue Slaver","floor":7,"turns":4},{"damage":11,"enemies":"Gremlin Nob","floor":8,"turns":3},{"damage":10,"enemies":"3 Sentries","floor":14,"turns":3},{"damage":1,"enemies":"The Guardian","floor":16,"turns":8},{"damage":3,"enemies":"Shell Parasite","floor":18,"turns":3},{"damage":8,"enemies":"Spheric Guardian","floor":21,"turns":3},{"damage":6,"enemies":"Cultist and Chosen","floor":22,"turns":2},{"damage":29,"enemies":"Book of Stabbing","floor":24,"turns":4},{"damage":3,"enemies":"Shelled Parasite and Fungi","floor":31,"turns":4},{"damage":41,"enemies":"Automaton","floor":33,"turns":6},{"damage":12,"enemies":"3 Darklings","floor":35,"turns":3},{"damage":16,"enemies":"3 Shapes","floor":36,"turns":5},{"damage":54,"enemies":"2 Orb Walkers","floor":37,"turns":5},{"damage":20,"enemies":"Reptomancer","floor":41,"turns":4},{"damage":4,"enemies":"Nemesis","floor":44,"turns":7},{"damage":112,"enemies":"Awakened One","floor":50,"turns":11},{"damage":104,"enemies":"Shield and Spear","floor":54,"turns":5}],"seed_played":"399232536882192600","potions_obtained":[{"floor":3,"key":"Energy Potion"},{"floor":7,"key":"SmokeBomb"},{"floor":8,"key":"Block Potion"},{"floor":14,"key":"ColorlessPotion"},{"floor":16,"key":"EntropicBrew"},{"floor":18,"key":"LiquidBronze"},{"floor":21,"key":"SpeedPotion"},{"floor":22,"key":"Fruit Juice"},{"floor":24,"key":"Fire Potion"},{"floor":31,"key":"LiquidBronze"},{"floor":33,"key":"EssenceOfSteel"},{"floor":35,"key":"Block Potion"},{"floor":36,"key":"SkillPotion"},{"floor":37,"key":"CultistPotion"},{"floor":41,"key":"BlessingOfTheForge"},{"floor":44,"key":"Dexterity Potion"}],"is_trial":false,"path_per_floor":["M","$","M","$","M","R","M","E","T","R","?","$","R","E","R","B",null,"M","?","?","M","M","R","E","R","T","R","?","?","R","M","R","B",null,"M","M","?","$","?","R","E","R","T","E","?","R","$","?","R","B",null,"R","$","E"],"character_chosen":"IRONCLAD","items_purchased":["Wild Strike","ClockworkSouvenir","Whirlwind","Strange Spoon","Oddly Smooth Stone","Orichalcum","War Paint","Apotheosis+1"],"campfire_rested":3,"item_purchase_floors":[2,2,12,38,38,38,38,47],"current_hp_per_floor":[68,68,70,70,72,72,72,67,67,67,72,72,72,68,68,73,76,80,64,49,47,47,72,49,49,49,49,54,54,54,68,68,45,62,68,66,29,29,29,51,60,60,60,76,76,76,76,76,76,34,72,84,84,0,0],"gold":32,"neow_bonus":"TWO_FIFTY_GOLD","is_daily":false,"chose_seed":false,"campfire_upgraded":10,"win_rate":0.0,"timestamp":1614352862,"path_taken":["M","?","M","$","M","R","M","E","T","R","?","$","R","E","R","BOSS","M","?","?","M","?","R","E","R","T","R","?","?","R","M","R","BOSS","M","M","?","$","?","R","E","R","T","E","?","R","$","?","R","BOSS","R","$","E"],"items_purchased_type":["Card","Relic","Card","Relic","Relic","Relic","Relic","Card"],"build_version":"2020-12-22","purchased_purges":2,"victory":false,"max_hp_per_floor":[72,72,72,72,72,72,72,72,72,72,77,77,77,77,77,77,77,80,80,85,85,85,85,85,85,85,85,64,64,64,68,68,68,68,68,72,76,76,76,76,76,76,76,76,76,76,76,76,76,84,84,84,84,84,84],"relic_stats":{"Strange Spoon":[4],"Centennial Puzzle":[45],"counters":[20,93],"Snecko Eye":[70,76,84,61],"Juzu Bracelet":1,"Orichalcum":[48],"War Paint":["Entrench","Defend_R"],"obtain_stats":[{"Potion Belt":41,"Nilry\u0027s Codex":19,"Oddly Smooth Stone":38,"Thread and Needle":14,"The Courier":26,"Juzu Bracelet":24,"Orichalcum":38,"War Paint":38,"Burning Blood":0,"White Beast Statue":9,"ClockworkSouvenir":2,"Du-Vu Doll":37,"Strange Spoon":38,"Centennial Puzzle":8,"Snecko Eye":34,"Philosopher\u0027s Stone":17,"Toxic Egg 2":44},{"Potion Belt":17,"Nilry\u0027s Codex":8,"Oddly Smooth Stone":16,"Thread and Needle":6,"The Courier":11,"Juzu Bracelet":11,"Orichalcum":16,"War Paint":16,"Burning Blood":0,"White Beast Statue":5,"ClockworkSouvenir":1,"Du-Vu Doll":16,"Strange Spoon":16,"Centennial Puzzle":5,"Snecko Eye":13,"Philosopher\u0027s Stone":7,"Toxic Egg 2":18},{"Potion Belt":70,"Nilry\u0027s Codex":34,"Oddly Smooth Stone":66,"Thread and Needle":23,"The Courier":43,"Juzu Bracelet":43,"Orichalcum":66,"War Paint":66,"Burning Blood":0,"White Beast Statue":20,"ClockworkSouvenir":5,"Du-Vu Doll":66,"Strange Spoon":66,"Centennial Puzzle":20,"Snecko Eye":53,"Philosopher\u0027s Stone":31,"Toxic Egg 2":77}],"Burning Blood":101},"card_choices":[{"not_picked":["Havoc","Searing Blow"],"picked":"Iron Wave","floor":1},{"not_picked":["Shrug It Off","Anger"],"picked":"Wild Strike","floor":3},{"not_picked":["Headbutt","Entrench"],"picked":"Rampage","floor":5},{"not_picked":["Uppercut","Havoc"],"picked":"Flex","floor":7},{"not_picked":["Reckless Charge","Havoc"],"picked":"Double Tap","floor":8},{"not_picked":["Perfected Strike","Wild Strike"],"picked":"Uppercut","floor":14},{"not_picked":["Fiend Fire","Berserk"],"picked":"Feed","floor":16},{"not_picked":["Flex+1","Sentinel","Whirlwind"],"picked":"SKIP","floor":18},{"not_picked":["Dropkick+1","Armaments"],"picked":"Headbutt","floor":21},{"not_picked":["Combust+1","Intimidate+1"],"picked":"Heavy Blade+1","floor":22},{"not_picked":["Searing Blow","Anger"],"picked":"Reaper","floor":24},{"not_picked":["Carnage","Heavy Blade","Cleave"],"picked":"SKIP","floor":31},{"not_picked":["Fiend Fire","Immolate"],"picked":"Barricade","floor":33},{"not_picked":["Wild Strike+1","Whirlwind","Havoc+1"],"picked":"SKIP","floor":35},{"not_picked":["Feel No Pain","Clash"],"picked":"Burning Pact","floor":36},{"not_picked":["Flex","Havoc+1"],"picked":"Entrench","floor":37},{"not_picked":["Impatience","Deep Breath"],"picked":"Blind","floor":39},{"not_picked":["True Grit+1","Shrug It Off"],"picked":"Metallicize+1","floor":41},{"not_picked":["Havoc+1","Armaments+1","Fire Breathing+1"],"picked":"SKIP","floor":44}],"player_experience":297122,"relics_obtained":[{"floor":8,"key":"Centennial Puzzle"},{"floor":9,"key":"White Beast Statue"},{"floor":14,"key":"Thread and Needle"},{"floor":19,"key":"Nilry\u0027s Codex"},{"floor":24,"key":"Juzu Bracelet"},{"floor":26,"key":"The Courier"},{"floor":37,"key":"Du-Vu Doll"},{"floor":41,"key":"Potion Belt"},{"floor":44,"key":"Toxic Egg 2"}],"event_choices":[{"damage_healed":0,"gold_gain":0,"player_choice":"Donut","damage_taken":0,"max_hp_gain":5,"max_hp_loss":0,"event_name":"Big Fish","floor":11,"gold_loss":0},{"damage_healed":0,"gold_gain":0,"player_choice":"Obtained Book","damage_taken":16,"max_hp_gain":0,"max_hp_loss":0,"event_name":"Cursed Tome","floor":19,"gold_loss":0},{"damage_healed":0,"gold_gain":0,"player_choice":"Shed Blood","damage_taken":20,"max_hp_gain":5,"max_hp_loss":0,"event_name":"Forgotten Altar","floor":20,"gold_loss":0},{"damage_healed":0,"gold_gain":0,"player_choice":"Became a vampire","damage_taken":0,"max_hp_gain":0,"max_hp_loss":26,"event_name":"Vampires","floor":28,"gold_loss":0,"cards_obtained":["Bite","Bite","Bite","Bite","Bite"]},{"damage_healed":0,"gold_gain":99,"player_choice":"Stole From Cult","damage_taken":0,"max_hp_gain":0,"max_hp_loss":0,"event_name":"Nest","floor":29,"gold_loss":0},{"damage_healed":0,"gold_gain":0,"player_choice":"Fight","damage_taken":0,"max_hp_gain":0,"max_hp_loss":0,"event_name":"Mysterious Sphere","floor":37,"gold_loss":0},{"damage_healed":0,"gold_gain":0,"player_choice":"Memory 1","damage_taken":0,"max_hp_gain":0,"max_hp_loss":0,"event_name":"SensoryStone","floor":39,"gold_loss":0},{"cards_removed":["Wild Strike"],"damage_healed":0,"gold_gain":0,"player_choice":"Removed Attack","damage_taken":0,"max_hp_gain":0,"max_hp_loss":0,"event_name":"Falling","floor":45,"gold_loss":0},{"damage_healed":0,"gold_gain":0,"player_choice":"Copied","damage_taken":0,"max_hp_gain":0,"max_hp_loss":0,"event_name":"Duplicator","floor":48,"gold_loss":0,"cards_obtained":["Metallicize"]}],"is_beta":false,"boss_relics":[{"not_picked":["SlaversCollar","Astrolabe"],"picked":"Philosopher\u0027s Stone"},{"not_picked":["Fusion Hammer","Pandora\u0027s Box"],"picked":"Snecko Eye"}],"items_purged_floors":[2,4],"is_endless":false,"potions_floor_spawned":[3,7,8,14,16,18,21,22,24,31,33,35,36,37,41,44],"killed_by":"Shield and Spear","ascension_level":9}}