{"host":"adt9pv9dmmkchns7","time":1614369229,"event":{"mods":["AchievementEnabler","Aspiration","BaseMod","Beaked The Cultist","Better Third Choice","Curses Come First","Energized Spire","Minty Spire (QoL Compilation)","Permanent Neow","Potionbrewer","Quick Restart","Reliquary","Replay The Spire","Robot Space Explorer","Shade Mod","Spicy Shops","StSLib","The Blackbeard","The Cursed","The Forsaken","The Gatherer","The Necromancer","Wandering Minibosses"],"gold_per_floor":[16,29,48,127,140,169,181,193,230,271,283,322,334,421,433,548,560,609,659,671,671],"floor_reached":20,"language":"ENG","playtime":1778,"items_purged":[],"score":233,"play_id":"b6a669e1-b8f1-47f6-9497-af0cf6fa64d9","local_time":"20210226205349","is_ascension_mode":true,"campfire_choices":[{"floor":7,"key":"RECALL"},{"floor":11,"key":"REST"},{"data":"Bash","floor":13,"key":"SMITH"},{"data":"ReplayReversal","floor":15,"key":"SMITH"}],"circlet_count":0,"master_deck":["Strike_R","Strike_R","Strike_R","Strike_R","Strike_R","Defend_R","Defend_R","Defend_R","Defend_R","Bash+1","Poisoned Strike","Cleave","ReplayReversal+1","Power Through","Disarm","Shrug It Off","Anger","Sentinel","Pummel","Berserk","Pummel","Shrug It Off"],"relics":["Burning Blood","MawBank","ReplayTheSpireMod:Lightbulb","aspiration:DSix","Pen Nib","energizedSpire:MagnifyingGlass"],"acts_visited":["Exordium","TheCity"],"potions_floor_usage":[4,4,6,18],"damage_taken":[{"damage":18,"enemies":"Small Slimes","floor":1,"turns":4},{"damage":4,"enemies":"Jaw Worm","floor":2,"turns":4},{"damage":5,"enemies":"Cultist","floor":3,"turns":4},{"damage":4,"enemies":"Exordium Wildlife","floor":4,"turns":6},{"damage":12,"enemies":"Blue Slaver","floor":5,"turns":5},{"damage":18,"enemies":"Lagavulin","floor":6,"turns":7},{"damage":10,"enemies":"Gremlin Nob","floor":10,"turns":4},{"damage":7,"enemies":"Lagavulin","floor":12,"turns":7},{"damage":38,"enemies":"Slime Boss","floor":16,"turns":9},{"damage":11,"enemies":"3 Byrds","floor":18,"turns":8},{"damage":45,"enemies":"Chosen","floor":19,"turns":8},{"damage":36,"enemies":"Snake Plant","floor":20,"turns":5}],"seed_played":"-2656709305165365837","potions_obtained":[{"floor":1,"key":"Strength Potion"},{"floor":2,"key":"potionbrewer:StunPotion"},{"floor":3,"key":"Fire Potion"},{"floor":16,"key":"CultistPotion"}],"is_trial":false,"path_per_floor":["M","M","M","M","M","E","R","?","T","E","R","E","R","?","R","B",null,"M","M","M"],"character_chosen":"IRONCLAD","items_purchased":[],"campfire_rested":1,"item_purchase_floors":[],"current_hp_per_floor":[68,70,71,73,67,55,55,30,30,26,50,49,49,41,41,9,80,75,36,0,0],"gold":671,"neow_bonus":"RANDOM_COLORLESS_2","is_daily":false,"chose_seed":false,"campfire_upgraded":2,"win_rate":0.0,"timestamp":1614369229,"path_taken":["M","M","M","M","M","E","R","?","T","E","R","E","R","?","R","BOSS","M","M","?"],"items_purchased_type":[],"build_version":"2020-12-22","purchased_purges":0,"victory":false,"max_hp_per_floor":[80,80,80,80,80,80,80,80,80,80,80,80,80,80,80,80,80,80,80,80,80],"card_choices":[{"not_picked":["The Bomb","Chrysalis"],"picked":"Poisoned Strike","floor":0},{"not_picked":["Entrench","Sever Soul"],"picked":"Cleave","floor":1},{"not_picked":["True Grit","Headbutt"],"picked":"ReplayReversal","floor":2},{"not_picked":["Combust","Perfected Strike"],"picked":"Power Through","floor":3},{"not_picked":["Sword Boomerang","Headbutt"],"picked":"Disarm","floor":4},{"not_picked":["Headbutt","Searing Blow"],"picked":"Shrug It Off","floor":5},{"not_picked":["Immolate","Searing Blow"],"picked":"Anger","floor":6},{"not_picked":["ReplayTheSpireMod:LeadingStrike","Massacre"],"picked":"Sentinel","floor":10},{"not_picked":["Massacre","Blood for Blood"],"picked":"Pummel","floor":12},{"not_picked":["Demonic Infusion","Juggernaut"],"picked":"Berserk","floor":16},{"not_picked":["Havoc","Abandon+1"],"picked":"Pummel","floor":18},{"not_picked":["True Grit","Body Slam+1"],"picked":"Shrug It Off","floor":19}],"player_experience":1024147,"relics_obtained":[{"floor":6,"key":"MawBank"},{"floor":10,"key":"aspiration:DSix"},{"floor":12,"key":"Pen Nib"}],"event_choices":[{"damage_healed":0,"gold_gain":1,"player_choice":"Relic ","damage_taken":25,"max_hp_gain":0,"max_hp_loss":0,"event_name":"betterThird:BetterScrap","floor":8,"gold_loss":0,"cards_obtained":["WaveOfTheHand"]},{"damage_healed":0,"gold_gain":75,"player_choice":"Touch","damage_taken":8,"max_hp_gain":0,"max_hp_loss":0,"event_name":"FaceTrader","floor":14,"gold_loss":0}],"is_beta":false,"boss_relics":[{"not_picked":["reliquary:RedCape","Runic Cube"],"picked":"energizedSpire:MagnifyingGlass"}],"items_purged_floors":[],"is_endless":false,"potions_floor_spawned":[1,2,3,16],"killed_by":"Snake Plant","ascension_level":4}}