{"host":"70zhvo5nwrhp1mbg","time":1614320746,"event":{"mods":["AchievementEnabler","BaseMod","Bestiary","Colored Map","Colored Powertips","Minty Spire (QoL Compilation)","Rare Cards Sparkle","Relic Stats","StSLib","ojb\u0027s Better Paths Mod","ojb\u0027s Info Mod: The sequel"],"gold_per_floor":[114,129,129,129,147,181,181,217,264,31,54,95,95,111,111,207,207,222,241,241,260,280,280,305,305,356,390,390,14,14,55,55,55,55],"floor_reached":33,"language":"ENG","playtime":1782,"items_purged":["Strike_R","Strike_R"],"score":620,"play_id":"7993c31f-37e4-4d89-bdbd-772f7469ff6a","local_time":"20210226012546","is_ascension_mode":true,"campfire_choices":[{"floor":7,"key":"REST"},{"data":"Rupture","floor":13,"key":"SMITH"},{"data":"Whirlwind","floor":15,"key":"SMITH"},{"floor":23,"key":"REST"},{"data":"Body Slam","floor":25,"key":"SMITH"},{"data":"Armaments","floor":30,"key":"SMITH"},{"data":"True Grit","floor":32,"key":"SMITH"}],"circlet_count":0,"master_deck":["AscendersBane","Strike_R","Strike_R","Strike_R","Defend_R","Defend_R","Defend_R","Defend_R","Bash","Perfected Strike","Whirlwind+1","Combust","Impervious","Shockwave","Headbutt","Rupture+1","Rampage","Fiend Fire","Body Slam+1","Fire Breathing","Second Wind","Armaments+1","True Grit+1","Pummel"],"relics":["Burning Blood","Golden Idol","Meat on the Bone","Orichalcum","Lantern","Akabeko","Strawberry","Mark of Pain","Regal Pillow","Juzu Bracelet","Lee\u0027s Waffle","Happy Flower"],"acts_visited":["Exordium","TheCity"],"potions_floor_usage":[2,8,11,16,19,27,31],"damage_taken":[{"damage":10,"enemies":"Small Slimes","floor":1,"turns":3},{"damage":1,"enemies":"Cultist","floor":2,"turns":3},{"damage":0,"enemies":"2 Louse","floor":5,"turns":1},{"damage":56,"enemies":"Gremlin Nob","floor":6,"turns":5},{"damage":25,"enemies":"3 Sentries","floor":8,"turns":5},{"damage":6,"enemies":"Exordium Thugs","floor":11,"turns":4},{"damage":17,"enemies":"Lagavulin","floor":12,"turns":5},{"damage":6,"enemies":"Red Slaver","floor":14,"turns":5},{"damage":44,"enemies":"Slime Boss","floor":16,"turns":10},{"damage":15,"enemies":"Shell Parasite","floor":18,"turns":2},{"damage":15,"enemies":"3 Byrds","floor":19,"turns":5},{"damage":16,"enemies":"3 Cultists","floor":21,"turns":5},{"damage":42,"enemies":"Snake Plant","floor":22,"turns":5},{"damage":0,"enemies":"Cultist and Chosen","floor":24,"turns":3},{"damage":58,"enemies":"Slavers","floor":27,"turns":4},{"damage":54,"enemies":"Gremlin Leader","floor":31,"turns":7},{"damage":72,"enemies":"Collector","floor":33,"turns":7}],"seed_played":"-4817713510282467746","potions_obtained":[{"floor":1,"key":"SkillPotion"},{"floor":6,"key":"Strength Potion"},{"floor":8,"key":"Energy Potion"},{"floor":14,"key":"LiquidMemories"},{"floor":18,"key":"EssenceOfSteel"},{"floor":22,"key":"ColorlessPotion"}],"is_trial":false,"path_per_floor":["M","M","?","?","M","E","R","E","T","$","M","E","R","M","R","B",null,"M","M","?","M","M","R","M","R","T","E","?","$","R","E","R","B"],"character_chosen":"IRONCLAD","items_purchased":["Akabeko","Lee\u0027s Waffle","True Grit","Dexterity Potion"],"campfire_rested":2,"item_purchase_floors":[10,29,29,29],"current_hp_per_floor":[71,76,76,76,82,32,56,49,49,49,49,57,57,57,57,31,75,66,57,57,59,35,61,67,67,67,27,21,96,96,60,60,0,0],"gold":55,"neow_bonus":"TEN_PERCENT_HP_BONUS","is_daily":false,"chose_seed":false,"campfire_upgraded":5,"win_rate":0.0,"timestamp":1614320746,"path_taken":["M","M","?","?","M","E","R","E","T","$","?","E","R","M","R","BOSS","M","?","?","M","M","R","M","R","T","E","?","$","R","E","R","BOSS"],"items_purchased_type":["Relic","Relic","Card","Potion"],"build_version":"2020-12-22","purchased_purges":2,"victory":false,"max_hp_per_floor":[82,82,82,82,82,82,82,82,82,82,82,89,89,89,89,89,89,89,89,89,89,89,89,89,89,89,89,89,96,96,96,96,96,96],"relic_stats":{"Regal Pillow":0,"Lee\u0027s Waffle":75,"Happy Flower":[2],"counters":[17,79],"Golden Idol":88,"Juzu Bracelet":0,"Orichalcum":[168],"obtain_stats":[{"Lantern":9,"Regal Pillow":26,"Lee\u0027s Waffle":29,"Happy Flower":31,"Golden Idol":3,"Strawberry":12,"Mark of Pain":17,"Juzu Bracelet":27,"Orichalcum":8,"Burning Blood":0,"Akabeko":10,"Meat on the Bone":6},{"Lantern":5,"Regal Pillow":14,"Lee\u0027s Waffle":15,"Happy Flower":16,"Golden Idol":2,"Strawberry":7,"Mark of Pain":9,"Juzu Bracelet":15,"Orichalcum":5,"Burning Blood":0,"Akabeko":5,"Meat on the Bone":4},{"Lantern":17,"Regal Pillow":61,"Lee\u0027s Waffle":65,"Happy Flower":72,"Golden Idol":6,"Strawberry":26,"Mark of Pain":41,"Juzu Bracelet":65,"Orichalcum":17,"Burning Blood":0,"Akabeko":17,"Meat on the Bone":12}],"Burning Blood":96,"Meat on the Bone":84},"card_choices":[{"not_picked":["Evolve","Pommel Strike"],"picked":"Perfected Strike","floor":1},{"not_picked":["Power Through","Perfected Strike"],"picked":"Whirlwind","floor":2},{"not_picked":["Metallicize","Body Slam"],"picked":"Combust","floor":5},{"not_picked":["Seeing Red","Entrench"],"picked":"Impervious","floor":6},{"not_picked":["Heavy Blade","Carnage"],"picked":"Shockwave","floor":8},{"not_picked":["Ghostly Armor","Whirlwind"],"picked":"Headbutt","floor":11},{"not_picked":["Warcry","Second Wind"],"picked":"Rupture","floor":12},{"not_picked":["Sword Boomerang","Bludgeon"],"picked":"Rampage","floor":14},{"not_picked":["Offering","Double Tap"],"picked":"Fiend Fire","floor":16},{"not_picked":["Thunderclap","Power Through"],"picked":"Body Slam","floor":18},{"not_picked":["Inflame","Burning Pact"],"picked":"Fire Breathing","floor":19},{"not_picked":["Searing Blow","Heavy Blade","Wild Strike"],"picked":"SKIP","floor":21},{"not_picked":["Heavy Blade","Combust"],"picked":"Second Wind","floor":22},{"not_picked":["Heavy Blade","Burning Pact","Carnage"],"picked":"SKIP","floor":24},{"not_picked":["Sword Boomerang","Wild Strike"],"picked":"Armaments","floor":27},{"not_picked":["Power Through","True Grit"],"picked":"Pummel","floor":31}],"player_experience":736516,"relics_obtained":[{"floor":6,"key":"Meat on the Bone"},{"floor":8,"key":"Orichalcum"},{"floor":9,"key":"Lantern"},{"floor":12,"key":"Strawberry"},{"floor":26,"key":"Regal Pillow"},{"floor":27,"key":"Juzu Bracelet"},{"floor":31,"key":"Happy Flower"}],"event_choices":[{"damage_healed":0,"gold_gain":0,"player_choice":"Take Wound","damage_taken":0,"relics_obtained":["Golden Idol"],"max_hp_gain":0,"max_hp_loss":0,"event_name":"Golden Idol","floor":3,"gold_loss":0,"cards_obtained":["Injury"]},{"cards_removed":["Injury"],"damage_healed":0,"gold_gain":0,"player_choice":"Purged","damage_taken":0,"max_hp_gain":0,"max_hp_loss":0,"event_name":"Purifier","floor":4,"gold_loss":0},{"damage_healed":0,"gold_gain":0,"player_choice":"Ignored","damage_taken":0,"max_hp_gain":0,"max_hp_loss":0,"event_name":"The Mausoleum","floor":20,"gold_loss":0},{"damage_healed":0,"gold_gain":0,"player_choice":"","damage_taken":6,"max_hp_gain":0,"max_hp_loss":0,"event_name":"Knowing Skull","floor":28,"potions_obtained":[],"gold_loss":0,"cards_obtained":[]}],"is_beta":false,"boss_relics":[{"not_picked":["Empty Cage","Ectoplasm"],"picked":"Mark of Pain"}],"items_purged_floors":[10,29],"is_endless":false,"potions_floor_spawned":[1,6,8,14,18,22],"killed_by":"Collector","ascension_level":19}}