{"host":"onfdonezo2qmaex3","time":1614368663,"event":{"mods":["2.2 Compatiblity","AchievementEnabler","Act Like it!","Aspiration","Bard","BaseMod","Colored Powertips","Downfall","Elementarium","Friendly Minions","Gensokyo","Hallownest","Hermit","Highlight Path","Jorbs\u0027s Wanderer Trilogy","Marisa????????","Marked Mod","Menagerie","Minty Spire (QoL Compilation)","Pale of the Ancients","Permanent Neow","Quick Restart","Reliquary","Ruina","Shop Mod","StSLib","The Bug Knight","The Disciple","The Hayseed","The Hierophant","The Marked","The Runesmith"],"gold_per_floor":[112,112,112,112,132,176,192,192,192],"floor_reached":8,"language":"ENG","playtime":368,"items_purged":[],"score":58,"play_id":"51aedd22-3cd0-4c05-bcf5-10a948fb2c42","local_time":"20210226204423","is_ascension_mode":true,"campfire_choices":[],"circlet_count":0,"master_deck":["Strike_R","Strike_R","Strike_R","Strike_R","Defend_R","Defend_R","Defend_R","Bash","Menagerie:Languish","Menagerie:DarkRitual","Menagerie:LightningBolt"],"relics":["Empty Cage","Golden Idol","reliquary:RoseTintedGlasses"],"acts_visited":["Menagerie:Menagerie"],"potions_floor_usage":[6,8],"damage_taken":[{"damage":1,"enemies":"Menagerie:WhisperingWraith","floor":1,"turns":4},{"damage":0,"enemies":"Menagerie:2_RABBITS","floor":5,"turns":2},{"damage":35,"enemies":"Menagerie:VoidReaper","floor":6,"turns":6},{"damage":0,"enemies":"Menagerie:StygianBoar","floor":7,"turns":2},{"damage":19,"enemies":"Menagerie:MaskedSummoner","floor":8,"turns":7}],"seed_played":"3398356408908417947","potions_obtained":[{"floor":1,"key":"BlessingOfTheForge"},{"floor":6,"key":"EssenceOfSteel"}],"is_trial":false,"path_per_floor":["M","?","?","?","M","E","M","E"],"character_chosen":"IRONCLAD","items_purchased":[],"campfire_rested":0,"item_purchase_floors":[],"current_hp_per_floor":[79,59,59,59,59,24,24,5,5],"gold":192,"neow_bonus":"BOSS_RELIC","is_daily":false,"chose_seed":false,"campfire_upgraded":0,"win_rate":0.0,"timestamp":1614368663,"path_taken":["M","?","?","?","M","E","M","E"],"items_purchased_type":[],"build_version":"2020-12-22","purchased_purges":0,"victory":false,"max_hp_per_floor":[80,80,72,72,72,72,72,72,72],"card_choices":[{"not_picked":["Infernal Blade","Disarm","Dropkick"],"picked":"SKIP","floor":1},{"not_picked":["Menagerie:Tinker","Menagerie:CrumblingSanctuary"],"picked":"Menagerie:Languish","floor":3},{"not_picked":["Menagerie:Dismember","Menagerie:CrumblingSanctuary"],"picked":"Menagerie:DarkRitual","floor":3},{"not_picked":["Menagerie:Dismember","Menagerie:LightningHelix"],"picked":"Menagerie:LightningBolt","floor":3},{"not_picked":["Carnage","True Grit","Pommel Strike"],"picked":"SKIP","floor":5},{"not_picked":["Rupture","Cleave","Flex"],"picked":"SKIP","floor":6},{"not_picked":["Pommel Strike","Seeing Red","Searing Blow"],"picked":"SKIP","floor":7}],"player_experience":250469,"relics_obtained":[{"floor":6,"key":"reliquary:RoseTintedGlasses"}],"event_choices":[{"damage_healed":0,"gold_gain":0,"player_choice":"Take Damage","damage_taken":20,"relics_obtained":["Golden Idol"],"max_hp_gain":0,"max_hp_loss":0,"event_name":"Golden Idol","floor":2,"gold_loss":0},{"damage_healed":0,"gold_gain":0,"player_choice":"Read","damage_taken":0,"max_hp_gain":0,"max_hp_loss":8,"event_name":"Menagerie:OvergrownLibrary","floor":3,"gold_loss":0,"cards_obtained":["Doubt"]},{"cards_removed":["Doubt"],"damage_healed":0,"gold_gain":0,"player_choice":"Snake","damage_taken":0,"max_hp_gain":0,"max_hp_loss":0,"event_name":"Menagerie:ThreeAnimals","floor":4,"gold_loss":0}],"is_beta":false,"boss_relics":[],"items_purged_floors":[],"is_endless":false,"potions_floor_spawned":[1,6],"killed_by":"Menagerie:MaskedSummoner","ascension_level":1}}