{"host":"lwys0gbp6t40j7jh","time":1614337868,"event":{"mods":["BaseMod","Minty Spire (QoL Compilation)","StSLib","SuperFastMode"],"gold_per_floor":[111,126,25,40,58,88,13,13,13,340,415,429,429,458,458,557,557,573,584,584,584,595,446,446,456,456,456,42,42,55,86,86,185,185,203,222,238,34,134,134,134],"floor_reached":40,"language":"ENG","playtime":811,"items_purged":["Strike_P","Defend_P","Strike_P","Strike_P"],"score":519,"play_id":"eec634de-be78-4181-86e3-1b2dc2bb292b","local_time":"20210226121108","is_ascension_mode":true,"campfire_choices":[{"data":"Eruption","floor":8,"key":"SMITH"},{"floor":13,"key":"REST"},{"data":"Tantrum","floor":15,"key":"SMITH"},{"floor":24,"key":"REST"},{"data":"Devotion","floor":27,"key":"SMITH"},{"data":"TalkToTheHand","floor":29,"key":"SMITH"},{"floor":32,"key":"REST"}],"circlet_count":0,"master_deck":["Strike_P","Defend_P","Defend_P","Defend_P","Eruption+1","Vigilance","FollowUp","TalkToTheHand+1","FlyingSleeves","Tantrum+1","FollowUp","Devotion+1","FearNoEvil","BowlingBash","Brilliance","Evaluate","Halt+1","Halt","Pray+1","Prostrate+1","FollowUp+1","FlyingSleeves"],"relics":["PureWater","Letter Opener","Old Coin","Darkstone Periapt","MutagenicStrength","Ornamental Fan","Kunai","Centennial Puzzle","Philosopher\u0027s Stone"],"acts_visited":["Exordium","TheCity","TheBeyond"],"potions_floor_usage":[4,10,16,22,30,33,37,40],"damage_taken":[{"damage":2,"enemies":"Small Slimes","floor":1,"turns":4},{"damage":7,"enemies":"Jaw Worm","floor":2,"turns":4},{"damage":0,"enemies":"Cultist","floor":4,"turns":3},{"damage":0,"enemies":"Large Slime","floor":5,"turns":3},{"damage":0,"enemies":"Gremlin Nob","floor":6,"turns":2},{"damage":12,"enemies":"3 Sentries","floor":10,"turns":5},{"damage":19,"enemies":"Lots of Slimes","floor":12,"turns":2},{"damage":10,"enemies":"Gremlin Nob","floor":14,"turns":3},{"damage":23,"enemies":"Hexaghost","floor":16,"turns":8},{"damage":4,"enemies":"Shell Parasite","floor":18,"turns":4},{"damage":1,"enemies":"3 Byrds","floor":19,"turns":3},{"damage":44,"enemies":"Snake Plant","floor":22,"turns":6},{"damage":0,"enemies":"Chosen and Byrds","floor":25,"turns":3},{"damage":0,"enemies":"3 Cultists","floor":30,"turns":3},{"damage":41,"enemies":"Gremlin Leader","floor":31,"turns":4},{"damage":21,"enemies":"Collector","floor":33,"turns":6},{"damage":0,"enemies":"Orb Walker","floor":35,"turns":4},{"damage":23,"enemies":"3 Darklings","floor":36,"turns":4},{"damage":77,"enemies":"Writhing Mass","floor":37,"turns":4},{"damage":97,"enemies":"Nemesis","floor":40,"turns":6}],"seed_played":"3616622181865853057","potions_obtained":[{"floor":4,"key":"Fruit Juice"},{"floor":6,"key":"SkillPotion"},{"floor":10,"key":"FairyPotion"},{"floor":14,"key":"FearPotion"},{"floor":16,"key":"GamblersBrew"},{"floor":22,"key":"Swift Potion"},{"floor":30,"key":"Ancient Potion"},{"floor":31,"key":"Block Potion"},{"floor":33,"key":"AttackPotion"},{"floor":37,"key":"Regen Potion"}],"is_trial":false,"path_per_floor":["M","M","$","M","M","E","$","R","T","E","?","M","R","E","R","B",null,"M","M","?","?","M","$","R","M","T","R","$","R","M","E","R","B",null,"M","M","M","$","?","E"],"character_chosen":"WATCHER","items_purchased":["FlyingSleeves","FearNoEvil","Evaluate","Kunai","Halt","FlyingSleeves"],"campfire_rested":3,"item_purchase_floors":[3,7,23,28,28,38],"current_hp_per_floor":[77,70,70,75,75,75,75,75,75,63,52,33,58,48,48,25,84,80,79,79,79,35,35,60,60,60,60,60,60,60,19,44,23,84,84,61,25,25,25,0,0],"gold":134,"neow_bonus":"TEN_PERCENT_HP_BONUS","is_daily":false,"chose_seed":false,"campfire_upgraded":4,"win_rate":0.0,"timestamp":1614337868,"path_taken":["M","M","$","M","M","E","$","R","T","E","?","M","R","E","R","BOSS","M","M","?","?","M","$","R","M","T","R","?","R","M","E","R","BOSS","M","M","M","$","?","E"],"items_purchased_type":["Card","Card","Card","Relic","Card","Card"],"build_version":"2020-12-22","purchased_purges":4,"victory":false,"max_hp_per_floor":[79,79,79,84,84,84,84,84,84,84,84,84,84,84,84,84,84,84,84,84,84,84,84,84,84,84,84,84,84,84,84,84,84,84,84,84,84,84,84,84,84],"card_choices":[{"not_picked":["JustLucky","Halt"],"picked":"FollowUp","floor":1},{"not_picked":["Study","CutThroughFate"],"picked":"TalkToTheHand","floor":2},{"not_picked":["FlyingSleeves","Worship"],"picked":"Tantrum","floor":4},{"not_picked":["WindmillStrike","FlurryOfBlows"],"picked":"FollowUp","floor":5},{"not_picked":["Collect","PathToVictory"],"picked":"Devotion","floor":6},{"not_picked":["MasterReality","Consecrate","Perseverance"],"picked":"SKIP","floor":10},{"not_picked":["Prostrate","FollowUp"],"picked":"BowlingBash","floor":12},{"not_picked":["Sanctity","Swivel","Prostrate"],"picked":"SKIP","floor":14},{"not_picked":["Establishment","Wish"],"picked":"Brilliance","floor":16},{"not_picked":["Wallop+1","Evaluate","PathToVictory"],"picked":"SKIP","floor":18},{"not_picked":["Consecrate","ClearTheMind","EmptyMind+1"],"picked":"SKIP","floor":19},{"not_picked":["Protect","Consecrate+1","CrushJoints"],"picked":"SKIP","floor":22},{"not_picked":["EmptyFist","Swivel"],"picked":"Halt+1","floor":25},{"not_picked":["Consecrate","ForeignInfluence","CrushJoints"],"picked":"SKIP","floor":30},{"not_picked":["Omniscience","SashWhip"],"picked":"Pray+1","floor":31},{"not_picked":["Swivel+1","EmptyFist","Consecrate+1"],"picked":"SKIP","floor":35},{"not_picked":["EmptyMind+1","LikeWater"],"picked":"Prostrate+1","floor":36},{"not_picked":["Conclude+1","Vengeance+1"],"picked":"FollowUp+1","floor":37}],"player_experience":1226929,"relics_obtained":[{"floor":6,"key":"Letter Opener"},{"floor":10,"key":"Old Coin"},{"floor":14,"key":"Darkstone Periapt"},{"floor":26,"key":"Ornamental Fan"},{"floor":31,"key":"Centennial Puzzle"}],"event_choices":[{"damage_healed":0,"gold_gain":75,"player_choice":"Gather Gold","damage_taken":11,"max_hp_gain":0,"max_hp_loss":0,"event_name":"World of Goop","floor":11,"gold_loss":0},{"damage_healed":0,"gold_gain":0,"player_choice":"Inject Mutagens","damage_taken":0,"relics_obtained":["MutagenicStrength"],"max_hp_gain":0,"max_hp_loss":0,"event_name":"Drug Dealer","floor":20,"gold_loss":0},{"damage_healed":0,"gold_gain":0,"player_choice":"Ignored","damage_taken":0,"max_hp_gain":0,"max_hp_loss":0,"event_name":"Ghosts","floor":21,"gold_loss":0},{"damage_healed":0,"gold_gain":100,"player_choice":"Pray","damage_taken":0,"max_hp_gain":0,"max_hp_loss":0,"event_name":"Golden Shrine","floor":39,"gold_loss":0}],"is_beta":false,"boss_relics":[{"not_picked":["Coffee Dripper","Snecko Eye","Runic Pyramid"]},{"not_picked":["Cursed Key","Sozu"],"picked":"Philosopher\u0027s Stone"}],"items_purged_floors":[3,23,28,38],"is_endless":false,"potions_floor_spawned":[4,6,10,14,16,22,30,31,33,37],"killed_by":"Nemesis","ascension_level":3}}