{"host":"254qdhpnbonm8z0p","time":1614314667,"event":{"mods":["AchievementEnabler","BaseMod","Block Reminder","Colored Map","Colored Powertips","Minty Spire (QoL Compilation)","SuperFastMode","ojb\u0027s Better Paths Mod"],"gold_per_floor":[114,114,39,51,51,51,76,90,113,128,128,162,176,196,196,295,295,309,309,309,334,334,334,368,368,368,368,387,486,486,88,88,191,191,203,303,320,340,352,352,377,377,377,377,395,410,439,450,450,450,450,450,15,49,49,49],"floor_reached":55,"language":"ENG","playtime":4562,"items_purged":["Defend_R","Strike_R+1"],"score":828,"play_id":"77da83b0-8c22-4e72-8fb4-6a134b925638","local_time":"20210225204427","is_ascension_mode":true,"campfire_choices":[{"data":"Headbutt","floor":6.0,"key":"SMITH"},{"data":"Bash","floor":11.0,"key":"SMITH"},{"data":"Heavy Blade","floor":15.0,"key":"SMITH"},{"data":"Clash","floor":23.0,"key":"SMITH"},{"data":"Rampage","floor":25.0,"key":"SMITH"},{"data":"Clash","floor":27.0,"key":"SMITH"},{"data":"Ghostly","floor":32.0,"key":"SMITH"},{"data":"Ghostly","floor":40.0,"key":"SMITH"},{"data":"Ghostly","floor":42.0,"key":"SMITH"},{"data":"Reaper","floor":44.0,"key":"SMITH"},{"floor":49.0,"key":"RECALL"},{"data":"Heavy Blade","floor":52.0,"key":"SMITH"}],"circlet_count":0,"master_deck":["Strike_R+1","Strike_R+1","Strike_R+1","Strike_R+1","Defend_R+1","Defend_R+1","Defend_R+1","Bash+1","Clash+1","Headbutt+1","Clash+1","Immolate","Ghostly Armor+1","Heavy Blade+1","Reaper+1","Rampage+1","Heavy Blade+1","Ghostly+1","Ghostly+1","Ghostly+1","Ghostly","Ghostly+1","Anger+1","Dual Wield+1","Shrug It Off+1","Fire Breathing","Spot Weakness"],"relics":["Burning Blood","NeowsBlessing","Blood Vial","Vajra","Letter Opener","Coffee Dripper","Red Mask","Dream Catcher","Lee\u0027s Waffle","HornCleat","Shuriken","Eternal Feather","Boot","Pear","War Paint"],"acts_visited":["Exordium","TheCity","TheBeyond","TheEnding"],"potions_floor_usage":[],"damage_taken":[{"damage":0.0,"enemies":"2 Louse","floor":1.0,"turns":1.0},{"damage":0.0,"enemies":"Small Slimes","floor":4.0,"turns":1.0},{"damage":0.0,"enemies":"Lagavulin","floor":7.0,"turns":1.0},{"damage":0.0,"enemies":"Cultist","floor":8.0,"turns":2.0},{"damage":0.0,"enemies":"2 Fungi Beasts","floor":10.0,"turns":3.0},{"damage":11.0,"enemies":"Gremlin Nob","floor":12.0,"turns":3.0},{"damage":0.0,"enemies":"Large Slime","floor":13.0,"turns":2.0},{"damage":0.0,"enemies":"3 Louse","floor":14.0,"turns":2.0},{"damage":70.0,"enemies":"Hexaghost","floor":16.0,"turns":9.0},{"damage":13.0,"enemies":"2 Thieves","floor":18.0,"turns":3.0},{"damage":0.0,"enemies":"Masked Bandits","floor":21.0,"turns":2.0},{"damage":19.0,"enemies":"Gremlin Leader","floor":24.0,"turns":4.0},{"damage":0.0,"enemies":"Chosen","floor":28.0,"turns":3.0},{"damage":28.0,"enemies":"Automaton","floor":33.0,"turns":11.0},{"damage":2.0,"enemies":"3 Darklings","floor":35.0,"turns":3.0},{"damage":1.0,"enemies":"3 Shapes","floor":37.0,"turns":4.0},{"damage":45.0,"enemies":"Maw","floor":38.0,"turns":8.0},{"damage":1.0,"enemies":"Sphere and 2 Shapes","floor":39.0,"turns":5.0},{"damage":28.0,"enemies":"Reptomancer","floor":41.0,"turns":7.0},{"damage":24.0,"enemies":"Jaw Worm Horde","floor":45.0,"turns":3.0},{"damage":1.0,"enemies":"3 Darklings","floor":46.0,"turns":6.0},{"damage":4.0,"enemies":"Nemesis","floor":47.0,"turns":7.0},{"damage":1.0,"enemies":"Spire Growth","floor":48.0,"turns":4.0},{"damage":65.0,"enemies":"Awakened One","floor":50.0,"turns":11.0},{"damage":41.0,"enemies":"Shield and Spear","floor":54.0,"turns":8.0},{"damage":50,"enemies":"The Heart","floor":55,"turns":2}],"seed_played":"-2041976955025897283","potions_obtained":[{"floor":1.0,"key":"FearPotion"},{"floor":4.0,"key":"LiquidMemories"},{"floor":7.0,"key":"DistilledChaos"},{"floor":22.0,"key":"EntropicBrew"},{"floor":22.0,"key":"Strength Potion"},{"floor":38.0,"key":"Ancient Potion"},{"floor":39.0,"key":"Energy Potion"},{"floor":45.0,"key":"Weak Potion"},{"floor":47.0,"key":"SteroidPotion"},{"floor":54.0,"key":"Ancient Potion"}],"is_trial":false,"path_per_floor":["M","?","$","M","?","R","E","M","T","M","R","E","M","M","R","B",null,"M","?","?","?","?","R","E","R","T","R","M","?","?","$","R","B",null,"M","?","M","M","M","R","E","R","T","R","M","M","E","M","R","B",null,"R","$","E","B"],"character_chosen":"IRONCLAD","items_purchased":["Lee\u0027s Waffle","HornCleat","Pear","Spot Weakness"],"campfire_rested":0,"item_purchase_floors":[31,31,53,53],"current_hp_per_floor":[80,64,64,70,75,75,81,85,85,85,85,80,85,85,85,21,85,78,78,78,85,85,85,72,72,72,72,80,80,42,49,49,31,49,49,49,49,10,17,17,12,12,12,27,25,38,49,49,49,21,49,49,59,24,0,0],"gold":49,"neow_bonus":"THREE_ENEMY_KILL","is_daily":false,"chose_seed":false,"campfire_upgraded":11,"win_rate":0.0,"timestamp":1614314667,"path_taken":["M","?","$","M","?","R","E","M","T","M","R","E","M","M","R","BOSS","M","?","?","?","?","R","E","R","T","R","?","?","?","$","R","BOSS","M","?","?","M","M","R","E","R","T","R","M","M","E","?","R","BOSS","R","$","E","BOSS"],"items_purchased_type":["Relic","Relic","Relic","Card"],"build_version":"2020-12-22","purchased_purges":2,"victory":false,"max_hp_per_floor":[80,80,80,80,85,85,85,85,85,85,85,85,85,85,85,85,85,85,85,85,85,85,85,85,85,85,85,85,85,42,49,49,49,49,49,49,49,49,49,49,49,49,49,49,49,49,49,49,49,49,49,49,59,59,59,59],"card_choices":[{"not_picked":["Whirlwind","Headbutt"],"picked":"Clash","floor":1.0},{"not_picked":["Twin Strike","Thunderclap"],"picked":"Headbutt","floor":4.0},{"not_picked":["Havoc","Body Slam","Flex"],"picked":"SKIP","floor":7.0},{"not_picked":["Wild Strike","Body Slam","Thunderclap"],"picked":"SKIP","floor":8.0},{"not_picked":["Clothesline","Flex"],"picked":"Clash","floor":10.0},{"not_picked":["Double Tap","Clothesline"],"picked":"Immolate","floor":12.0},{"not_picked":["Warcry","Armaments"],"picked":"Ghostly Armor","floor":13.0},{"not_picked":["Combust","Clash"],"picked":"Heavy Blade","floor":14.0},{"not_picked":["Fiend Fire","Immolate"],"picked":"Reaper","floor":16.0},{"not_picked":["Seeing Red","Power Through","True Grit"],"picked":"SKIP","floor":18.0},{"not_picked":["Headbutt","Fire Breathing"],"picked":"Rampage","floor":24.0},{"not_picked":["Pummel","Body Slam"],"picked":"Heavy Blade","floor":28.0},{"not_picked":["Twin Strike","Thunderclap+1"],"picked":"Anger+1","floor":35.0},{"not_picked":["Entrench","True Grit+1","Shrug It Off"],"picked":"SKIP","floor":37.0},{"not_picked":["Armaments","Reckless Charge+1","Anger+1"],"picked":"SKIP","floor":38.0},{"not_picked":["Pummel","Shrug It Off","Iron Wave"],"picked":"SKIP","floor":39.0},{"not_picked":["Anger","Uppercut"],"picked":"Dual Wield+1","floor":41.0},{"not_picked":["Offering","Dropkick+1"],"picked":"Shrug It Off+1","floor":45.0},{"not_picked":["Shrug It Off+1","Ghostly Armor+1"],"picked":"Fire Breathing","floor":46.0},{"not_picked":["Rampage+1","Sentinel+1","Perfected Strike"],"picked":"SKIP","floor":47.0},{"not_picked":["Whirlwind","Anger","Flame Barrier"],"picked":"SKIP","floor":48.0},{"not_picked":["Power Through","Feed","Armaments+1"],"picked":"SKIP","floor":54.0}],"player_experience":162233,"relics_obtained":[{"floor":7.0,"key":"Blood Vial"},{"floor":9.0,"key":"Vajra"},{"floor":12.0,"key":"Letter Opener"},{"floor":21.0,"key":"Red Mask"},{"floor":24.0,"key":"Dream Catcher"},{"floor":41.0,"key":"Shuriken"},{"floor":43.0,"key":"Eternal Feather"},{"floor":47.0,"key":"Boot"},{"floor":54.0,"key":"War Paint"}],"event_choices":[{"damage_healed":0.0,"max_hp_gain":0.0,"max_hp_loss":0.0,"gold_gain":0.0,"event_name":"Shining Light","player_choice":"Entered Light","floor":2.0,"gold_loss":0.0,"damage_taken":16.0,"cards_upgraded":["Strike_R","Strike_R"]},{"damage_healed":0.0,"max_hp_gain":5.0,"max_hp_loss":0.0,"gold_gain":0.0,"event_name":"Big Fish","player_choice":"Donut","floor":5.0,"gold_loss":0.0,"damage_taken":0.0},{"damage_healed":0.0,"max_hp_gain":0.0,"max_hp_loss":0.0,"gold_gain":0.0,"event_name":"Back to Basics","player_choice":"Simplicity","floor":19.0,"gold_loss":0.0,"damage_taken":0.0,"cards_upgraded":["Strike_R","Strike_R","Strike_R","Defend_R","Defend_R","Defend_R"]},{"damage_healed":0.0,"max_hp_gain":0.0,"max_hp_loss":0.0,"gold_gain":0.0,"event_name":"Beggar","player_choice":"Ignored","floor":20.0,"gold_loss":0.0,"damage_taken":0.0},{"damage_healed":0.0,"max_hp_gain":0.0,"max_hp_loss":0.0,"gold_gain":0.0,"event_name":"Masked Bandits","player_choice":"Fought Bandits","floor":21.0,"gold_loss":0.0,"damage_taken":0.0},{"damage_healed":0.0,"max_hp_gain":0.0,"max_hp_loss":0.0,"gold_gain":0.0,"event_name":"Lab","player_choice":"Got Potions","floor":22.0,"gold_loss":0.0,"damage_taken":0.0},{"damage_healed":0.0,"max_hp_gain":0.0,"max_hp_loss":0.0,"gold_gain":99.0,"event_name":"Nest","player_choice":"Stole From Cult","floor":29.0,"gold_loss":0.0,"damage_taken":0.0},{"damage_healed":0.0,"max_hp_gain":0.0,"max_hp_loss":43.0,"gold_gain":0.0,"event_name":"Ghosts","player_choice":"Became a Ghost","floor":30.0,"gold_loss":0.0,"damage_taken":0.0,"cards_obtained":["Ghostly","Ghostly","Ghostly","Ghostly","Ghostly"]},{"damage_healed":0.0,"max_hp_gain":0.0,"max_hp_loss":0.0,"gold_gain":100.0,"event_name":"Golden Shrine","player_choice":"Pray","floor":36.0,"gold_loss":0.0,"damage_taken":0.0}],"is_beta":false,"boss_relics":[{"not_picked":["Ectoplasm","Black Star"],"picked":"Coffee Dripper"},{"not_picked":["Pandora\u0027s Box","Fusion Hammer","Runic Dome"]}],"items_purged_floors":[3,53],"is_endless":false,"potions_floor_spawned":[1,4,7,13,18,24,28,38,39,45,47,54],"killed_by":"The Heart","ascension_level":2}}