{"host":"6dypmz777xraikqf","time":1614358613,"event":{"mods":["AchievementEnabler","BaseMod","BetterRewards","Colored Map","Colored Powertips","Downfall","Highlight Path","Hubris","Infinite Spire","Minty Spire (QoL Compilation)","Replay The Spire","StSLib"],"gold_per_floor":[111,111,121,141,155,166,200,200,226,246,274,287,302,331,331,407,407,427,442,457,39,86,86,120,140,194,222,284,315,335,291,291,366,366,382,432,448,458,474,504,522,550,550,600,650,684,757,769,769,769,769,769,65,98,98],"floor_reached":56,"language":"ENG","playtime":1870,"items_purged":["Strike_G","Escape Plan"],"score":2726,"play_id":"8b51e2b1-2b36-44cf-af6e-e56a90b5bd9e","local_time":"20210226165653","is_ascension_mode":true,"campfire_choices":[{"data":"hubris:TrickCloak","floor":8,"key":"SMITH"},{"floor":15,"key":"REST"},{"data":"Prepared","floor":32,"key":"SMITH"},{"floor":49,"key":"RECALL"},{"data":"Secret Weapon","floor":52,"key":"SMITH"}],"circlet_count":0,"master_deck":["AscendersBane","Strike_G+1","Defend_G","Defend_G+1","Defend_G","Defend_G","Defend_G","Survivor","Neutralize","Bullet Time+1","Deadly Poison","hubris:InfiniteBlow+129","PiercingWail","hubris:TrickCloak+1","Quick Slash","Sneak Up","Hidden Blade+1","PiercingWail","Sneak Up","Leg Sweep","Secret Weapon+1","hubris:DuctTapeCard","hubris:EnhanceAbility","Master of Strategy"],"relics":["Ring of the Snake","Lantern","Simple Rune","hubris:ToyBattleship","Pondfish Scales","Replay:Drink Me","Bottled Flame","Replay:Accelerometer","SsserpentHead","Centennial Puzzle","Oddly Smooth Stone","Pet Ghost","hubris:SphereOfDissonance","Snecko Heart","Pen Nib","The Courier","hubris:BottledRain","hubris:Towel","Ornamental Fan","infinitespire:Lucky Rock","Anchor","ReplayTheSpireMod:ShopPack","hubris:DuctTape","ReplayTheSpireMod:Shallot","infinitespire:Bottled Soul"],"acts_visited":["Exordium","TheCity","TheBeyond","TheEnding"],"potions_floor_usage":[55,55],"damage_taken":[{"damage":8,"enemies":"Jaw Worm","floor":1,"turns":5},{"damage":0,"enemies":"Small Slimes","floor":3,"turns":2},{"damage":0,"enemies":"2 Louse","floor":4,"turns":2},{"damage":5,"enemies":"2 Fungi Beasts","floor":5,"turns":3},{"damage":2,"enemies":"Lots of Slimes","floor":6,"turns":6},{"damage":0,"enemies":"Gremlin Nob","floor":7,"turns":1},{"damage":1,"enemies":"3 Louse","floor":10,"turns":3},{"damage":9,"enemies":"3 Sentries","floor":11,"turns":5},{"damage":4,"enemies":"Exordium Thugs","floor":12,"turns":6},{"damage":8,"enemies":"Blue Slaver","floor":13,"turns":3},{"damage":0,"enemies":"Gremlin Nob","floor":14,"turns":2},{"damage":3,"enemies":"Fading Forest","floor":16,"turns":4},{"damage":0,"enemies":"Shell Parasite","floor":18,"turns":1},{"damage":0,"enemies":"Chosen","floor":19,"turns":1},{"damage":0,"enemies":"Snake Plant","floor":20,"turns":2},{"damage":0,"enemies":"Book of Stabbing","floor":24,"turns":1},{"damage":0,"enemies":"Cultist and Chosen","floor":25,"turns":3},{"damage":13,"enemies":"Slavers","floor":27,"turns":5},{"damage":0,"enemies":"Sentry and Sphere","floor":28,"turns":4},{"damage":0,"enemies":"Replay:Snechameleon","floor":29,"turns":1},{"damage":0,"enemies":"Centurion and Healer","floor":30,"turns":2},{"damage":0,"enemies":"Champ","floor":33,"turns":1},{"damage":6,"enemies":"3 Shapes","floor":35,"turns":3},{"damage":0,"enemies":"Orb Walker","floor":37,"turns":1},{"damage":0,"enemies":"Jaw Worm Horde","floor":38,"turns":4},{"damage":0,"enemies":"Sphere and 2 Shapes","floor":39,"turns":3},{"damage":0,"enemies":"Nightmare","floor":40,"turns":1},{"damage":0,"enemies":"3 Darklings","floor":41,"turns":7},{"damage":0,"enemies":"Reptomancer","floor":42,"turns":1},{"damage":0,"enemies":"Giant Head","floor":46,"turns":1},{"damage":0,"enemies":"Writhing Mass","floor":48,"turns":1},{"damage":0,"enemies":"infinitespire:MassOfShapes","floor":50,"turns":1},{"damage":0,"enemies":"Shield and Spear","floor":54,"turns":2},{"damage":0,"enemies":"The Heart","floor":55,"turns":5}],"seed_played":"7716992953890930480","potions_obtained":[{"floor":1,"key":"FearPotion"},{"floor":5,"key":"SteroidPotion"},{"floor":12,"key":"Explosive Potion"},{"floor":13,"key":"Dexterity Potion"},{"floor":14,"key":"Fire Potion"},{"floor":20,"key":"EssenceOfSteel"},{"floor":25,"key":"EssenceOfSteel"}],"is_trial":false,"path_per_floor":["M","?","M","M","M","M","E","R","T","M","E","M","M","E","R","B",null,"M","M","M","$","?","?","E","M","T","E","M","E","M","?","R","B",null,"M","?","M","M","M","NM","M","E","T","?","?","E","T","M","R","B",null,"R","$","E","B",null],"character_chosen":"THE_SILENT","items_purchased":["Impatience","Bottled Flame","Anchor","ReplayTheSpireMod:ShopPack","hubris:DuctTape","ReplayTheSpireMod:Shallot"],"campfire_rested":1,"item_purchase_floors":[21,21,53,53,53,53],"current_hp_per_floor":[55,40,40,40,35,33,33,33,33,32,23,19,11,11,29,26,43,43,43,43,43,43,43,43,43,43,30,30,30,30,30,30,30,44,38,38,38,38,38,38,38,38,38,38,38,38,38,38,38,38,46,46,46,46,46],"gold":98,"neow_bonus":"THREE_RARE_CARDS","is_daily":false,"chose_seed":false,"campfire_upgraded":3,"win_rate":0.0,"timestamp":1614358613,"path_taken":["M","?","M","M","M","M","E","R","T","M","E","M","M","E","R","BOSS","M","M","M","$","?","?","E","M","T","E","?","E","M","?","R","BOSS","M","?","M","M","M","NM","M","E","T","?","?","E","?","M","R","BOSS","R","$","E","BOSS"],"items_purchased_type":["Card","Relic","Relic","Relic","Relic","Relic"],"build_version":"2020-12-22","purchased_purges":2,"victory":true,"max_hp_per_floor":[63,63,63,63,63,63,63,63,63,63,63,63,63,63,63,63,48,48,48,48,48,48,48,48,48,48,48,48,48,48,48,48,48,48,48,48,48,48,48,48,48,48,48,48,48,48,48,48,48,48,48,48,48,48,48],"card_choices":[{"not_picked":["Die Die Die","ReplayTheSpireMod:Necrosis"],"picked":"Bullet Time","floor":0},{"not_picked":["hubris:SlightOfHand","Hidden Blade"],"picked":"Deadly Poison","floor":1},{"not_picked":["infinitespire:Gouge","hubris:Fate"],"picked":"hubris:InfiniteBlow+129","floor":2},{"not_picked":["Bane","Dagger Spray"],"picked":"PiercingWail","floor":3},{"not_picked":["Skewer","Bane","Flying Knee"],"picked":"SKIP","floor":4},{"not_picked":["Dagger Throw","hubris:Counter"],"picked":"hubris:TrickCloak","floor":5},{"not_picked":["Dodge and Roll","Outmaneuver","Burst"],"picked":"SKIP","floor":6},{"not_picked":["Setup","Bouncing Flask"],"picked":"Quick Slash","floor":7},{"not_picked":["hubris:TrickCloak","Choke","Cloak And Dagger"],"picked":"SKIP","floor":10},{"not_picked":["Cloak And Dagger","Caltrops","Setup"],"picked":"SKIP","floor":11},{"not_picked":["Blade Dance","hubris:SlightOfHand","Dagger Spray"],"picked":"SKIP","floor":12},{"not_picked":["Skewer","Dodge and Roll","Riddle With Holes"],"picked":"SKIP","floor":13},{"not_picked":["Crippling Poison","Distraction"],"picked":"Sneak Up","floor":14},{"not_picked":["Caltrops","Deadly Poison","Outmaneuver"],"picked":"SKIP","floor":18},{"not_picked":["Reflex+1","Footwork","Catalyst"],"picked":"SKIP","floor":19},{"not_picked":["hubris:Sniper","PiercingWail","Poisoned Stab"],"picked":"SKIP","floor":20},{"not_picked":["Glass Knife","Bouncing Flask"],"picked":"Hidden Blade+1","floor":24},{"not_picked":["Deadly Poison","ReplayTheSpireMod:Shiv Toss","Reflex"],"picked":"SKIP","floor":25},{"not_picked":["Atom Bomb","Sucker Punch"],"picked":"PiercingWail","floor":27},{"not_picked":["Dagger Throw","Underhanded Strike"],"picked":"Prepared","floor":28},{"not_picked":["Dagger Throw","Heel Hook","hubris:TrickCloak"],"picked":"SKIP","floor":29},{"not_picked":["Deadly Poison","Blade Dance","Blur"],"picked":"SKIP","floor":30},{"not_picked":["Masterful Stab","Dash+1"],"picked":"Escape Plan","floor":35},{"not_picked":["Flying Knee","Dagger Spray"],"picked":"Sneak Up","floor":37},{"not_picked":["Dagger Spray","Cloak And Dagger","Underhanded Strike"],"picked":"SKIP","floor":38},{"not_picked":["Deadly Poison+1","Terror+1"],"picked":"Leg Sweep","floor":39},{"not_picked":["Slice+1","Night Terror","Dodge and Roll"],"picked":"SKIP","floor":40},{"not_picked":["All Out Attack","Blur+1","Flying Knee+1"],"picked":"SKIP","floor":41},{"not_picked":["Outmaneuver","Sucker Punch","Deflect"],"picked":"SKIP","floor":42},{"not_picked":["Replay:BasicMightCard","Forethought"],"picked":"Secret Weapon","floor":45},{"not_picked":["hubris:SlightOfHand","Slice","Endless Agony+1"],"picked":"SKIP","floor":46},{"not_picked":["ReplayTheSpireMod:Scrap Shanks","Deflect","Die Die Die"],"picked":"SKIP","floor":48},{"not_picked":["Magnetism","Secret Weapon"],"picked":"hubris:EnhanceAbility","floor":53},{"not_picked":["Crow Ritual","ReplayTheSpireMod:Trickstab"],"picked":"Master of Strategy","floor":53},{"not_picked":["Blade Dance","Flying Knee","Night Terror"],"picked":"SKIP","floor":54}],"player_experience":294075,"relics_obtained":[{"floor":7,"key":"Lantern"},{"floor":9,"key":"Simple Rune"},{"floor":11,"key":"hubris:ToyBattleship"},{"floor":14,"key":"Pondfish Scales"},{"floor":22,"key":"Replay:Accelerometer"},{"floor":24,"key":"Centennial Puzzle"},{"floor":27,"key":"Oddly Smooth Stone"},{"floor":29,"key":"Pet Ghost"},{"floor":40,"key":"Pen Nib"},{"floor":42,"key":"The Courier"},{"floor":43,"key":"hubris:BottledRain"},{"floor":46,"key":"Ornamental Fan"},{"floor":47,"key":"infinitespire:Lucky Rock"},{"floor":54,"key":"infinitespire:Bottled Soul"}],"event_choices":[{"damage_healed":0,"gold_gain":0,"player_choice":"Trade","damage_taken":0,"relics_obtained":["SsserpentHead"],"max_hp_gain":0,"max_hp_loss":0,"event_name":"FaceTrader","floor":23,"gold_loss":0},{"damage_healed":0,"gold_gain":0,"player_choice":"Paid Gold","damage_taken":0,"relics_obtained":["hubris:SphereOfDissonance"],"max_hp_gain":0,"max_hp_loss":0,"event_name":"WeMeetAgain","floor":31,"gold_loss":94},{"damage_healed":0,"gold_gain":0,"player_choice":"Memory 1","damage_taken":0,"max_hp_gain":0,"max_hp_loss":0,"event_name":"SensoryStone","floor":45,"gold_loss":0}],"is_beta":false,"boss_relics":[{"not_picked":["hubris:TerracottaHorce","hubris:CrackedHourglass"],"picked":"Replay:Drink Me"},{"not_picked":["ReplayTheSpireMod:SealedPack","SacredBark"],"picked":"Snecko Heart"}],"items_purged_floors":[21,53],"is_endless":false,"potions_floor_spawned":[1,5,7,12,13,14,20,25,27,28,29,39,41,46],"ascension_level":13}}