{"host":"nx6k9gttpbkpebht","time":1614355019,"event":{"mods":["BaseMod","Colored Map","Colored Powertips","DeckTracker","Downfall","Googly Eyes","Minty Spire (QoL Compilation)","StSLib"],"gold_per_floor":[109,184,184,184,40,66,66,82,82,98,98,23,23,33,33,134,134,153,167,167,167],"floor_reached":20,"language":"ENG","playtime":799,"items_purged":["Strike_B"],"score":247,"play_id":"e5453bbf-bc16-4605-9dcd-e4641ba754d7","local_time":"20210226165659","is_ascension_mode":false,"campfire_choices":[{"data":"Loop","floor":7,"key":"SMITH"},{"data":"Zap","floor":11,"key":"SMITH"},{"floor":15,"key":"REST"}],"circlet_count":0,"master_deck":["Strike_B","Strike_B","Strike_B","Defend_B","Defend_B","Defend_B","Defend_B","Zap+1","Dualcast","Streamline","Loop+1","Genetic Algorithm","Echo Form","Ball Lightning","Redo","Conserve Battery"],"relics":["Cracked Core","NeowsBlessing","Toy Ornithopter","Anchor","Incense Burner","Inserter"],"acts_visited":["Exordium","TheCity"],"potions_floor_usage":[16,16],"damage_taken":[{"damage":0,"enemies":"2 Louse","floor":1,"turns":1},{"damage":0,"enemies":"Lagavulin","floor":6,"turns":1},{"damage":0,"enemies":"Cultist","floor":8,"turns":1},{"damage":1,"enemies":"Jaw Worm","floor":10,"turns":5},{"damage":17,"enemies":"Gremlin Gang","floor":14,"turns":4},{"damage":0,"enemies":"The Guardian","floor":16,"turns":6},{"damage":31,"enemies":"3 Byrds","floor":18,"turns":5},{"damage":11,"enemies":"Spheric Guardian","floor":19,"turns":5},{"damage":5,"enemies":"Cultist and Chosen","floor":20,"turns":4}],"seed_played":"-979757542958528793","potions_obtained":[{"floor":1,"key":"FocusPotion"},{"floor":14,"key":"FearPotion"},{"floor":18,"key":"Weak Potion"}],"is_trial":false,"path_per_floor":["M","?","?","?","$","E","R","M","T","M","R","$","$","M","R","B",null,"M","M","M"],"character_chosen":"DEFECT","items_purchased":["Loop","Genetic Algorithm"],"campfire_rested":1,"item_purchase_floors":[5,5],"current_hp_per_floor":[75,64,52,52,52,52,52,52,52,51,51,51,51,34,56,66,75,44,33,28,28],"gold":167,"neow_bonus":"THREE_ENEMY_KILL","is_daily":false,"chose_seed":false,"campfire_upgraded":2,"win_rate":0.0,"timestamp":1614355019,"path_taken":["M","?","?","?","$","E","R","?","T","?","R","?","$","M","R","BOSS","M","M","M"],"items_purchased_type":["Card","Card"],"build_version":"2020-12-22","purchased_purges":1,"victory":false,"max_hp_per_floor":[75,75,75,75,75,75,75,75,75,75,75,75,75,75,75,75,75,75,75,75,75],"card_choices":[{"not_picked":["Leap","Barrage"],"picked":"Streamline","floor":1},{"not_picked":["Barrage","Rip and Tear"],"picked":"Echo Form","floor":6},{"not_picked":["Stack","Compile Driver","Streamline"],"picked":"SKIP","floor":8},{"not_picked":["Chaos","Compile Driver"],"picked":"Ball Lightning","floor":10},{"not_picked":["Barrage","Rebound"],"picked":"Redo","floor":14},{"not_picked":["Barrage","Hologram"],"picked":"Conserve Battery","floor":18},{"not_picked":["Genetic Algorithm","Turbo","Leap"],"picked":"SKIP","floor":19}],"player_experience":71042,"relics_obtained":[{"floor":6,"key":"Anchor"},{"floor":9,"key":"Incense Burner"}],"event_choices":[{"damage_healed":0,"gold_gain":75,"player_choice":"Gather Gold","damage_taken":11,"max_hp_gain":0,"max_hp_loss":0,"event_name":"World of Goop","floor":2,"gold_loss":0},{"damage_healed":0,"gold_gain":0,"player_choice":"Success","damage_taken":12,"relics_obtained":["Toy Ornithopter"],"max_hp_gain":0,"max_hp_loss":0,"event_name":"Scrap Ooze","floor":3,"gold_loss":0},{"damage_healed":0,"gold_gain":0,"player_choice":"0 cards matched","damage_taken":0,"max_hp_gain":0,"max_hp_loss":0,"event_name":"Match and Keep!","floor":4,"gold_loss":0,"cards_obtained":[]}],"is_beta":false,"boss_relics":[{"not_picked":["Calling Bell","Busted Crown"],"picked":"Inserter"}],"items_purged_floors":[12],"is_endless":false,"potions_floor_spawned":[1,14,18],"killed_by":"Cultist and Chosen","ascension_level":0}}