{"host":"dlntb7rt7pkxckqh","time":1614320643,"event":{"mods":["AchievementEnabler","BaseMod","Colored Powertips","Highlight Path","Minty Spire (QoL Compilation)","Spire with Friends"],"gold_per_floor":[119,136,156,174,194,194,207,233,233,253,288,288,288,317,317,317,413,413,427,427,44,44,54,87,27,58,58,58,72,6,23,23,23,23,121,121,141,160,160,178,191,191,216,226,272,272,285,174,223,123,83,83,83,83,83,13,40,10,10],"floor_reached":60,"language":"ZHS","playtime":3433,"items_purged":["Defend_P","Decay","CrushJoints"],"score":1789,"play_id":"c32999a2-1643-4077-8348-c1461023c963","local_time":"20210226142403","is_ascension_mode":true,"campfire_choices":[{"floor":6,"key":"REST"},{"floor":13,"key":"RECALL"},{"floor":16,"key":"REST"},{"floor":34,"key":"REST"},{"floor":42,"key":"REST"},{"data":"1","floor":52,"key":"LIFT"},{"data":"2","floor":55,"key":"LIFT"}],"circlet_count":0,"master_deck":["Eruption","Vigilance","Wallop","FearNoEvil","FlurryOfBlows","Prostrate+1","Meditate+1","Pray","MentalFortress","Prostrate","Tantrum","EmptyMind+1","Adaptation","Scrawl"],"relics":["Fusion Hammer","Bottled Flame","Gremlin Horn","Mercury Hourglass","The Courier","Lantern","Bag of Preparation","Calling Bell","Orichalcum","Eternal Feather","Dead Branch","Cauldron","Bag of Preparation","Toy Ornithopter","Pen Nib","Strawberry","Pandora\u0027s Box","PreservedInsect","Nunchaku","Girya","InkBottle"],"acts_visited":["Exordium","TheCity","TheBeyond","TheEnding"],"potions_floor_usage":[7,11,14,23,24,24,31,35,35,35,38,40,43,43,43,53,53,53,57,57,59,59,59,59],"damage_taken":[{"damage":0,"enemies":"2 Louse","floor":1,"turns":4},{"damage":0,"enemies":"Cultist","floor":2,"turns":2},{"damage":2,"enemies":"Jaw Worm","floor":3,"turns":3},{"damage":2,"enemies":"Exordium Thugs","floor":4,"turns":4},{"damage":8,"enemies":"Gremlin Gang","floor":5,"turns":7},{"damage":0,"enemies":"2 Fungi Beasts","floor":7,"turns":2},{"damage":35,"enemies":"Gremlin Nob","floor":8,"turns":3},{"damage":8,"enemies":"Blue Slaver","floor":10,"turns":2},{"damage":6,"enemies":"3 Sentries","floor":11,"turns":8},{"damage":9,"enemies":"Gremlin Nob","floor":14,"turns":4},{"damage":25,"enemies":"The Guardian","floor":17,"turns":9},{"damage":0,"enemies":"Shell Parasite","floor":19,"turns":3},{"damage":0,"enemies":"2 Thieves","floor":23,"turns":2},{"damage":4,"enemies":"Book of Stabbing","floor":24,"turns":4},{"damage":12,"enemies":"Gremlin Leader","floor":26,"turns":6},{"damage":6,"enemies":"Centurion and Healer","floor":29,"turns":3},{"damage":19,"enemies":"Sentry and Sphere","floor":31,"turns":4},{"damage":81,"enemies":"Automaton","floor":35,"turns":9},{"damage":0,"enemies":"3 Shapes","floor":37,"turns":2},{"damage":0,"enemies":"Orb Walker","floor":38,"turns":4},{"damage":7,"enemies":"Jaw Worm Horde","floor":40,"turns":2},{"damage":0,"enemies":"Sphere and 2 Shapes","floor":41,"turns":4},{"damage":0,"enemies":"Nemesis","floor":43,"turns":4},{"damage":4,"enemies":"Spire Growth","floor":44,"turns":2},{"damage":7,"enemies":"3 Darklings","floor":47,"turns":3},{"damage":12,"enemies":"Donu and Deca","floor":53,"turns":4},{"damage":0,"enemies":"Shield and Spear","floor":57,"turns":3},{"damage":20,"enemies":"The Heart","floor":59,"turns":7}],"seed_played":"-1291746648466989320","potions_obtained":[{"floor":1,"key":"BottledMiracle"},{"floor":2,"key":"ColorlessPotion"},{"floor":5,"key":"Regen Potion"},{"floor":8,"key":"Regen Potion"},{"floor":21,"key":"Swift Potion"},{"floor":21,"key":"Energy Potion"},{"floor":21,"key":"ColorlessPotion"},{"floor":29,"key":"EssenceOfSteel"},{"floor":31,"key":"Swift Potion"},{"floor":44,"key":"Swift Potion"},{"floor":57,"key":"BottledMiracle"}],"is_trial":false,"path_per_floor":["M","M","M","M","M","R","M","E","T","M","E","?","R","E","C","R","B",null,"M","?","$","T","M","E","C","E","T","R","M","$","M","?","C","R","B",null,"M","M","?","M","M","R","E","M","T","?","M","$","T","$","C","R","B",null,"R","$","E","C","B",null],"character_chosen":"WATCHER","items_purchased":["Cauldron","MentalFortress","Prostrate","Bag of Preparation","Tantrum","Adaptation","Panacea"],"campfire_rested":4,"item_purchase_floors":[21,21,21,21,30,48,56],"current_hp_per_floor":[65,65,63,61,53,72,72,37,37,29,38,38,38,29,29,50,25,60,60,60,60,60,60,56,56,44,51,63,57,57,43,43,43,75,8,61,61,66,66,64,64,79,79,75,75,75,68,68,68,68,68,77,69,77,79,79,79,79,73],"gold":10,"neow_bonus":"","is_daily":false,"chose_seed":true,"campfire_upgraded":0,"win_rate":0.0,"timestamp":1614320643,"path_taken":["M","M","M","M","M","R","M","E","T","M","E","?","R","E","C","R","BOSS","M","?","?","?","M","E","C","E","T","R","?","$","?","?","C","R","BOSS","M","M","?","M","M","R","E","?","T","?","M","$","T","$","C","R","BOSS","R","$","E","C","BOSS"],"items_purchased_type":["Relic","Card","Card","Relic","Card","Card","Card"],"build_version":"2020-12-22","purchased_purges":3,"victory":true,"max_hp_per_floor":[72,72,72,72,72,72,72,72,72,72,72,72,72,72,72,72,72,72,72,72,72,72,72,72,72,72,79,79,79,79,79,79,79,79,79,79,79,79,79,79,79,79,79,79,79,79,79,79,79,79,79,79,79,79,79,79,79,79,79],"card_choices":[{"not_picked":["Worship","Weave","JustLucky"],"picked":"SKIP","floor":1},{"not_picked":["Weave","ThirdEye"],"picked":"Wallop","floor":2},{"not_picked":["Perseverance","FlurryOfBlows"],"picked":"FearNoEvil","floor":3},{"not_picked":["Wallop","EmptyFist"],"picked":"FlurryOfBlows","floor":4},{"not_picked":["Study","WreathOfFlame"],"picked":"Prostrate","floor":5},{"not_picked":["Consecrate","FlurryOfBlows"],"picked":"CrushJoints","floor":7},{"not_picked":["CutThroughFate","CrushJoints"],"picked":"Meditate","floor":8},{"not_picked":["FearNoEvil","EmptyBody"],"picked":"Pray","floor":10},{"not_picked":["FollowUp","Consecrate"],"picked":"Vault","floor":11},{"not_picked":["SandsOfTime","Halt","FollowUp"],"picked":"SKIP","floor":14},{"not_picked":["MasterReality","Wish"],"picked":"Scrawl","floor":17},{"not_picked":["PathToVictory","FlurryOfBlows","ClearTheMind+1"],"picked":"SKIP","floor":19},{"not_picked":["ThirdEye","Pray"],"picked":"Alpha","floor":23},{"not_picked":["SandsOfTime+1","Evaluate+1","PathToVictory"],"picked":"SKIP","floor":24},{"not_picked":["SandsOfTime+1","Evaluate+1","PathToVictory"],"picked":"SKIP","floor":24},{"not_picked":["PathToVictory+1","FlyingSleeves","FollowUp"],"picked":"SKIP","floor":26},{"not_picked":["Prostrate","ThirdEye+1"],"picked":"TalkToTheHand","floor":29},{"not_picked":["Halt","BattleHymn","WaveOfTheHand"],"picked":"SKIP","floor":31},{"not_picked":["ConjureBlade","Brilliance"],"picked":"Scrawl","floor":35},{"not_picked":["BowlingBash","TalkToTheHand"],"picked":"Prostrate","floor":37},{"not_picked":["Consecrate+1","WheelKick+1","WindmillStrike+1"],"picked":"SKIP","floor":38},{"not_picked":["Prostrate","ThirdEye+1"],"picked":"EmptyMind+1","floor":40},{"not_picked":["PathToVictory","Evaluate"],"picked":"MentalFortress","floor":41},{"not_picked":["EmptyBody","Tantrum+1","BowlingBash"],"picked":"SKIP","floor":43},{"not_picked":["WaveOfTheHand","CrushJoints","Consecrate+1"],"picked":"SKIP","floor":44},{"not_picked":["Ragnarok","LikeWater","ThirdEye+1"],"picked":"SKIP","floor":47},{"not_picked":["SashWhip","Swivel"],"picked":"TalkToTheHand","floor":57}],"player_experience":209477,"relics_obtained":[{"floor":8,"key":"Bottled Flame"},{"floor":9,"key":"Gremlin Horn"},{"floor":11,"key":"Mercury Hourglass"},{"floor":14,"key":"Lantern"},{"floor":15,"key":"Bag of Preparation"},{"floor":18,"key":"Orichalcum"},{"floor":18,"key":"Eternal Feather"},{"floor":18,"key":"Dead Branch"},{"floor":24,"key":"Toy Ornithopter"},{"floor":26,"key":"Pen Nib"},{"floor":27,"key":"Strawberry"},{"floor":43,"key":"PreservedInsect"},{"floor":45,"key":"War Paint"},{"floor":49,"key":"Nunchaku"},{"floor":51,"key":"Girya"},{"floor":57,"key":"InkBottle"}],"event_choices":[{"damage_healed":0,"gold_gain":0,"player_choice":"Gave Potion","damage_taken":0,"relics_obtained":["The Courier"],"max_hp_gain":0,"max_hp_loss":0,"event_name":"WeMeetAgain","floor":12,"gold_loss":0},{"cards_removed":["Strike_P"],"damage_healed":0,"gold_gain":0,"player_choice":"Purged","damage_taken":0,"max_hp_gain":0,"max_hp_loss":0,"event_name":"Purifier","floor":20,"gold_loss":0},{"damage_healed":0,"gold_gain":0,"player_choice":"Cursed","damage_taken":0,"max_hp_gain":0,"max_hp_loss":0,"event_name":"Wheel of Change","floor":39,"gold_loss":0,"cards_obtained":["Decay"]},{"cards_removed":["MentalFortress"],"damage_healed":0,"gold_gain":0,"player_choice":"Removed Power","damage_taken":0,"max_hp_gain":0,"max_hp_loss":0,"event_name":"Falling","floor":46,"gold_loss":0}],"is_beta":false,"boss_relics":[{"not_picked":["Runic Dome","SlaversCollar"],"picked":"Calling Bell"},{"not_picked":["Busted Crown","Velvet Choker"],"picked":"Pandora\u0027s Box"}],"items_purged_floors":[21,48,50],"is_endless":false,"potions_floor_spawned":[1,2,5,8,10,29,31,44,57],"ascension_level":10}}