{"host":"adt9pv9dmmkchns7","time":1614365791,"event":{"mods":["AchievementEnabler","Aspiration","BaseMod","Beaked The Cultist","Better Third Choice","Curses Come First","Energized Spire","Minty Spire (QoL Compilation)","Permanent Neow","Potionbrewer","Quick Restart","Reliquary","Replay The Spire","Robot Space Explorer","Shade Mod","Spicy Shops","StSLib","The Blackbeard","The Cursed","The Forsaken","The Gatherer","The Necromancer","Wandering Minibosses"],"gold_per_floor":[359,359,289,252,270,308,308,344,344,368,403,403,419,434,434,560,560,573,292,292,315,338,338,382,401,401,415,415,415,415,380,380,496,496,404,169,190,201,956,991,991,991,991,593,593,626,645,726,726,726,726,726,26,70,70],"floor_reached":56,"language":"ENG","playtime":8741,"items_purged":[],"score":1494,"play_id":"2601d6e6-3cfc-4de5-829a-4c674aff177e","local_time":"20210226195631","is_ascension_mode":true,"campfire_choices":[{"floor":7,"key":"RECALL"},{"floor":15,"key":"REST"},{"data":"TheCursedMod:CircleOfBlood","floor":23,"key":"SMITH"},{"floor":28,"key":"REST"},{"data":"Discovery","floor":30,"key":"SMITH"},{"data":"TheCursedMod:CursedBoomerang","floor":32,"key":"SMITH"},{"data":"Mayhem","floor":41,"key":"SMITH"},{"data":"TheCursedMod:StingEye","floor":45,"key":"SMITH"},{"data":"TheCursedMod:TacticalStrike","floor":49,"key":"SMITH"},{"data":"TheCursedMod:CursedMace","floor":52,"key":"SMITH"}],"circlet_count":0,"master_deck":["TheCursedMod:Strike_TheCursed","TheCursedMod:Strike_TheCursed","TheCursedMod:Strike_TheCursed","TheCursedMod:Strike_TheCursed","TheCursedMod:Defend_TheCursed","TheCursedMod:Defend_TheCursed","TheCursedMod:Defend_TheCursed","TheCursedMod:Defend_TheCursed","TheCursedMod:CursedWand","TheCursedMod:CleanUpWorkshop","TheCursedMod:Dregs","Parasite","TheCursedMod:CursedMace+1","Injury","TheCursedMod:SpitefulPlan","TheCursedMod:Stigma","TheCursedMod:StingEye+1","TheCursedMod:CircleOfBlood+1","TheCursedMod:WearCloak","TheCursedMod:SpitefulStrike","Discovery+1","TheCursedMod:SurpriseAttack+1","TheCursedMod:SpitefulPray","TheCursedMod:CursedRelics","TheCursedMod:CursedAmulet+1","Writhe","TheCursedMod:Hemoplague","Good Instincts+1","TheCursedMod:Obscuration","TheCursedMod:BloodBarrier+1","TheCursedMod:StunningStrike","TheCursedMod:LuckyCharm","TheCursedMod:TroublousMinions+1","TheCursedMod:CursedBoomerang+1","TheCursedMod:Neurasthenia","TheCursedMod:VitalStrike+1","Mayhem+1","Parasite","TheCursedMod:WearCloak","TheCursedMod:CursedArmor","TheCursedMod:SurpriseAttack+1","TheCursedMod:CircleOfBlood+1","Madness","Madness","TheCursedMod:TroublousMinions","TheCursedMod:TacticalStrike+1","TheCursedMod:SpitefulStrike","Parasite","TheCursedMod:SurpriseAttack+1","ReplayUltimateDefense","Pride","TheCursedMod:SpitefulPlan","TheCursedMod:ReleasedStrength"],"relics":["TheCursedMod:BlackMagic101","Golden Idol","betterThird:SlimedRelic","aspiration:HiddenCompartment","aspiration:FetidBarrel","TheCursedMod:Tack","Mercury Hourglass","aspiration:RitualDagger","MealTicket","potionbrewer:Keyblade","White Beast Statue","TungstenRod","energizedSpire:OgreHead","Bronze Scales","wanderingMiniBosses:MasterThiefsPresence","reliquary:NewFriend","Meat on the Bone","Replay:Multitool","reliquary:GummyVitamins","Replay:Kaleidoscope","ClockworkSouvenir","reliquary:Buckler"],"acts_visited":["Exordium","TheCity","TheBeyond","TheEnding"],"potions_floor_usage":[10,11,11,16,18,27,27,31,31,31,33,35,38,40,46,47,50,50,55,55,55],"damage_taken":[{"damage":0,"enemies":"Jaw Worm","floor":1,"turns":4},{"damage":2,"enemies":"2 Louse","floor":5,"turns":4},{"damage":23,"enemies":"Gremlin Nob","floor":6,"turns":4},{"damage":18,"enemies":"3 Sentries","floor":8,"turns":8},{"damage":0,"enemies":"Cultist","floor":10,"turns":2},{"damage":24,"enemies":"Lagavulin","floor":11,"turns":7},{"damage":0,"enemies":"Gremlin Gang","floor":13,"turns":4},{"damage":0,"enemies":"Blue Slaver","floor":14,"turns":2},{"damage":20,"enemies":"Slime Boss","floor":16,"turns":7},{"damage":11,"enemies":"Chosen","floor":18,"turns":3},{"damage":6,"enemies":"3 Byrds","floor":21,"turns":2},{"damage":12,"enemies":"Snake Plant","floor":22,"turns":3},{"damage":19,"enemies":"Book of Stabbing","floor":24,"turns":4},{"damage":12,"enemies":"3 Cultists","floor":25,"turns":4},{"damage":24,"enemies":"Shelled Parasite and Fungi","floor":27,"turns":4},{"damage":13,"enemies":"Chosen and Byrds","floor":31,"turns":6},{"damage":26,"enemies":"Pondfish","floor":33,"turns":10},{"damage":28,"enemies":"3 Darklings","floor":35,"turns":7},{"damage":14,"enemies":"3 Shapes","floor":37,"turns":3},{"damage":41,"enemies":"Transient","floor":38,"turns":5},{"damage":30,"enemies":"Sphere and 2 Shapes","floor":39,"turns":6},{"damage":6,"enemies":"Nemesis","floor":40,"turns":3},{"damage":19,"enemies":"beaked:SuperParasite","floor":46,"turns":6},{"damage":4,"enemies":"Writhing Mass","floor":47,"turns":2},{"damage":65,"enemies":"Replay:Hell Engine","floor":50,"turns":9},{"damage":39,"enemies":"Shield and Spear","floor":54,"turns":5},{"damage":44,"enemies":"The Heart","floor":55,"turns":6}],"seed_played":"-2096556723752338431","potions_obtained":[{"floor":8,"key":"potionbrewer:SplittingPotion"},{"floor":10,"key":"PowerPotion"},{"floor":11,"key":"potionbrewer:CleansingPotion"},{"floor":13,"key":"Death Potion"},{"floor":22,"key":"Fire Potion"},{"floor":24,"key":"PowerPotion"},{"floor":27,"key":"BlessingOfTheForge"},{"floor":29,"key":"Regen Potion"},{"floor":31,"key":"Adrenaline Potion"},{"floor":33,"key":"SkillPotion"},{"floor":35,"key":"Elixir"},{"floor":37,"key":"DistilledChaos"},{"floor":38,"key":"potionbrewer:BoundlessPotion"},{"floor":39,"key":"Adrenaline Potion"},{"floor":40,"key":"DistilledChaos"},{"floor":46,"key":"AttackPotion"},{"floor":47,"key":"SkillPotion"},{"floor":54,"key":"AttackPotion"}],"is_trial":false,"path_per_floor":["M","?","$","?","M","E","R","E","T","M","E","?","M","M","R","B",null,"M","$","?","M","M","R","E","M","T","M","R","?","R","M","R","B",null,"M","$","M","M","M","E","R","?","T","$","R","E","M","T","R","B",null,"R","$","E","B",null],"character_chosen":"THE_CURSED","items_purchased":["TheCursedMod:SpitefulPlan","MealTicket","TheCursedMod:Hemoplague","potionbrewer:Keyblade","Mayhem","Bronze Scales","Meat on the Bone","TheCursedMod:TroublousMinions","TheCursedMod:TacticalStrike","ReplayUltimateDefense","Replay:Kaleidoscope","ClockworkSouvenir","CultistPotion","TheCursedMod:SpitefulPlan"],"campfire_rested":2,"item_purchase_floors":[3,19,19,19,36,36,44,44,44,53,53,53,53,53],"current_hp_per_floor":[75,75,75,64,62,39,39,21,21,27,5,5,11,11,33,17,75,67,67,55,49,37,37,30,30,30,6,28,28,28,34,34,8,75,47,62,56,23,75,75,75,67,67,75,75,75,75,75,75,69,75,75,75,56,75],"gold":70,"neow_bonus":"TWO_FIFTY_GOLD","is_daily":false,"chose_seed":false,"campfire_upgraded":7,"win_rate":0.0,"timestamp":1614365791,"path_taken":["M","?","$","?","M","E","R","E","T","?","E","?","M","M","R","BOSS","M","$","?","M","M","R","E","M","T","?","R","?","R","?","R","BOSS","M","$","M","M","M","E","R","?","T","$","R","E","M","?","R","BOSS","R","$","E","BOSS"],"items_purchased_type":["Card","Relic","Card","Relic","Card","Relic","Relic","Card","Card","Card","Relic","Relic","Potion","Card"],"build_version":"2020-12-22","purchased_purges":0,"victory":true,"max_hp_per_floor":[75,75,75,75,75,75,75,75,75,75,75,75,75,75,75,75,75,75,75,75,75,75,75,75,75,75,75,75,75,75,75,75,75,75,75,75,75,75,75,75,75,75,75,75,75,75,75,75,75,75,75,75,75,75,75],"card_choices":[{"not_picked":["TheCursedMod:Wield","TheCursedMod:DoubleShield"],"picked":"TheCursedMod:CursedMace","floor":1},{"not_picked":["TheCursedMod:Stretching","TheCursedMod:DarkBarrier"],"picked":"TheCursedMod:Stigma","floor":5},{"not_picked":["TheCursedMod:Obscuration","TheCursedMod:SpreadPlague"],"picked":"TheCursedMod:StingEye","floor":6},{"not_picked":["TheCursedMod:CursedAmulet","TheCursedMod:CircleOfFocus"],"picked":"TheCursedMod:CircleOfBlood","floor":8},{"not_picked":["TheCursedMod:CursedShiv","TheCursedMod:CursedMace"],"picked":"TheCursedMod:WearCloak","floor":10},{"not_picked":["TheCursedMod:WearCloak","TheCursedMod:Stretching"],"picked":"TheCursedMod:SpitefulStrike","floor":11},{"not_picked":["TheCursedMod:VitalStrike","TheCursedMod:RavingStaff"],"picked":"TheCursedMod:SurpriseAttack","floor":13},{"not_picked":["TheCursedMod:SpitefulPlan","TheCursedMod:CircleOfBlood"],"picked":"TheCursedMod:SpitefulPray","floor":14},{"not_picked":["TheCursedMod:DemonSword","TheCursedMod:ShockAndAwe"],"picked":"TheCursedMod:CursedRelics","floor":16},{"not_picked":["TheCursedMod:WearCloak","TheCursedMod:Wield"],"picked":"TheCursedMod:CursedAmulet+1","floor":18},{"not_picked":["TheCursedMod:Stretching","TheCursedMod:Torture"],"picked":"TheCursedMod:Obscuration","floor":21},{"not_picked":["TheCursedMod:RapidMovement","TheCursedMod:ReleasedKnowledge"],"picked":"TheCursedMod:BloodBarrier+1","floor":22},{"not_picked":["TheCursedMod:AbyssShockwave","TheCursedMod:Wield"],"picked":"TheCursedMod:StunningStrike","floor":24},{"not_picked":["TheCursedMod:Mangle","TheCursedMod:CursedMace+1"],"picked":"TheCursedMod:LuckyCharm","floor":25},{"not_picked":["TheCursedMod:Torture","TheCursedMod:AshesToAshes+1"],"picked":"TheCursedMod:TroublousMinions+1","floor":27},{"not_picked":["TheCursedMod:RavingStaff","TheCursedMod:FleshFromBone"],"picked":"TheCursedMod:CursedBoomerang","floor":31},{"not_picked":["TheCursedMod:OutForBlood","TheCursedMod:ParallelWorld"],"picked":"TheCursedMod:Neurasthenia","floor":33},{"not_picked":["TheCursedMod:TroublousMinions","TheCursedMod:SpitefulStrike+1"],"picked":"TheCursedMod:VitalStrike+1","floor":35},{"not_picked":["TheCursedMod:CircleOfCorruption","TheCursedMod:CursedMace+1"],"picked":"TheCursedMod:WearCloak","floor":37},{"not_picked":["TheCursedMod:CircleOfCorruption","TheCursedMod:TacticalStrike+1"],"picked":"TheCursedMod:CursedArmor","floor":38},{"not_picked":["TheCursedMod:Stretching+1","TheCursedMod:FuryStrike"],"picked":"TheCursedMod:SurpriseAttack+1","floor":39},{"not_picked":["TheCursedMod:CircleOfAbyss","TheCursedMod:RavingStaff+1"],"picked":"TheCursedMod:CircleOfBlood+1","floor":40},{"not_picked":["TheCursedMod:SurpriseAttack","TheCursedMod:Neurasthenia"],"picked":"TheCursedMod:SpitefulStrike","floor":46},{"not_picked":["TheCursedMod:CursedShiv+1","TheCursedMod:SpitefulStrike"],"picked":"TheCursedMod:SurpriseAttack+1","floor":47},{"not_picked":["TheCursedMod:TacticalStrike","TheCursedMod:SurpriseAttack+1"],"picked":"TheCursedMod:ReleasedStrength","floor":54}],"player_experience":1015384,"relics_obtained":[{"floor":6,"key":"aspiration:HiddenCompartment"},{"floor":8,"key":"aspiration:FetidBarrel"},{"floor":9,"key":"TheCursedMod:Tack"},{"floor":11,"key":"Mercury Hourglass"},{"floor":24,"key":"White Beast Statue"},{"floor":26,"key":"TungstenRod"},{"floor":39,"key":"wanderingMiniBosses:MasterThiefsPresence"},{"floor":40,"key":"reliquary:NewFriend"},{"floor":46,"key":"Replay:Multitool"},{"floor":48,"key":"reliquary:GummyVitamins"},{"floor":54,"key":"reliquary:Buckler"}],"event_choices":[{"damage_healed":0,"gold_gain":0,"player_choice":"Take Wound","damage_taken":0,"relics_obtained":["Golden Idol"],"max_hp_gain":0,"max_hp_loss":0,"event_name":"Golden Idol","floor":2,"gold_loss":0,"cards_obtained":["Injury"]},{"damage_healed":0,"gold_gain":0,"player_choice":"Slimed","damage_taken":11,"max_hp_gain":0,"max_hp_loss":0,"event_name":"betterThird:BetterGoop","floor":4,"gold_loss":37},{"damage_healed":0,"gold_gain":0,"player_choice":"1 cards matched","damage_taken":0,"max_hp_gain":0,"max_hp_loss":0,"event_name":"Match and Keep!","floor":12,"gold_loss":0,"cards_obtained":["Discovery"]},{"damage_healed":0,"gold_gain":0,"player_choice":"CARD ","damage_taken":12,"max_hp_gain":0,"max_hp_loss":0,"event_name":"Knowing Skull","floor":20,"potions_obtained":[],"gold_loss":0,"cards_obtained":["Good Instincts"]},{"damage_healed":0,"gold_gain":0,"player_choice":"Got Potions","damage_taken":0,"max_hp_gain":0,"max_hp_loss":0,"event_name":"Lab","floor":29,"gold_loss":0},{"damage_healed":0,"gold_gain":0,"player_choice":"Embrace Madness","damage_taken":9,"max_hp_gain":0,"max_hp_loss":0,"event_name":"Winding Halls","floor":42,"gold_loss":0,"cards_obtained":["Madness","Madness"]}],"is_beta":false,"boss_relics":[{"not_picked":["Runic Pyramid","Empty Cage"],"picked":"aspiration:RitualDagger"},{"not_picked":["Busted Crown","reliquary:Craggleroot"],"picked":"energizedSpire:OgreHead"}],"items_purged_floors":[],"is_endless":false,"potions_floor_spawned":[8,10,11,13,22,24,25,27,31,33,35,37,38,39,40,46,47,54],"ascension_level":2}}