{"host":"kh6fvhxn285ncg0o","time":1614340472,"event":{"mods":["Act Like it!","BaseMod","Colored Map","Friendly Minions","Keyboard Shortcuts","Minty Spire (QoL Compilation)","Quick Restart","Relic Stats","StSLib","SuperFastMode","UnlockEverythingMod"],"gold_per_floor":[118,130,130,42,42,68,68,103,103,119,119,119,119,155,155,246,246,264,314,98,98,98,98,133,133,133,133,146,173,123,158,158,263,263,315,265,319,361,448,448,464,506,574,574,617,617,667,691,691,691,691,691,691,26,66,66],"floor_reached":57,"language":"KOR","playtime":2237,"items_purged":["Strike_R","Perfected Strike","Strike_R","Pommel Strike"],"score":3405,"play_id":"8b8882dc-eae4-46db-b3b4-d5f0e80f6a5c","local_time":"20210226205432","is_ascension_mode":true,"campfire_choices":[{"data":"Carnage","floor":7.0,"key":"SMITH"},{"data":"Body Slam","floor":11.0,"key":"SMITH"},{"data":"Battle Trance","floor":13.0,"key":"SMITH"},{"data":"Fiend Fire","floor":15.0,"key":"SMITH"},{"data":"Pommel Strike","floor":23,"key":"SMITH"},{"data":"Second Wind","floor":25,"key":"SMITH"},{"data":"Shrug It Off","floor":27,"key":"SMITH"},{"data":"Turbo","floor":32,"key":"SMITH"},{"data":"Panacea","floor":40,"key":"SMITH"},{"floor":46,"key":"RECALL"},{"data":"Discovery","floor":49,"key":"SMITH"},{"data":"White Noise","floor":53,"key":"SMITH"}],"circlet_count":0,"master_deck":["AscendersBane","Defend_R","Defend_R","Defend_R","Defend_R","Bash","Pommel Strike+1","Shrug It Off+1","Carnage+1","Battle Trance+1","Dark Embrace+1","Body Slam+1","Fiend Fire+1","Berserk+1","CurseOfTheBell","Feel No Pain+1","Second Wind+1","Backflip+1","Turbo+1","Magnetism+1","White Noise+1","Jack Of All Trades+1","Study+1","Panacea+1","Wraith Form v2+1","Discovery+1","Seeing Red+1","Skim","Impervious","Impatience","Power Through+1"],"relics":["SacredBark","Frozen Egg 2","Strawberry","Smiling Mask","The Courier","Golden Idol","Bag of Preparation","Calling Bell","Blood Vial","Matryoshka","Mango","PrismaticShard","Mummified Hand","PreservedInsect","Gremlin Horn","CeramicFish","Happy Flower","Magic Flower","SlaversCollar","Champion Belt","Nunchaku","Oddly Smooth Stone","Pen Nib","Regal Pillow","Anchor","Orrery","Akabeko","Boot"],"acts_visited":["Exordium","TheCity","TheBeyond","TheEnding"],"potions_floor_usage":[16,24,31,33,50,56,56],"damage_taken":[{"damage":4.0,"enemies":"2 Louse","floor":1.0,"turns":4.0},{"damage":7.0,"enemies":"Small Slimes","floor":2.0,"turns":5.0},{"damage":7.0,"enemies":"3 Sentries","floor":6.0,"turns":9.0},{"damage":10.0,"enemies":"Gremlin Nob","floor":8.0,"turns":3.0},{"damage":4.0,"enemies":"Jaw Worm","floor":10.0,"turns":2.0},{"damage":5.0,"enemies":"3 Sentries","floor":14.0,"turns":8.0},{"damage":8,"enemies":"Slime Boss","floor":16,"turns":7},{"damage":18,"enemies":"3 Byrds","floor":18,"turns":7},{"damage":5,"enemies":"Book of Stabbing","floor":24,"turns":4},{"damage":0,"enemies":"Chosen","floor":28,"turns":3},{"damage":2,"enemies":"Slavers","floor":31,"turns":6},{"damage":0,"enemies":"Collector","floor":33,"turns":3},{"damage":0,"enemies":"3 Shapes","floor":35,"turns":3},{"damage":0,"enemies":"3 Darklings","floor":37,"turns":5},{"damage":3,"enemies":"4 Shapes","floor":38,"turns":3},{"damage":16,"enemies":"2 Orb Walkers","floor":39,"turns":6},{"damage":0,"enemies":"Spire Growth","floor":41,"turns":2},{"damage":0,"enemies":"Reptomancer","floor":42,"turns":1},{"damage":0,"enemies":"Nemesis","floor":45,"turns":5},{"damage":0,"enemies":"Reptomancer","floor":47,"turns":2},{"damage":0,"enemies":"Transient","floor":48,"turns":6},{"damage":12,"enemies":"Donu and Deca","floor":50,"turns":5},{"damage":0,"enemies":"Awakened One","floor":51,"turns":3},{"damage":0,"enemies":"Shield and Spear","floor":55,"turns":3},{"damage":11,"enemies":"The Heart","floor":56,"turns":8}],"seed_played":"1080936937393332473","potions_obtained":[{"floor":2.0,"key":"DistilledChaos"},{"floor":6.0,"key":"BlessingOfTheForge"},{"floor":8.0,"key":"Strength Potion"},{"floor":16,"key":"LiquidBronze"},{"floor":18,"key":"FearPotion"},{"floor":31,"key":"Swift Potion"},{"floor":37,"key":"Fire Potion"},{"floor":39,"key":"Energy Potion"},{"floor":48,"key":"ElixirPotion"}],"is_trial":false,"path_per_floor":["M","M","?","$","?","E","R","E","T","M","R","?","R","E","R","B",null,"M","?","$","?","?","R","E","R","T","R","M","T","$","E","R","B",null,"M","$","M","M","?","R","M","E","T","?","E","R","E","M","R","B","B",null,"R","$","E","B",null],"character_chosen":"IRONCLAD","items_purchased":["Carnage","Feel No Pain+1","PrismaticShard","Anchor","Orrery","Dexterity Potion","Impervious","Akabeko","Impatience"],"campfire_rested":0,"item_purchase_floors":[4,20,20,54,54,54,54,54,54],"current_hp_per_floor":[64,57,57,57,46,46,46,36,36,32,32,32,32,27,27,19,74,58,58,58,58,58,58,55,55,55,55,57,57,57,57,57,60,81,84,84,87,85,72,72,75,78,78,78,81,81,84,87,87,76,79,86,86,86,88,77],"gold":66,"neow_bonus":"BOSS_RELIC","is_daily":false,"chose_seed":false,"campfire_upgraded":11,"win_rate":0.0,"timestamp":1614340472,"path_taken":["M","M","?","$","?","E","R","E","T","?","R","?","R","E","R","BOSS","M","?","$","?","?","R","E","R","T","R","M","?","$","E","R","BOSS","M","$","M","M","?","R","M","E","T","?","E","R","E","?","R","BOSS","BOSS","R","$","E","BOSS"],"items_purchased_type":["Card","Card","Relic","Relic","Relic","Potion","Card","Relic","Card"],"build_version":"2020-12-22","purchased_purges":4,"victory":true,"max_hp_per_floor":[75,75,75,75,75,82,82,82,82,82,82,74,74,74,74,74,88,88,88,88,88,88,88,88,88,88,88,88,88,88,88,88,88,88,88,88,88,88,88,88,88,88,88,88,88,88,88,88,88,88,88,88,88,88,88,88],"relic_stats":{"Regal Pillow":0,"Gremlin Horn":[17,21],"Happy Flower":[20],"counters":[25,113],"Golden Idol":184,"CeramicFish":108,"Magic Flower":[10],"PreservedInsect":293,"Pen Nib":[7],"Bag of Preparation":[38],"Smiling Mask":160,"Boot":[0],"Blood Vial":42,"Nunchaku":[8],"Mummified Hand":[91],"Champion Belt":[10],"obtain_stats":[{"Regal Pillow":47,"Gremlin Horn":26,"SacredBark":0,"CeramicFish":29,"Magic Flower":31,"Mango":17,"Bag of Preparation":14,"Smiling Mask":8,"PrismaticShard":20,"Boot":55,"Burning Blood":0,"Blood Vial":17,"Nunchaku":42,"Matryoshka":17,"Mummified Hand":24,"Strawberry":6,"Happy Flower":29,"Golden Idol":12,"Oddly Smooth Stone":44,"The Courier":9,"PreservedInsect":26,"Pen Nib":45,"Frozen Egg 2":5,"Akabeko":54,"Calling Bell":17,"SlaversCollar":34,"Anchor":54,"Orrery":54,"Champion Belt":39},{"Regal Pillow":20,"Gremlin Horn":9,"SacredBark":0,"CeramicFish":10,"Magic Flower":11,"Mango":7,"Bag of Preparation":6,"Smiling Mask":4,"PrismaticShard":8,"Boot":24,"Burning Blood":0,"Blood Vial":7,"Nunchaku":18,"Matryoshka":7,"Mummified Hand":9,"Strawberry":3,"Happy Flower":10,"Golden Idol":5,"Oddly Smooth Stone":18,"The Courier":4,"PreservedInsect":9,"Pen Nib":19,"Frozen Egg 2":2,"Akabeko":23,"Calling Bell":7,"SlaversCollar":12,"Anchor":23,"Orrery":23,"Champion Belt":16},{"Regal Pillow":88,"Gremlin Horn":49,"SacredBark":0,"CeramicFish":52,"Magic Flower":58,"Mango":38,"Bag of Preparation":31,"Smiling Mask":21,"PrismaticShard":45,"Boot":105,"Burning Blood":0,"Blood Vial":38,"Nunchaku":81,"Matryoshka":38,"Mummified Hand":49,"Strawberry":18,"Happy Flower":52,"Golden Idol":23,"Oddly Smooth Stone":81,"The Courier":21,"PreservedInsect":49,"Pen Nib":86,"Frozen Egg 2":9,"Akabeko":102,"Calling Bell":38,"SlaversCollar":61,"Anchor":102,"Orrery":102,"Champion Belt":78}]},"card_choices":[{"not_picked":["Perfected Strike","Havoc"],"picked":"Pommel Strike","floor":1.0},{"not_picked":["Havoc","Spot Weakness"],"picked":"Shrug It Off","floor":2.0},{"not_picked":["Body Slam","Thunderclap"],"picked":"Battle Trance","floor":6.0},{"not_picked":["Havoc","Flex"],"picked":"Dark Embrace+1","floor":8.0},{"not_picked":["Flex","Iron Wave"],"picked":"Body Slam","floor":10.0},{"not_picked":["Combust+1","Iron Wave"],"picked":"Fiend Fire","floor":14.0},{"not_picked":["Bludgeon","Reaper"],"picked":"Berserk+1","floor":16},{"not_picked":["Doom and Gloom+1","FlyingSleeves"],"picked":"Backflip+1","floor":24},{"not_picked":["FlyingSleeves","Consecrate"],"picked":"Turbo","floor":28},{"not_picked":["All For One","Perseverance","Crippling Poison"],"picked":"SKIP","floor":31},{"not_picked":["HandOfGreed","Omniscience"],"picked":"Magnetism+1","floor":33},{"not_picked":["JustLucky","Wild Strike"],"picked":"White Noise","floor":35},{"not_picked":["Streamline","Skewer+1"],"picked":"Jack Of All Trades+1","floor":37},{"not_picked":["Cleave+1","Sucker Punch"],"picked":"Study+1","floor":38},{"not_picked":["Thunderclap","Well Laid Plans+1"],"picked":"Panacea","floor":39},{"not_picked":["Clash","Clothesline","Combust+1"],"picked":"SKIP","floor":41},{"not_picked":["Infernal Blade","FlurryOfBlows"],"picked":"Wraith Form v2+1","floor":42},{"not_picked":["BootSequence+1","Redo+1","Shockwave"],"picked":"SKIP","floor":45},{"not_picked":["BootSequence+1","Redo+1","Shockwave"],"picked":"SKIP","floor":45},{"not_picked":["Apotheosis","Scrape"],"picked":"Discovery","floor":47},{"not_picked":["Prepared+1","Bloodletting","Warcry"],"picked":"SKIP","floor":48},{"not_picked":["Quick Slash","Setup"],"picked":"Seeing Red+1","floor":54},{"not_picked":["Recycle","Clash"],"picked":"Skim","floor":54},{"not_picked":["Storm+1","Streamline"],"picked":"Power Through+1","floor":55}],"player_experience":1560418,"relics_obtained":[{"floor":6.0,"key":"Strawberry"},{"floor":8.0,"key":"Smiling Mask"},{"floor":9.0,"key":"The Courier"},{"floor":14.0,"key":"Bag of Preparation"},{"floor":17,"key":"Blood Vial"},{"floor":17,"key":"Matryoshka"},{"floor":17,"key":"Mango"},{"floor":24,"key":"Mummified Hand"},{"floor":26,"key":"PreservedInsect"},{"floor":26,"key":"Gremlin Horn"},{"floor":29,"key":"CeramicFish"},{"floor":29,"key":"Happy Flower"},{"floor":31,"key":"Magic Flower"},{"floor":39,"key":"Champion Belt"},{"floor":42,"key":"Nunchaku"},{"floor":45,"key":"Pen Nib"},{"floor":47,"key":"Regal Pillow"},{"floor":55,"key":"Boot"}],"event_choices":[{"cards_removed":["Strike_R"],"damage_healed":0.0,"max_hp_gain":0.0,"max_hp_loss":0.0,"gold_gain":0.0,"event_name":"Living Wall","player_choice":"Forget","floor":3.0,"gold_loss":0.0,"damage_taken":0.0},{"damage_healed":0.0,"max_hp_gain":0.0,"max_hp_loss":0.0,"gold_gain":0.0,"event_name":"Scrap Ooze","player_choice":"Success","floor":5.0,"gold_loss":0.0,"damage_taken":11.0,"relics_obtained":["Frozen Egg 2"]},{"damage_healed":0.0,"max_hp_gain":0.0,"max_hp_loss":8.0,"gold_gain":0.0,"event_name":"Golden Idol","player_choice":"Lose Max HP","floor":12.0,"gold_loss":0.0,"damage_taken":0.0,"relics_obtained":["Golden Idol"]},{"damage_healed":0,"gold_gain":50,"player_choice":"Stole From Cult","damage_taken":0,"max_hp_gain":0,"max_hp_loss":0,"event_name":"Nest","floor":19,"gold_loss":0},{"damage_healed":0,"gold_gain":0,"cards_transformed":["Strike_R","Strike_R"],"player_choice":"Became Test Subject","damage_taken":0,"max_hp_gain":0,"max_hp_loss":0,"event_name":"Drug Dealer","floor":21,"gold_loss":0,"cards_obtained":["Perfected Strike","Pommel Strike"]},{"damage_healed":0,"gold_gain":0,"player_choice":"Read","damage_taken":0,"max_hp_gain":0,"max_hp_loss":0,"event_name":"The Library","floor":22,"gold_loss":0,"cards_obtained":["Second Wind"]},{"damage_healed":0,"gold_gain":0,"player_choice":"Fight","damage_taken":0,"max_hp_gain":0,"max_hp_loss":0,"event_name":"Mysterious Sphere","floor":39,"gold_loss":0},{"damage_healed":0,"gold_gain":0,"player_choice":"Gave Potion","damage_taken":0,"relics_obtained":["Oddly Smooth Stone"],"max_hp_gain":0,"max_hp_loss":0,"event_name":"WeMeetAgain","floor":44,"gold_loss":0}],"is_beta":false,"boss_relics":[{"not_picked":["Tiny House","Runic Cube"],"picked":"Calling Bell"},{"not_picked":["Runic Dome","Velvet Choker"],"picked":"SlaversCollar"}],"items_purged_floors":[20,30,36,54],"is_endless":false,"potions_floor_spawned":[2,6,8,16,18,31,37,39,41,48],"ascension_level":20}}