{"host":"3498uni0c31c9bdm","time":1614354465,"event":{"mods":["BaseMod","Better Match","Better Note","Better Sensory Stone","Better Skull","Better Third Choice","Colored Map","Minty Spire (QoL Compilation)","Quick Restart","RNG Fix","Random Character Button","Replay The Spire","Shop Mod","Smile Girya","StSLib","Unceasing Turn Reminder"],"gold_per_floor":[117,134,134,151,171,206,206,206,258,217,217,217,217,237,237,311,311,330,330,72,83,97,125,125,125,203,203,203,219,245,264,264,335,335,347,372,372,382,398,424,424,24,24,56,56,56,56,85,85,85,85,85,39,66,66],"floor_reached":56,"language":"ENG","playtime":2753,"items_purged":["Looming Evil","Pain"],"score":1868,"play_id":"3cba34e1-3ab3-426f-bc4a-a1cce0bc137e","local_time":"20210227024745","is_ascension_mode":true,"campfire_choices":[{"floor":11,"key":"RECALL"},{"data":"Evaluate","floor":15,"key":"SMITH"},{"floor":28,"key":"REST"},{"floor":32,"key":"REST"},{"floor":41,"key":"REST"},{"floor":47,"key":"REST"},{"floor":49,"key":"REST"},{"data":"ReplayUltimateDefense","floor":52,"key":"SMITH"}],"circlet_count":0,"master_deck":["AscendersBane","Strike_P","Strike_P","Strike_P","Defend_P","Defend_P","Defend_P","Eruption","Vigilance+1","JustLucky","Tantrum+1","Replay:Cycle","EmptyFist","Fasting2","SandsOfTime","Evaluate+1","Devotion","CutThroughFate","CrushJoints+1","Wallop","Necronomicurse","Replay:Hum+1","Blade Dance","Sadistic Nature","Delirium","CommonCold","Pain","Prepared+1","Footwork","White Noise","TalkToTheHand+1","Replay:Undeath\u0027s Touch","Devotion","TalkToTheHand+1","ReplayUltimateDefense+1","Trip","Dagger Spray","Halt","Flechettes"],"relics":["PureWater","ReplayTheSpireMod:TigerMarble","Ring of Hypnosis","Ring of Searing","Happy Flower","Strawberry","betterThird:SlimedRelic","Busted Crown","PrismaticShard","Question Card","WarpedTongs","Garlic","Necronomicon","Akabeko","Replay:Ancient Bell","Potion Belt","White Beast Statue","Du-Vu Doll","Torii","Letter Opener","Anchor","Lee\u0027s Waffle","Nunchaku","Thread and Needle","Bronze Scales","Toy Ornithopter"],"acts_visited":["Exordium","TheCity","TheBeyond","TheEnding"],"potions_floor_usage":[6,23,29,33,40,40,44,48,50,55],"damage_taken":[{"damage":0,"enemies":"Cultist","floor":1,"turns":3},{"damage":0,"enemies":"2 Louse","floor":2,"turns":4},{"damage":11,"enemies":"Jaw Worm","floor":4,"turns":3},{"damage":12,"enemies":"Exordium Wildlife","floor":5,"turns":3},{"damage":5,"enemies":"Gremlin Nob","floor":6,"turns":3},{"damage":0,"enemies":"2 Fungi Beasts","floor":14,"turns":1},{"damage":22,"enemies":"The Guardian","floor":16,"turns":11},{"damage":16,"enemies":"Chosen","floor":18,"turns":3},{"damage":0,"enemies":"Spheric Guardian","floor":21,"turns":1},{"damage":4,"enemies":"Shelled Parasite and Fungi","floor":22,"turns":3},{"damage":12,"enemies":"Book of Stabbing","floor":23,"turns":5},{"damage":2,"enemies":"Snecko","floor":29,"turns":3},{"damage":9,"enemies":"Replay:Snechameleon","floor":30,"turns":5},{"damage":4,"enemies":"Snake Plant","floor":31,"turns":2},{"damage":40,"enemies":"Champ","floor":33,"turns":6},{"damage":0,"enemies":"3 Darklings","floor":35,"turns":1},{"damage":16,"enemies":"Mind Bloom Boss Battle","floor":36,"turns":7},{"damage":0,"enemies":"Orb Walker","floor":38,"turns":2},{"damage":5,"enemies":"Jaw Worm Horde","floor":39,"turns":3},{"damage":24,"enemies":"Reptomancer","floor":40,"turns":3},{"damage":17,"enemies":"Giant Head","floor":44,"turns":4},{"damage":31,"enemies":"R_Hoarder","floor":48,"turns":9},{"damage":52,"enemies":"Replay:Hell Engine","floor":50,"turns":5},{"damage":12,"enemies":"Shield and Spear","floor":54,"turns":5},{"damage":41,"enemies":"The Heart","floor":55,"turns":7}],"seed_played":"-7405609545710404860","potions_obtained":[{"floor":1,"key":"Elixir"},{"floor":14,"key":"Dexterity Potion"},{"floor":16,"key":"Dexterity Potion"},{"floor":30,"key":"Regen Potion"},{"floor":35,"key":"EssenceOfSteel"},{"floor":36,"key":"Block Potion"},{"floor":38,"key":"FearPotion"},{"floor":39,"key":"Toxic Potion"},{"floor":40,"key":"Elixir"},{"floor":44,"key":"Block Potion"},{"floor":48,"key":"Energy Potion"},{"floor":54,"key":"BottledMiracle"}],"is_trial":false,"path_per_floor":["M","M","?","M","M","E","?","?","T","?","R","?","?","M","R","B",null,"M","?","$","M","M","E","?","?","T","?","R","M","E","M","R","B",null,"M","?","T","M","M","E","R","$","T","E","?","?","R","E","R","B",null,"R","$","E","B",null],"character_chosen":"WATCHER","items_purchased":["PrismaticShard","CrushJoints+1","Lee\u0027s Waffle","Nunchaku","Halt"],"campfire_rested":5,"item_purchase_floors":[20,20,42,42,53],"current_hp_per_floor":[61,61,61,50,38,33,55,55,62,51,51,51,51,51,51,29,64,52,52,52,52,48,36,36,36,36,15,37,35,30,26,48,23,62,62,46,46,46,41,17,39,82,82,65,65,65,82,56,80,28,69,69,69,57,21],"gold":66,"neow_bonus":"RANDOM_COMMON_RELIC","is_daily":false,"chose_seed":false,"campfire_upgraded":2,"win_rate":0.0,"timestamp":1614354465,"path_taken":["M","M","?","M","?","E","?","?","T","?","R","?","?","M","R","BOSS","M","?","$","M","?","E","?","?","T","?","R","M","E","M","R","BOSS","M","?","?","M","M","E","R","$","T","E","?","?","R","E","R","BOSS","R","$","E","BOSS"],"items_purchased_type":["Relic","Card","Relic","Relic","Card"],"build_version":"2020-12-22","purchased_purges":2,"victory":true,"max_hp_per_floor":[68,68,68,68,68,68,68,68,75,75,75,75,75,75,75,75,75,75,75,75,75,75,75,75,75,75,75,75,75,75,75,75,75,75,75,75,75,75,75,75,75,82,82,82,82,82,82,82,82,82,82,82,82,82,82],"card_choices":[{"not_picked":["ThirdEye","Meditate"],"picked":"JustLucky","floor":1},{"not_picked":["Evaluate","BowlingBash"],"picked":"Tantrum","floor":2},{"not_picked":["Protect","Scrawl"],"picked":"Replay:Cycle","floor":4},{"not_picked":["Protect","FlurryOfBlows"],"picked":"EmptyFist","floor":5},{"not_picked":["EmptyFist","Replay:Anticipation"],"picked":"Fasting2","floor":6},{"not_picked":["Halt","Crescendo"],"picked":"Evaluate","floor":14},{"not_picked":["ConjureBlade","Wish"],"picked":"Devotion","floor":16},{"not_picked":[],"picked":"CutThroughFate","floor":18},{"not_picked":[],"picked":"Wallop","floor":21},{"not_picked":["Run Through"],"picked":"SKIP","floor":22},{"not_picked":["Abandon+1"],"picked":"SKIP","floor":23},{"not_picked":["Clash"],"picked":"Replay:Hum+1","floor":29},{"not_picked":["Crystallizer+1","Catalyst"],"picked":"SKIP","floor":30},{"not_picked":["Slice"],"picked":"Blade Dance","floor":31},{"not_picked":["Master of Strategy"],"picked":"Sadistic Nature","floor":33},{"not_picked":["AbeCurse"],"picked":"Delirium","floor":34},{"not_picked":["ReplayTheSpireMod:Faulty Equipment"],"picked":"CommonCold","floor":34},{"not_picked":["Regret"],"picked":"Pain","floor":34},{"not_picked":["Thunderclap"],"picked":"Prepared+1","floor":35},{"not_picked":["Halt+1"],"picked":"Footwork","floor":36},{"not_picked":["Darkness"],"picked":"White Noise","floor":38},{"not_picked":["Acrobatics"],"picked":"TalkToTheHand+1","floor":39},{"not_picked":["Headbutt"],"picked":"Replay:Undeath\u0027s Touch","floor":40},{"not_picked":["Clash"],"picked":"Devotion","floor":44},{"not_picked":["Dark Shackles"],"picked":"ReplayUltimateDefense","floor":46},{"not_picked":["Dramatic Entrance"],"picked":"Trip","floor":46},{"not_picked":["Seeing Red"],"picked":"Dagger Spray","floor":48},{"not_picked":["Bane"],"picked":"Flechettes","floor":54}],"player_experience":947155,"relics_obtained":[{"floor":3,"key":"Ring of Hypnosis"},{"floor":3,"key":"Ring of Searing"},{"floor":6,"key":"Happy Flower"},{"floor":9,"key":"Strawberry"},{"floor":23,"key":"Question Card"},{"floor":26,"key":"Garlic"},{"floor":27,"key":"Necronomicon"},{"floor":30,"key":"Akabeko"},{"floor":36,"key":"Torii"},{"floor":37,"key":"Letter Opener"},{"floor":40,"key":"Anchor"},{"floor":44,"key":"Thread and Needle"},{"floor":48,"key":"Bronze Scales"},{"floor":54,"key":"Toy Ornithopter"}],"event_choices":[{"damage_healed":22,"gold_gain":0,"player_choice":"Banana","damage_taken":0,"max_hp_gain":0,"max_hp_loss":0,"event_name":"Big Fish","floor":7,"gold_loss":0},{"damage_healed":0,"gold_gain":0,"player_choice":"Grow","damage_taken":0,"max_hp_gain":0,"max_hp_loss":0,"event_name":"Living Wall","floor":8,"gold_loss":0,"cards_upgraded":["Tantrum"]},{"damage_healed":0,"gold_gain":0,"player_choice":"Slimed","damage_taken":11,"max_hp_gain":0,"max_hp_loss":0,"event_name":"betterThird:BetterGoop","floor":10,"gold_loss":41},{"damage_healed":0,"gold_gain":0,"player_choice":"Upgraded","damage_taken":0,"max_hp_gain":0,"max_hp_loss":0,"event_name":"Upgrade Shrine","floor":12,"gold_loss":0,"cards_upgraded":["Vigilance"]},{"damage_healed":0,"gold_gain":0,"cards_transformed":["Defend_P"],"player_choice":"Transformed","damage_taken":0,"max_hp_gain":0,"max_hp_loss":0,"event_name":"Transmorgrifier","floor":13,"gold_loss":0,"cards_obtained":["SandsOfTime"]},{"damage_healed":0,"gold_gain":0,"player_choice":"Ignored","damage_taken":0,"max_hp_gain":0,"max_hp_loss":0,"event_name":"Vampires","floor":19,"gold_loss":0},{"cards_removed":["Strike_P"],"damage_healed":0,"gold_gain":0,"player_choice":"Offered Basic","damage_taken":0,"max_hp_gain":0,"max_hp_loss":0,"event_name":"Bonfire Elementals","floor":24,"gold_loss":0},{"damage_healed":0,"gold_gain":0,"player_choice":"Rummage","damage_taken":0,"relics_obtained":["WarpedTongs"],"max_hp_gain":0,"max_hp_loss":0,"event_name":"Accursed Blacksmith","floor":25,"gold_loss":0,"cards_obtained":["Pain"]},{"damage_healed":0,"gold_gain":0,"player_choice":"Obtained Book","damage_taken":21,"max_hp_gain":0,"max_hp_loss":0,"event_name":"Cursed Tome","floor":27,"gold_loss":0},{"damage_healed":0,"gold_gain":0,"player_choice":"Fight","damage_taken":0,"max_hp_gain":0,"max_hp_loss":0,"event_name":"MindBloom","floor":36,"gold_loss":0},{"damage_healed":0,"gold_gain":0,"player_choice":"Copied","damage_taken":0,"max_hp_gain":0,"max_hp_loss":0,"event_name":"Duplicator","floor":45,"gold_loss":0,"cards_obtained":["TalkToTheHand"]},{"damage_healed":0,"gold_gain":3,"player_choice":"1","damage_taken":0,"max_hp_gain":0,"max_hp_loss":0,"event_name":"betterStone:BetterStone","floor":46,"gold_loss":0}],"is_beta":false,"boss_relics":[{"not_picked":["Philosopher\u0027s Stone","Ring of Chaos"],"picked":"Busted Crown"},{"not_picked":["Snecko Eye","Calling Bell"],"picked":"Replay:Ancient Bell"},{"not_picked":["MawBank","Replay:Mystery Machine"],"picked":"Potion Belt"},{"not_picked":["StrikeDummy","Mercury Hourglass"],"picked":"White Beast Statue"},{"not_picked":["Replay:Towering Pillar of Hats","Replay:Kaleidoscope"],"picked":"Du-Vu Doll"}],"items_purged_floors":[20,42],"is_endless":false,"potions_floor_spawned":[1,14,16,21,30,35,36,38,39,40,44,48,54],"ascension_level":15}}