{"host":"ia9e4s524g7bamk7","time":1614326551,"event":{"mods":["AchievementEnabler","BaseMod","Colored Map","Minty Spire (QoL Compilation)","Permanent Neow","Slay-I","slay the spire mod where everything is the same but ironclad has a cowboy hat"],"gold_per_floor":[119,133,144,144,163,163,193,193,193,193,36,67,67,96,96,193,193,203,232,244,260,260,295,295,295,295],"floor_reached":25,"language":"ENG","playtime":1609,"items_purged":[],"score":309,"play_id":"66178371-4bdf-4104-aa3b-d25bbf42548c","local_time":"20210226090231","is_ascension_mode":true,"campfire_choices":[{"data":"Survivor","floor":6.0,"key":"SMITH"},{"floor":8.0,"key":"REST"},{"data":"All Out Attack","floor":10.0,"key":"SMITH"},{"data":"Blade Dance","floor":15.0,"key":"SMITH"},{"floor":24.0,"key":"REST"}],"circlet_count":0,"master_deck":["Strike_G","Strike_G","Strike_G+1","Strike_G","Strike_G","Defend_G","Defend_G","Defend_G","Defend_G","Defend_G","Survivor+1","Neutralize","All Out Attack+1","Well Laid Plans","Finisher+1","Infinite Blades+1","Dash","After Image+1","Blade Dance+1","Footwork+1","Tools of the Trade+1","Footwork+1","Caltrops+1","Setup+1","Predator","RitualDagger","Reflex+1"],"relics":["SacredBark","Frozen Egg 2","Pantograph","HornCleat","Sundial","Odd Mushroom","Cursed Key","Red Mask","Whetstone"],"acts_visited":["Exordium","TheCity"],"potions_floor_usage":[25],"damage_taken":[{"damage":3.0,"enemies":"Small Slimes","floor":1.0,"turns":5.0},{"damage":1.0,"enemies":"Jaw Worm","floor":2.0,"turns":4.0},{"damage":12.0,"enemies":"2 Louse","floor":3.0,"turns":3.0},{"damage":7.0,"enemies":"Large Slime","floor":5.0,"turns":5.0},{"damage":20.0,"enemies":"Gremlin Nob","floor":7.0,"turns":4.0},{"damage":7.0,"enemies":"Lagavulin","floor":12.0,"turns":7.0},{"damage":0.0,"enemies":"The Mushroom Lair","floor":14.0,"turns":5.0},{"damage":24.0,"enemies":"Hexaghost","floor":16.0,"turns":11.0},{"damage":4.0,"enemies":"Spheric Guardian","floor":18.0,"turns":5.0},{"damage":33.0,"enemies":"Masked Bandits","floor":19.0,"turns":5.0},{"damage":0.0,"enemies":"3 Byrds","floor":20.0,"turns":5.0},{"damage":6.0,"enemies":"Snake Plant","floor":21.0,"turns":5.0},{"damage":8.0,"enemies":"Gremlin Leader","floor":23.0,"turns":8.0},{"damage":25,"enemies":"Slavers","floor":25,"turns":3}],"seed_played":"31385548806563714","potions_obtained":[{"floor":2.0,"key":"SteroidPotion"},{"floor":16.0,"key":"Dexterity Potion"},{"floor":19.0,"key":"CunningPotion"},{"floor":21.0,"key":"BlessingOfTheForge"}],"is_trial":false,"path_per_floor":["M","M","M","?","M","R","E","R","T","R","$","E","?","?","R","B",null,"M","?","M","M","?","E","R","E"],"character_chosen":"THE_SILENT","items_purchased":["After Image+1"],"campfire_rested":2,"item_purchase_floors":[11],"current_hp_per_floor":[60,59,47,40,33,33,13,34,34,34,34,27,27,27,27,28,60,56,23,23,17,11,3,24,0,0],"gold":295,"neow_bonus":"BOSS_RELIC","is_daily":false,"chose_seed":false,"campfire_upgraded":3,"win_rate":0.0,"timestamp":1614326551,"path_taken":["M","M","M","?","M","R","E","R","T","R","$","E","?","?","R","BOSS","M","?","M","M","?","E","R","E"],"items_purchased_type":["Card"],"build_version":"2020-12-22","purchased_purges":0,"victory":false,"max_hp_per_floor":[70,70,70,70,70,70,70,70,70,70,70,70,70,70,70,70,70,70,70,70,70,70,70,70,70,70],"card_choices":[{"not_picked":["Backflip","Accuracy"],"picked":"All Out Attack","floor":1.0},{"not_picked":["Heel Hook","Underhanded Strike"],"picked":"Well Laid Plans","floor":2.0},{"not_picked":["Expertise","Distraction"],"picked":"Finisher","floor":3.0},{"not_picked":["Dodge and Roll","Choke"],"picked":"Infinite Blades+1","floor":5.0},{"not_picked":["PiercingWail","Reflex"],"picked":"Dash","floor":7.0},{"not_picked":["Unload","Flying Knee"],"picked":"Blade Dance","floor":12.0},{"not_picked":["Backstab","Backflip"],"picked":"Footwork+1","floor":14.0},{"not_picked":["Phantasmal Killer","Envenom+1"],"picked":"Tools of the Trade+1","floor":16.0},{"not_picked":["Reflex","Slice"],"picked":"Footwork+1","floor":18.0},{"not_picked":["Sucker Punch+1","Tactician"],"picked":"Caltrops+1","floor":19.0},{"not_picked":["Finisher","Bouncing Flask+1"],"picked":"Setup+1","floor":20.0},{"not_picked":["Deadly Poison","Cloak And Dagger"],"picked":"Predator","floor":21.0},{"not_picked":["Heel Hook","Bouncing Flask"],"picked":"Reflex+1","floor":23.0}],"player_experience":428469,"relics_obtained":[{"floor":7.0,"key":"Pantograph"},{"floor":9.0,"key":"HornCleat"},{"floor":12.0,"key":"Sundial"},{"floor":14.0,"key":"Odd Mushroom"},{"floor":19.0,"key":"Red Mask"},{"floor":23.0,"key":"Whetstone"}],"event_choices":[{"damage_healed":0.0,"max_hp_gain":0.0,"max_hp_loss":0.0,"gold_gain":0.0,"event_name":"Scrap Ooze","player_choice":"Success","floor":4.0,"gold_loss":0.0,"damage_taken":7.0,"relics_obtained":["Frozen Egg 2"]},{"damage_healed":0.0,"max_hp_gain":0.0,"max_hp_loss":0.0,"gold_gain":0.0,"event_name":"Dead Adventurer","player_choice":"Searched \u00270\u0027 times","floor":13.0,"gold_loss":0.0,"damage_taken":0.0},{"damage_healed":0.0,"max_hp_gain":0.0,"max_hp_loss":0.0,"gold_gain":0.0,"event_name":"Mushrooms","player_choice":"Fought Mushrooms","floor":14.0,"gold_loss":0.0,"damage_taken":0.0},{"damage_healed":0.0,"max_hp_gain":0.0,"max_hp_loss":0.0,"gold_gain":0.0,"event_name":"Masked Bandits","player_choice":"Fought Bandits","floor":19.0,"gold_loss":0.0,"damage_taken":0.0},{"damage_healed":0.0,"max_hp_gain":0.0,"max_hp_loss":0.0,"gold_gain":0.0,"event_name":"Nest","player_choice":"Joined the Cult","floor":22.0,"gold_loss":0.0,"damage_taken":6.0,"cards_obtained":["RitualDagger"]}],"is_beta":false,"boss_relics":[{"not_picked":["Pandora\u0027s Box","Astrolabe"],"picked":"Cursed Key"}],"items_purged_floors":[],"is_endless":false,"potions_floor_spawned":[2,16,19,21],"killed_by":"Slavers","ascension_level":7}}