{"host":"wqwfknj40rilnol1","time":1614340371,"event":{"mods":["AchievementEnabler","Aspiration","BaseMod","BetterRewards","Block Reminder","Colored Map","Conspire","Highlight Path","Hubris","Minty Spire (QoL Compilation)","Permanent Neow","Quick Restart","Relic Stats","Replay The Spire","Shop Mod","StSLib","The Cursed"],"gold_per_floor":[111,125,25,38,38,38,38],"floor_reached":6,"language":"ENG","playtime":229,"items_purged":[],"score":67,"play_id":"ca7c165c-7e32-4d54-808c-0c5c5af83ef4","local_time":"20210226125251","is_ascension_mode":true,"campfire_choices":[],"circlet_count":0,"master_deck":["AscendersBane","Strike_R","Strike_R","Strike_R","Strike_R","Defend_R","Defend_R","Defend_R","Defend_R","Bash","Warcry","Clothesline","Ghostly","Pummel"],"relics":["aspiration:WatcherSkillbook"],"acts_visited":["Exordium"],"potions_floor_usage":[],"damage_taken":[{"damage":6,"enemies":"Small Slimes","floor":1,"turns":4},{"damage":10,"enemies":"2 Louse","floor":2,"turns":3},{"damage":17,"enemies":"Jaw Worm","floor":4,"turns":4},{"damage":40,"enemies":"3 Sentries","floor":6,"turns":5}],"seed_played":"2996973117444340335","potions_obtained":[],"is_trial":false,"path_per_floor":["M","M","?","M","?","E"],"character_chosen":"IRONCLAD","items_purchased":[],"campfire_rested":0,"item_purchase_floors":[],"current_hp_per_floor":[62,52,52,35,35,0,0],"gold":38,"neow_bonus":"BOSS_RELIC","is_daily":false,"chose_seed":false,"campfire_upgraded":0,"win_rate":0.0,"timestamp":1614340371,"path_taken":["M","M","?","M","?","E"],"items_purchased_type":[],"build_version":"2020-12-22","purchased_purges":0,"victory":false,"max_hp_per_floor":[75,75,75,75,75,75,75],"relic_stats":{"counters":[4,16],"obtain_stats":[{"aspiration:WatcherSkillbook":0,"Burning Blood":0},{"aspiration:WatcherSkillbook":0,"Burning Blood":0},{"aspiration:WatcherSkillbook":0,"Burning Blood":0}]},"card_choices":[{"not_picked":["ClearTheMind","CrushJoints","ReplayReversal"],"picked":"Warcry","floor":1},{"not_picked":["Clash","Fire Breathing","Pommel Strike"],"picked":"Clothesline","floor":2},{"not_picked":["Replay:AtTheReady","Halt","Havoc"],"picked":"Pummel","floor":4}],"player_experience":328477,"relics_obtained":[],"event_choices":[{"damage_healed":0,"gold_gain":0,"player_choice":"Argue","damage_taken":0,"max_hp_gain":0,"max_hp_loss":0,"event_name":"conspire:LoneGhost","floor":3,"gold_loss":0}],"is_beta":false,"boss_relics":[],"items_purged_floors":[],"is_endless":false,"potions_floor_spawned":[],"killed_by":"3 Sentries","ascension_level":17}}