{"host":"uv5ws9rdk87e8i5k","time":1614353951,"event":{"mods":["AchievementEnabler","BaseMod","Colored Map","Minty Spire (QoL Compilation)","Permanent Neow","Quick Restart","StSLib","SuperFastMode","The Necromancer","The Saiyan"],"gold_per_floor":[117,117,117,142,161,161,161,161,213,231,231,274,274,294,294,413,413,428,428,428,441,441,441,517,517,517,560,685,318,318,83,83,207,207,225,239,62,125,150,191,191,227,227,227,227,242,267,286,286,286,286,286,8,49,49],"floor_reached":56,"language":"ENG","playtime":1535,"items_purged":["Strike_G+1","Strike_G+1","Strike_G+1"],"score":1393,"play_id":"05e66989-4e60-446a-804a-f49409678ad1","local_time":"20210226093911","is_ascension_mode":true,"campfire_choices":[{"floor":6.0,"key":"DIG"},{"floor":8.0,"key":"DIG"},{"floor":11.0,"key":"DIG"},{"floor":13.0,"key":"DIG"},{"floor":15.0,"key":"DIG"},{"floor":23.0,"key":"DIG"},{"floor":25.0,"key":"DIG"},{"floor":30.0,"key":"DIG"},{"floor":32.0,"key":"DIG"},{"floor":41.0,"key":"DIG"},{"floor":44.0,"key":"DIG"},{"floor":49.0,"key":"RECALL"},{"floor":52.0,"key":"DIG"}],"circlet_count":0,"master_deck":["Strike_G+1","Strike_G+1","Defend_G+1","Defend_G+1","Defend_G+1","Defend_G+1","Defend_G+1","Survivor","Neutralize","Quick Slash+1","Poisoned Stab+1","Crippling Poison+1","Dagger Throw","Crippling Poison","Acrobatics","Catalyst","Noxious Fumes","Adrenaline","Deadly Poison","Noxious Fumes+1","Backflip+1","Escape Plan","Bouncing Flask","Noxious Fumes","Burst","Crippling Poison+1","Noxious Fumes+1","Well Laid Plans","Calculated Gamble+1","Escape Plan+1","Well Laid Plans+1","Backflip","Catalyst","Footwork+1"],"relics":["Ring of the Serpent","Shovel","Golden Idol","Prayer Wheel","Darkstone Periapt","Happy Flower","War Paint","TungstenRod","White Beast Statue","MealTicket","Tiny Chest","Coffee Dripper","MutagenicStrength","Centennial Puzzle","Matryoshka","Bronze Scales","Strawberry","StoneCalendar","Boot","CaptainsWheel","InkBottle","Meat on the Bone","Ginger","PreservedInsect","Lizard Tail","Gambling Chip","Kunai","Toy Ornithopter","Eternal Feather","Bottled Tornado","Snake Skull","Blue Candle","Pantograph","TwistedFunnel","Whetstone"],"acts_visited":["Exordium","TheCity","TheBeyond","TheEnding"],"potions_floor_usage":[54,55,55,55,55,55],"damage_taken":[{"damage":2.0,"enemies":"Small Slimes","floor":1.0,"turns":4.0},{"damage":1.0,"enemies":"Jaw Worm","floor":4.0,"turns":3.0},{"damage":0.0,"enemies":"Cultist","floor":5.0,"turns":4.0},{"damage":3.0,"enemies":"Exordium Wildlife","floor":10.0,"turns":4.0},{"damage":0.0,"enemies":"3 Sentries","floor":12.0,"turns":9.0},{"damage":0.0,"enemies":"3 Louse","floor":14.0,"turns":2.0},{"damage":2.0,"enemies":"Slime Boss","floor":16.0,"turns":8.0},{"damage":0.0,"enemies":"Spheric Guardian","floor":18.0,"turns":2.0},{"damage":0.0,"enemies":"3 Byrds","floor":21.0,"turns":3.0},{"damage":12.0,"enemies":"Slavers","floor":27.0,"turns":4.0},{"damage":9.0,"enemies":"Colosseum Slavers","floor":28.0,"turns":3.0},{"damage":11.0,"enemies":"Colosseum Nobs","floor":28.0,"turns":3.0},{"damage":3.0,"enemies":"Champ","floor":33.0,"turns":8.0},{"damage":0.0,"enemies":"Orb Walker","floor":35.0,"turns":3.0},{"damage":0.0,"enemies":"3 Shapes","floor":36.0,"turns":3.0},{"damage":0.0,"enemies":"Mind Bloom Boss Battle","floor":38.0,"turns":5.0},{"damage":0.0,"enemies":"Maw","floor":39.0,"turns":5.0},{"damage":3.0,"enemies":"Nemesis","floor":40.0,"turns":4.0},{"damage":8.0,"enemies":"Giant Head","floor":42.0,"turns":5.0},{"damage":16.0,"enemies":"Jaw Worm Horde","floor":46.0,"turns":3.0},{"damage":0.0,"enemies":"4 Shapes","floor":47.0,"turns":3.0},{"damage":0.0,"enemies":"Maw","floor":48.0,"turns":4.0},{"damage":20.0,"enemies":"Time Eater","floor":50.0,"turns":6.0},{"damage":10,"enemies":"Shield and Spear","floor":54,"turns":4},{"damage":59,"enemies":"The Heart","floor":55,"turns":7}],"seed_played":"-359248086216506390","potions_obtained":[{"floor":10.0,"key":"SkillPotion"},{"floor":12.0,"key":"LiquidMemories"},{"floor":14.0,"key":"SkillPotion"},{"floor":16.0,"key":"FairyPotion"},{"floor":18.0,"key":"EssenceOfSteel"},{"floor":21.0,"key":"CunningPotion"},{"floor":27.0,"key":"Weak Potion"},{"floor":28.0,"key":"SkillPotion"},{"floor":33.0,"key":"Dexterity Potion"},{"floor":36.0,"key":"EntropicBrew"},{"floor":39.0,"key":"Regen Potion"},{"floor":42.0,"key":"DistilledChaos"},{"floor":46.0,"key":"ColorlessPotion"},{"floor":47.0,"key":"SkillPotion"},{"floor":54,"key":"Fire Potion"}],"is_trial":false,"path_per_floor":["M","?","T","M","M","R","?","R","T","M","R","E","R","M","R","B",null,"M","?","?","M","?","R","T","R","T","E","?","$","R","$","R","B",null,"M","M","$","?","M","E","R","E","T","R","T","M","M","M","R","B",null,"R","$","E","B",null],"character_chosen":"THE_SILENT","items_purchased":["Meat on the Bone","Bouncing Flask","PreservedInsect","Noxious Fumes","Well Laid Plans","TwistedFunnel"],"campfire_rested":0,"item_purchase_floors":[29,29,31,31,37,53],"current_hp_per_floor":[61,58,58,57,57,57,57,57,57,54,54,54,54,54,54,52,58,58,58,58,58,58,58,58,58,65,53,33,48,48,63,63,60,65,65,65,65,65,65,62,62,54,54,65,65,49,54,54,65,45,65,65,65,59,40],"gold":49,"neow_bonus":"ONE_RARE_RELIC","is_daily":false,"chose_seed":false,"campfire_upgraded":0,"win_rate":0.0,"timestamp":1614353951,"path_taken":["M","?","?","M","M","R","?","R","T","M","R","E","R","M","R","BOSS","M","?","?","M","?","R","?","R","T","E","?","$","R","?","R","BOSS","M","M","$","?","M","E","R","E","T","R","?","M","M","?","R","BOSS","R","$","E","BOSS"],"items_purchased_type":["Relic","Card","Relic","Card","Card","Relic"],"build_version":"2020-12-22","purchased_purges":3,"victory":true,"max_hp_per_floor":[63,58,58,58,58,58,58,58,58,58,58,58,58,58,58,58,58,58,58,58,58,58,58,58,58,65,65,65,65,65,65,65,65,65,65,65,65,65,65,65,65,65,65,65,65,65,65,65,65,65,65,65,65,65,65],"card_choices":[{"not_picked":["Dodge and Roll","Deadly Poison"],"picked":"Quick Slash","floor":1.0},{"not_picked":["Tactician","Deflect"],"picked":"Poisoned Stab","floor":4.0},{"not_picked":["Prepared","Slice"],"picked":"Crippling Poison","floor":4.0},{"not_picked":["Quick Slash","PiercingWail"],"picked":"Dagger Throw","floor":5.0},{"not_picked":["Dagger Throw","Blade Dance"],"picked":"Crippling Poison","floor":5.0},{"not_picked":["Flechettes","A Thousand Cuts"],"picked":"Acrobatics","floor":10.0},{"not_picked":["Flechettes","Slice","Flying Knee"],"picked":"SKIP","floor":10.0},{"not_picked":["Deadly Poison","Terror"],"picked":"Catalyst","floor":12.0},{"not_picked":["Cloak And Dagger","Poisoned Stab"],"picked":"Noxious Fumes","floor":14.0},{"not_picked":["Bane","Terror","Deflect"],"picked":"SKIP","floor":14.0},{"not_picked":["Unload","Night Terror"],"picked":"Adrenaline","floor":16.0},{"not_picked":["Outmaneuver+1","Quick Slash"],"picked":"Deadly Poison","floor":18.0},{"not_picked":["Dagger Throw","Acrobatics+1","Deflect"],"picked":"SKIP","floor":18.0},{"not_picked":["Blade Dance","Dagger Throw"],"picked":"Noxious Fumes+1","floor":21.0},{"not_picked":["Blade Dance+1","Poisoned Stab"],"picked":"Backflip+1","floor":21.0},{"not_picked":["Die Die Die","Cloak And Dagger","Dagger Spray"],"picked":"SKIP","floor":27.0},{"not_picked":["Malaise","Phantasmal Killer"],"picked":"Burst","floor":33.0},{"not_picked":["Cloak And Dagger","Dagger Throw"],"picked":"Crippling Poison+1","floor":35.0},{"not_picked":["Quick Slash+1","Leg Sweep+1"],"picked":"Noxious Fumes+1","floor":35.0},{"not_picked":["Quick Slash","Outmaneuver","Acrobatics+1"],"picked":"SKIP","floor":36.0},{"not_picked":["Heel Hook","Dagger Spray+1","Reflex"],"picked":"SKIP","floor":36.0},{"not_picked":["Dagger Spray+1","After Image"],"picked":"Calculated Gamble+1","floor":38.0},{"not_picked":["Footwork","Quick Slash"],"picked":"Escape Plan+1","floor":39.0},{"not_picked":["Slice+1","Flying Knee+1","Deflect+1"],"picked":"SKIP","floor":39.0},{"not_picked":["Dodge and Roll+1","Bane+1","Underhanded Strike+1"],"picked":"SKIP","floor":40.0},{"not_picked":["Endless Agony","Dodge and Roll","Deadly Poison"],"picked":"SKIP","floor":42.0},{"not_picked":["Finisher+1","Backstab+1","Dodge and Roll"],"picked":"SKIP","floor":46.0},{"not_picked":["Distraction","Crippling Poison","Sucker Punch"],"picked":"SKIP","floor":46.0},{"not_picked":["Cloak And Dagger+1","Poisoned Stab"],"picked":"Well Laid Plans+1","floor":47.0},{"not_picked":["Blade Dance+1","Flying Knee+1","Dash+1"],"picked":"SKIP","floor":47.0},{"not_picked":["Finisher+1","Outmaneuver+1"],"picked":"Backflip","floor":48.0},{"not_picked":["Crippling Poison","Quick Slash"],"picked":"Catalyst","floor":48.0},{"not_picked":["Riddle With Holes","Predator+1"],"picked":"Footwork+1","floor":54}],"player_experience":236227,"relics_obtained":[{"floor":3.0,"key":"Prayer Wheel"},{"floor":6.0,"key":"Darkstone Periapt"},{"floor":8.0,"key":"Happy Flower"},{"floor":9.0,"key":"War Paint"},{"floor":11.0,"key":"TungstenRod"},{"floor":12.0,"key":"White Beast Statue"},{"floor":13.0,"key":"MealTicket"},{"floor":15.0,"key":"Tiny Chest"},{"floor":23.0,"key":"Centennial Puzzle"},{"floor":24.0,"key":"Matryoshka"},{"floor":25.0,"key":"Bronze Scales"},{"floor":26.0,"key":"Strawberry"},{"floor":26.0,"key":"StoneCalendar"},{"floor":27.0,"key":"Boot"},{"floor":28.0,"key":"CaptainsWheel"},{"floor":28.0,"key":"InkBottle"},{"floor":30.0,"key":"Ginger"},{"floor":32.0,"key":"Lizard Tail"},{"floor":38.0,"key":"Gambling Chip"},{"floor":40.0,"key":"Kunai"},{"floor":41.0,"key":"Toy Ornithopter"},{"floor":42.0,"key":"Eternal Feather"},{"floor":43.0,"key":"Bottled Tornado"},{"floor":44.0,"key":"Snake Skull"},{"floor":45.0,"key":"Blue Candle"},{"floor":52.0,"key":"Pantograph"},{"floor":54,"key":"Whetstone"}],"event_choices":[{"damage_healed":0.0,"max_hp_gain":0.0,"max_hp_loss":5.0,"gold_gain":0.0,"event_name":"Golden Idol","player_choice":"Lose Max HP","floor":2.0,"gold_loss":0.0,"damage_taken":0.0,"relics_obtained":["Golden Idol"]},{"damage_healed":0.0,"max_hp_gain":0.0,"max_hp_loss":0.0,"gold_gain":0.0,"event_name":"Accursed Blacksmith","player_choice":"Forge","floor":7.0,"gold_loss":0.0,"damage_taken":0.0,"cards_upgraded":["Crippling Poison"]},{"damage_healed":0.0,"max_hp_gain":0.0,"max_hp_loss":0.0,"gold_gain":0.0,"event_name":"Drug Dealer","player_choice":"Inject Mutagens","floor":19.0,"gold_loss":0.0,"damage_taken":0.0,"relics_obtained":["MutagenicStrength"]},{"damage_healed":0.0,"max_hp_gain":0.0,"max_hp_loss":0.0,"gold_gain":0.0,"event_name":"Back to Basics","player_choice":"Simplicity","floor":20.0,"gold_loss":0.0,"damage_taken":0.0,"cards_upgraded":["Strike_G","Strike_G","Strike_G","Strike_G","Strike_G","Defend_G","Defend_G","Defend_G"]},{"damage_healed":0.0,"max_hp_gain":0.0,"max_hp_loss":0.0,"gold_gain":0.0,"event_name":"The Library","player_choice":"Read","floor":22.0,"gold_loss":0.0,"damage_taken":0.0,"cards_obtained":["Escape Plan"]},{"damage_healed":0.0,"max_hp_gain":0.0,"max_hp_loss":0.0,"gold_gain":0.0,"event_name":"Colosseum","player_choice":"Fight","floor":28.0,"gold_loss":0.0,"damage_taken":0.0},{"damage_healed":0.0,"max_hp_gain":0.0,"max_hp_loss":0.0,"gold_gain":0.0,"event_name":"Colosseum","player_choice":"Fought Nobs","floor":28.0,"gold_loss":0.0,"damage_taken":0.0},{"damage_healed":0.0,"max_hp_gain":0.0,"max_hp_loss":0.0,"gold_gain":0.0,"event_name":"MindBloom","player_choice":"Fight","floor":38.0,"gold_loss":0.0,"damage_taken":0.0}],"is_beta":false,"boss_relics":[{"not_picked":["Velvet Choker","Philosopher\u0027s Stone"],"picked":"Coffee Dripper"},{"not_picked":["Fusion Hammer","WristBlade"],"picked":"Ring of the Serpent"}],"items_purged_floors":[29,37,53],"is_endless":false,"potions_floor_spawned":[10,12,14,16,18,21,27,28,28,33,35,36,38,39,40,42,46,47,48,54],"ascension_level":1}}