{"host":"rm0ctv8qd8mnbkg1","time":1614348519,"event":{"mods":["Act Like it!","Aspiration","BaseMod","Beaked The Cultist","BetterRewards","Colored Map","DNKmod","Dark Map","Defuse TimeMaze Blight","Downfall","Friendly Minions","Gensokyo","Hubris","Library of Ruina","Library of Ruina Extra","Marisa????????","Minty Spire (QoL Compilation)","MostiFishMod","Permanent Neow","Rare Cards Sparkle","Relic Sorter","Reliquary","Replay The Spire","Ruina","RumiaBox-????????","Shade Mod","Shop Mod","Spicy Shops","Spire Arcade","StSLib","The Animator","The Construct","The Servant 0.9.4","TheVacant","Wandering Minibosses","??????REMEMod"],"gold_per_floor":[10000,10014,10024,10038,10048,9112,9112,9112,9126,9137,8937,8937,8937,8956,8970,9071,9071,9071,8204,8218,7678,7688,7704,7704,7714,7727,7759,7772,7772,7801,7821,7831,7929,7929,7829,7845,7895,7534,7201,7201,7201,7212,6557,6557,6570,6595,6607,6417,6429,6429,6429,6429,6454,6284,6284,6284,6284],"floor_reached":58,"language":"ENG","playtime":2800,"items_purged":[],"score":1500,"play_id":"23e79874-a16d-49fb-b027-d3ebc794b8c0","local_time":"20210226140839","is_ascension_mode":false,"campfire_choices":[{"floor":1,"key":"RECALL"},{"data":"hexamod:UnlimitedPower","floor":11,"key":"SMITH"},{"data":"hexamod:HexaLevel","floor":18,"key":"SMITH"},{"data":"hexamod:VolcanoVisage","floor":35,"key":"SMITH"},{"data":"hexamod:SearingWound","floor":44,"key":"SMITH"},{"data":"1","floor":55,"key":"LIFT"}],"circlet_count":0,"master_deck":["MostiFishMod:WinterMarkForm","hexamod:Strike","hexamod:Strike","hexamod:Strike","hexamod:Strike","hexamod:Defend","hexamod:Defend","hexamod:Defend","hexamod:Defend","hexamod:Sear","hexamod:Float","MostiFishMod:WinterMarkForm","hexamod:Firestarter","hexamod:Incineration","hexamod:HeatMetal","hexamod:SearingWound+1","hexamod:RainOfEmbers","hexamod:SpectralSpark","hexamod:UnlimitedPower+1","hexamod:Firestarter","hexamod:SpectersWail","hexamod:HexaLevel+1","hexamod:PhantomCloak","hexamod:SpectersWail+1","hexamod:Hexaguard","hexamod:PowerFromBeyond","hexamod:Firestarter","hexamod:HeatMetal+1","hexamod:HeatShield","hexamod:EmpoweredFlame","hexamod:FlamesFromBeyond","hexamod:RadiantFlame+1","hexamod:RetreatToShadows","hexamod:SoulSteal+1","hexamod:Firestarter+1","hexamod:Incineration","hexamod:VolcanoVisage+1","hexamod:FlamesFromBeyond+1","hexamod:GhostOfSpirePast+1","hexamod:Firestarter","hexamod:TurnItUp","hexamod:GhostOfSpirePresent","hexamod:GhostLash","hexamod:BurningTouch","hexamod:SoulSteal+1","hexamod:SpectersWail"],"relics":["hexamod:SpiritBrand","REME_ComplimentaryCards","DaveBox","RhineSuit","REME_HandOfSuture","Dodecahedron","reliquary:Stiletto","PageOfTheQueenOfHatred","Darkstone Periapt","hubris:EmptyBottle","downfall:HeartBlessingRed","downfall:HeartBlessingBlue","hubris:TenFootPole","PageOfBlackSwan","PageOfWizard","aspiration:StickyExplosives_weak","Frozen Eye","Orrery","Membership Card","reliquary:Knoch","ReplayTheSpireMod:Shallot","Unceasing Top","PageOfTheKnightOfDespair","wanderingMiniBosses:ThiefScarf","PageOfGreed","PageOfWrath","HandDrill","Juzu Bracelet","PageOfNihil","Sozu","downfall:HeartBlessingGreen","hubris:AstralHammer","hubris:64BitClover","ClockworkSouvenir","ImprovedEquipment","hubris:Towel","hubris:Teleporter","Girya","reliquary:FingerTrap","hubris:CrystalStatue","Torii","reliquary:PartyBalloon","MawBank","Chemical X","Mercury Hourglass","Letter Opener","champ:DuelingGlove"],"acts_visited":["Exordium","TheCity","TheBeyond","TheEnding"],"potions_floor_usage":[53],"damage_taken":[{"damage":0,"enemies":"Jaw Worm","floor":2,"turns":2},{"damage":0,"enemies":"2 Louse","floor":3,"turns":2},{"damage":0,"enemies":"Small Slimes","floor":4,"turns":1},{"damage":6,"enemies":"downfall:LooterAlt","floor":5,"turns":1},{"damage":1,"enemies":"downfall:FleeingMerchant","floor":6,"turns":4},{"damage":0,"enemies":"Large Slime","floor":9,"turns":2},{"damage":0,"enemies":"2 Fungi Beasts","floor":10,"turns":1},{"damage":0,"enemies":"Exordium Thugs","floor":14,"turns":2},{"damage":0,"enemies":"Blue Slaver","floor":15,"turns":1},{"damage":0,"enemies":"WA_ARCHETYPE_RETAIN","floor":16,"turns":2},{"damage":0,"enemies":"Spheric Guardian","floor":20,"turns":1},{"damage":0,"enemies":"Shell Parasite","floor":22,"turns":1},{"damage":0,"enemies":"Shelled Parasite and Fungi","floor":23,"turns":2},{"damage":0,"enemies":"Sentry and Sphere","floor":25,"turns":3},{"damage":0,"enemies":"3 Cultists","floor":26,"turns":2},{"damage":0,"enemies":"Slavers","floor":27,"turns":2},{"damage":0,"enemies":"Chosen and Byrds","floor":28,"turns":3},{"damage":1,"enemies":"Gremlin Leader","floor":30,"turns":2},{"damage":38,"enemies":"Snake Plant","floor":31,"turns":6},{"damage":0,"enemies":"Shelled Parasite and Fungi","floor":32,"turns":1},{"damage":22,"enemies":"DF_ARCHETYPE_CLAW","floor":33,"turns":3},{"damage":0,"enemies":"3 Darklings","floor":36,"turns":1},{"damage":0,"enemies":"3 Darklings","floor":37,"turns":2},{"damage":0,"enemies":"Orb Walker","floor":42,"turns":1},{"damage":7,"enemies":"3 Darklings","floor":45,"turns":4},{"damage":9,"enemies":"Giant Head","floor":46,"turns":4},{"damage":0,"enemies":"4 Shapes","floor":49,"turns":2},{"damage":1,"enemies":"IC_BLOCK_ARCHETYPE","floor":50,"turns":4},{"damage":0,"enemies":"downfall:CharBossMerchant","floor":53,"turns":3},{"damage":0,"enemies":"downfall:NeowBoss","floor":56,"turns":7},{"damage":0,"enemies":"downfall:NeowBossFinal","floor":57,"turns":3}],"seed_played":"-2551750900040625736","potions_obtained":[{"floor":2,"key":"Weak Potion"},{"floor":10,"key":"Dexterity Potion"},{"floor":14,"key":"Swift Potion"}],"is_trial":false,"path_per_floor":["R","M","M","M","M","$","T","?","M","M","R","?","?","M","M","B",null,"R","$","M","$","M","M","T","M","M","E","M","?","E","M","M","B",null,"R","M","?","$","?","?","T","M","?","R","M","E","?","$","M","B",null,null,"E","$","R","B","B",null],"character_chosen":"THE_SPIRIT","items_purchased":["hexamod:SearingWound","hexamod:RainOfEmbers","Dodecahedron","reliquary:Stiletto","PageOfTheQueenOfHatred","Darkstone Periapt","hubris:EmptyBottle","AttackPotion","hexamod:PhantomCloak","PageOfWizard","aspiration:StickyExplosives_weak","Frozen Eye","Orrery","Membership Card","reliquary:Knoch","hexamod:EmpoweredFlame","ReplayTheSpireMod:Shallot","Unceasing Top","hubris:64BitClover","ClockworkSouvenir","ImprovedEquipment","Girya","hexamod:TurnItUp","reliquary:FingerTrap","hubris:CrystalStatue","Torii","reliquary:PartyBalloon","Chemical X","Mercury Hourglass","hexamod:SpectersWail","champ:DuelingGlove"],"campfire_rested":0,"item_purchase_floors":[6,6,6,6,6,6,6,6,19,19,19,19,19,21,21,21,21,21,38,38,38,43,43,43,43,43,43,48,48,54,54],"current_hp_per_floor":[1000,1000,1000,1000,994,993,993,993,996,997,1007,1007,995,999,999,1001,1010,1010,1010,1010,1010,1010,1010,1010,1010,1010,1010,1010,1010,1010,981,982,963,1010,1010,1010,1010,1010,1136,1136,1136,1136,1136,1136,1135,1133,1133,1133,1136,1136,1136,1136,1136,1136,1136,1136,1136],"gold":6284,"neow_bonus":"RANDOM_COMMON_RELIC","is_daily":false,"chose_seed":false,"campfire_upgraded":4,"win_rate":0.0,"timestamp":1614348519,"path_taken":["R","M","M","M","M","$","T","?","M","M","R","?","?","M","M","BOSS","R","$","M","$","M","M","T","M","M","E","M","?","E","M","M","BOSS","R","M","?","$","?","?","T","M","?","R","M","E","?","$","M","BOSS","E","$","R","BOSS","BOSS"],"items_purchased_type":["Card","Card","Relic","Relic","Relic","Relic","Relic","Potion","Card","Relic","Relic","Relic","Relic","Relic","Relic","Card","Relic","Relic","Relic","Relic","Relic","Relic","Card","Relic","Relic","Relic","Relic","Relic","Relic","Card","Relic"],"build_version":"2020-12-22","purchased_purges":0,"victory":true,"max_hp_per_floor":[1000,1000,1000,1000,1000,1000,1000,1000,1000,1000,1010,1010,1010,1010,1010,1010,1010,1010,1010,1010,1010,1010,1010,1010,1010,1010,1010,1010,1010,1010,1010,1010,1010,1010,1010,1010,1010,1010,1136,1136,1136,1136,1136,1136,1136,1136,1136,1136,1136,1136,1136,1136,1136,1136,1136,1136,1136],"card_choices":[{"not_picked":["hexamod:BurningTouch","hexamod:GhostShield"],"picked":"hexamod:Firestarter","floor":2},{"not_picked":["hexamod:FastForward","hexamod:NightmareStrike","hexamod:GhostShield"],"picked":"SKIP","floor":3},{"not_picked":["hexamod:ThirdSeal","hexamod:ThermalTransfer","hexamod:NightmareGuise"],"picked":"SKIP","floor":4},{"not_picked":["hexamod:Incineration","hexamod:HeatCrush","hexamod:AdvancingGuard"],"picked":"SKIP","floor":5},{"not_picked":["hexamod:HeatCrush","hexamod:AdvancingGuard"],"picked":"hexamod:Incineration","floor":5},{"not_picked":["hexamod:PhantomFireball","hexamod:RecurringNightmare"],"picked":"hexamod:HeatMetal","floor":6},{"not_picked":["hexamod:HauntingEcho","hexamod:GhostLash"],"picked":"hexamod:SpectralSpark","floor":9},{"not_picked":["hexamod:RainOfEmbers","hexamod:GhostLash"],"picked":"hexamod:UnlimitedPower","floor":10},{"not_picked":["hexamod:NightmareGuise","hexamod:BacktrackSmack"],"picked":"hexamod:Firestarter","floor":14},{"not_picked":["hexamod:ThermalTransfer","hexamod:GhostShield"],"picked":"hexamod:SpectersWail","floor":15},{"not_picked":["hexamod:GiftsFromTheDead","hexamod:TimeOfNeed"],"picked":"hexamod:HexaLevel","floor":16},{"not_picked":["hexamod:InspiringFlames","hexamod:HeatMetal"],"picked":"hexamod:SpectersWail+1","floor":19},{"not_picked":["hexamod:GhostShield","hexamod:SwordOfDarkness"],"picked":"hexamod:Hexaguard","floor":19},{"not_picked":["hexamod:TimeWarp","hexamod:HeatMetal+1"],"picked":"hexamod:PowerFromBeyond","floor":19},{"not_picked":["hexamod:BurningTouch","hexamod:SearingWound"],"picked":"hexamod:Firestarter","floor":19},{"not_picked":["hexamod:Firestarter","hexamod:BurningTouch"],"picked":"hexamod:HeatMetal+1","floor":19},{"not_picked":["hexamod:SkipABeat","hexamod:PhantomFireball"],"picked":"hexamod:HeatShield","floor":20},{"not_picked":["hexamod:Hexaguard+1","hexamod:RecurringNightmare+1"],"picked":"hexamod:FlamesFromBeyond","floor":22},{"not_picked":["hexamod:NightmareStrike","hexamod:ChargedBarrage","hexamod:FourthSeal"],"picked":"SKIP","floor":23},{"not_picked":["hexamod:SpectralAdrenaline","hexamod:GhostflameBarrier","hexamod:NightmareStrike"],"picked":"SKIP","floor":25},{"not_picked":["hexamod:GhostShield","hexamod:FourthSeal"],"picked":"hexamod:RadiantFlame+1","floor":26},{"not_picked":["hexamod:HeatMetal","hexamod:SwordOfDarkness"],"picked":"hexamod:RetreatToShadows","floor":27},{"not_picked":["hexamod:NightmareStrike","hexamod:Hexaguard"],"picked":"hexamod:SoulSteal+1","floor":28},{"not_picked":["hexamod:RecurringNightmare+1","hexamod:DynamicBlow+1"],"picked":"hexamod:Firestarter+1","floor":30},{"not_picked":["hexamod:NightmareStrike","hexamod:HeatCrush","hexamod:BurningTouch"],"picked":"SKIP","floor":31},{"not_picked":["hexamod:TimeWarp","hexamod:NightmareStrike"],"picked":"hexamod:Incineration","floor":32},{"not_picked":["hexamod:GiftsFromTheDead","hexamod:HexaLevel"],"picked":"hexamod:VolcanoVisage","floor":33},{"not_picked":["hexamod:BacktrackSmack","hexamod:Haunt"],"picked":"hexamod:FlamesFromBeyond+1","floor":36},{"not_picked":["hexamod:BacktrackSmack","hexamod:Rewind"],"picked":"hexamod:GhostOfSpirePast+1","floor":37},{"not_picked":["hexamod:FirstSeal","hexamod:RecurringNightmare+1"],"picked":"hexamod:Firestarter","floor":42},{"not_picked":["hexamod:SpectersWail","hexamod:NightmareGuise"],"picked":"hexamod:GhostOfSpirePresent","floor":45},{"not_picked":["hexamod:SpectralAdrenaline+1","hexamod:SuperheatedStrike"],"picked":"hexamod:GhostLash","floor":46},{"not_picked":["hexamod:HeatMetal+1","hexamod:SwordOfDarkness+1"],"picked":"hexamod:BurningTouch","floor":49},{"not_picked":["hexamod:FastForward+1","hexamod:NightmareStrike"],"picked":"hexamod:SoulSteal+1","floor":53}],"player_experience":449576,"relics_obtained":[{"floor":24,"key":"PageOfTheKnightOfDespair"},{"floor":25,"key":"wanderingMiniBosses:ThiefScarf"},{"floor":27,"key":"PageOfGreed"},{"floor":30,"key":"PageOfWrath"},{"floor":31,"key":"PageOfNihil"},{"floor":37,"key":"hubris:AstralHammer"},{"floor":41,"key":"hubris:Teleporter"},{"floor":46,"key":"MawBank"},{"floor":53,"key":"Letter Opener"}],"event_choices":[{"damage_healed":0,"gold_gain":0,"player_choice":"Success","damage_taken":12,"relics_obtained":["hubris:TenFootPole"],"max_hp_gain":0,"max_hp_loss":0,"event_name":"Scrap Ooze","floor":13,"gold_loss":0}],"is_beta":false,"boss_relics":[{"not_picked":["construct:ClawGrip","RhineFirstAidKit"],"picked":"PageOfBlackSwan"},{"not_picked":["Snecko Eye","EasyGame_NEW"],"picked":"Sozu"}],"items_purged_floors":[],"is_endless":false,"potions_floor_spawned":[2,9,10,14,15,23,27,31,36,45,46],"ascension_level":0}}