{"host":"ia9e4s524g7bamk7","time":1614369216,"event":{"mods":["AchievementEnabler","BaseMod","Colored Map","Minty Spire (QoL Compilation)","Permanent Neow","Slay-I","slay the spire mod where everything is the same but ironclad has a cowboy hat"],"gold_per_floor":[109,123,136,124,124,124,159,139,139,139,150,170,196,209,209,309,309,327,166,184,184,184],"floor_reached":21,"language":"ENG","playtime":1438,"items_purged":["Strike_G"],"score":261,"play_id":"b1bd6dc0-a7b6-4320-8c13-28fc401cc330","local_time":"20210226205336","is_ascension_mode":true,"campfire_choices":[{"floor":6.0,"key":"REST"},{"floor":10.0,"key":"REST"},{"floor":15,"key":"REST"}],"circlet_count":0,"master_deck":["Strike_G","Strike_G","Strike_G","Strike_G","Defend_G","Defend_G","Defend_G","Defend_G","Defend_G","Survivor","Neutralize","PiercingWail","Skewer","Calculated Gamble","Flechettes","Calculated Gamble","All Out Attack","Grand Finale","Tools of the Trade","CurseOfTheBell","Flash of Steel","Tools of the Trade"],"relics":["Runic Pyramid","Art of War","Mercury Hourglass","Ancient Tea Set","Boot","Calling Bell","Tiny Chest","Shuriken","Tingsha"],"acts_visited":["Exordium","TheCity"],"potions_floor_usage":[],"damage_taken":[{"damage":6.0,"enemies":"Small Slimes","floor":1.0,"turns":5.0},{"damage":0.0,"enemies":"2 Louse","floor":2.0,"turns":4.0},{"damage":10.0,"enemies":"Cultist","floor":3.0,"turns":4.0},{"damage":21.0,"enemies":"Exordium Thugs","floor":4.0,"turns":6.0},{"damage":26.0,"enemies":"Lagavulin","floor":7.0,"turns":8.0},{"damage":0.0,"enemies":"3 Louse","floor":11.0,"turns":4.0},{"damage":2.0,"enemies":"Exordium Wildlife","floor":12.0,"turns":4.0},{"damage":14,"enemies":"Gremlin Nob","floor":13,"turns":4},{"damage":3,"enemies":"2 Fungi Beasts","floor":14,"turns":4},{"damage":10,"enemies":"Hexaghost","floor":16,"turns":9},{"damage":26,"enemies":"2 Thieves","floor":18,"turns":4},{"damage":7,"enemies":"Chosen","floor":20,"turns":4},{"damage":25,"enemies":"Centurion and Healer","floor":21,"turns":6}],"seed_played":"969890223666922164","potions_obtained":[{"floor":1.0,"key":"DistilledChaos"},{"floor":3.0,"key":"BlessingOfTheForge"},{"floor":4.0,"key":"CunningPotion"},{"floor":8.0,"key":"Strength Potion"},{"floor":12,"key":"SpeedPotion"},{"floor":16,"key":"AttackPotion"}],"is_trial":false,"path_per_floor":["M","M","M","M","?","R","E","?","T","R","M","M","E","M","R","B",null,"M","$","M","M"],"character_chosen":"THE_SILENT","items_purchased":["Flash of Steel"],"campfire_rested":3,"item_purchase_floors":[19],"current_hp_per_floor":[57,57,47,26,14,35,9,9,9,30,30,28,14,11,32,22,58,32,32,25,0,0],"gold":184,"neow_bonus":"BOSS_RELIC","is_daily":false,"chose_seed":false,"campfire_upgraded":0,"win_rate":0.0,"timestamp":1614369216,"path_taken":["M","M","M","M","?","R","E","?","T","R","M","M","E","?","R","BOSS","M","$","M","M"],"items_purchased_type":["Card"],"build_version":"2020-12-22","purchased_purges":1,"victory":false,"max_hp_per_floor":[70,70,70,70,70,70,70,70,70,70,70,70,70,70,70,70,70,70,70,70,70,70],"card_choices":[{"not_picked":["Well Laid Plans","Backflip"],"picked":"PiercingWail","floor":1.0},{"not_picked":["Backflip","PiercingWail"],"picked":"Skewer","floor":2.0},{"not_picked":["Quick Slash","Prepared"],"picked":"Calculated Gamble","floor":3.0},{"not_picked":["Dagger Throw","Setup"],"picked":"Flechettes","floor":4.0},{"not_picked":["Blade Dance","Acrobatics"],"picked":"Calculated Gamble","floor":7.0},{"not_picked":["Predator","Escape Plan"],"picked":"All Out Attack","floor":11.0},{"not_picked":["Blade Dance","Deadly Poison"],"picked":"Grand Finale","floor":12},{"not_picked":["Bane","Eviscerate","Skewer"],"picked":"SKIP","floor":13},{"not_picked":["Cloak And Dagger","Well Laid Plans","Slice"],"picked":"SKIP","floor":14},{"not_picked":["Doppelganger","Phantasmal Killer"],"picked":"Tools of the Trade","floor":16},{"not_picked":["Bouncing Flask+1","Deadly Poison","Terror"],"picked":"SKIP","floor":18},{"not_picked":["Cloak And Dagger","Deadly Poison"],"picked":"Tools of the Trade","floor":20}],"player_experience":433552,"relics_obtained":[{"floor":7.0,"key":"Mercury Hourglass"},{"floor":9.0,"key":"Ancient Tea Set"},{"floor":13,"key":"Boot"},{"floor":17,"key":"Tiny Chest"},{"floor":17,"key":"Shuriken"},{"floor":17,"key":"Tingsha"}],"event_choices":[{"damage_healed":0.0,"max_hp_gain":0.0,"max_hp_loss":0.0,"gold_gain":0.0,"event_name":"Scrap Ooze","player_choice":"Success","floor":5.0,"gold_loss":0.0,"damage_taken":12.0,"relics_obtained":["Art of War"]},{"damage_healed":0.0,"max_hp_gain":0.0,"max_hp_loss":0.0,"gold_gain":0.0,"event_name":"The Woman in Blue","player_choice":"Bought 1 Potion","floor":8.0,"gold_loss":0.0,"damage_taken":0.0}],"is_beta":false,"boss_relics":[{"not_picked":["Philosopher\u0027s Stone","Tiny House"],"picked":"Calling Bell"}],"items_purged_floors":[19],"is_endless":false,"potions_floor_spawned":[1,3,4,12,16,20],"killed_by":"Centurion and Healer","ascension_level":7}}