{"host":"3h49aoss7u87eyhw","time":1614339649,"event":{"mods":["AchievementEnabler","Act Like it!","BaseMod","Minty Spire (QoL Compilation)","StSLib","The Poker Player"],"gold_per_floor":[109,32,32,32,99,124,134,169,169,169,181,181,197,228,228,330,330,347,347,367,386,400,400,400,400,400],"floor_reached":24,"language":"ZHS","playtime":1590,"items_purged":[],"score":316,"play_id":"97d52897-fa50-4f0e-8001-4313d56567d4","local_time":"20210226194049","is_ascension_mode":false,"metric_token":406,"campfire_choices":[{"data":"PokerPlayerMod:Heart2","floor":10,"key":"SMITH"},{"data":"PokerPlayerMod:Diamond1","floor":15,"key":"SMITH"},{"floor":23,"key":"REST"}],"circlet_count":0,"master_deck":["PokerPlayerMod:Diamond1","PokerPlayerMod:Diamond2","PokerPlayerMod:Diamond3","PokerPlayerMod:Diamond4","PokerPlayerMod:Diamond5","PokerPlayerMod:Spade1","PokerPlayerMod:Spade2","PokerPlayerMod:Spade3","PokerPlayerMod:Spade4","PokerPlayerMod:Club1","PokerPlayerMod:Club2","PokerPlayerMod:Heart3","PokerPlayerMod:TrumpStrike","PokerPlayerMod:BadJoker","PokerPlayerMod:Mulligan","PokerPlayerMod:CloakAndDiamond","PokerPlayerMod:Spade6","PokerPlayerMod:Club2","PokerPlayerMod:Club3","PokerPlayerMod:Club4","PokerPlayerMod:Club5","PokerPlayerMod:Club6","PokerPlayerMod:Spade6","PokerPlayerMod:Diamond2","PokerPlayerMod:DartThrow","PokerPlayerMod:Diamond3","PokerPlayerMod:Overdeal","PokerPlayerMod:Mulligan","PokerPlayerMod:CardBurn","PokerPlayerMod:Spade8","PokerPlayerMod:Diamond7","PokerPlayerMod:Manipulation+1","PokerPlayerMod:ClubsClub","PokerPlayerMod:HiddenCard+1","PokerPlayerMod:CloakAndDiamond+1"],"relics":["PokerPlayerMod:DeckCase","NeowsBlessing","Mummified Hand","Tiny Chest","Ornamental Fan","Bag of Marbles","Black Star","Nunchaku"],"acts_visited":["Exordium","TheCity"],"potions_floor_usage":[],"damage_taken":[{"damage":0,"enemies":"Jaw Worm","floor":1,"turns":1},{"damage":0,"enemies":"Gremlin Nob","floor":6,"turns":1},{"damage":0,"enemies":"Small Slimes","floor":7,"turns":1},{"damage":12,"enemies":"3 Sentries","floor":8,"turns":4},{"damage":0,"enemies":"Cultist","floor":11,"turns":2},{"damage":0,"enemies":"3 Louse","floor":13,"turns":1},{"damage":7,"enemies":"Gremlin Nob","floor":14,"turns":3},{"damage":0,"enemies":"Slime Boss","floor":16,"turns":4},{"damage":24,"enemies":"3 Byrds","floor":18,"turns":4},{"damage":8,"enemies":"Chosen","floor":20,"turns":4},{"damage":20,"enemies":"Centurion and Healer","floor":21,"turns":5},{"damage":16,"enemies":"Sentry and Sphere","floor":22,"turns":5},{"damage":30,"enemies":"Slavers","floor":24,"turns":1}],"seed_played":"-5112594267322679950","potions_obtained":[{"floor":6,"key":"Weak Potion"},{"floor":13,"key":"FearPotion"},{"floor":14,"key":"Explosive Potion"},{"floor":20,"key":"BlessingOfTheForge"}],"is_trial":false,"path_per_floor":["M","$","?","$","?","E","M","E","T","R","M","?","M","E","R","B",null,"M","T","M","M","M","R","E"],"character_chosen":"THE_POKER_PLAYER","items_purchased":["PokerPlayerMod:Spade6"],"campfire_rested":1,"item_purchase_floors":[2],"current_hp_per_floor":[52,52,52,52,52,52,52,42,42,42,42,42,42,45,45,45,52,38,38,33,24,11,26,0,0,0],"gold":400,"neow_bonus":"THREE_ENEMY_KILL","is_daily":false,"chose_seed":false,"campfire_upgraded":2,"win_rate":0.0,"timestamp":1614339649,"path_taken":["M","$","?","?","?","E","M","E","T","R","?","?","?","E","R","BOSS","M","?","M","M","M","R","E"],"items_purchased_type":["Card"],"build_version":"2020-12-22","purchased_purges":0,"victory":false,"max_hp_per_floor":[52,52,52,52,52,52,52,52,52,52,52,52,52,52,52,52,52,52,52,52,52,52,52,52,52,52],"card_choices":[{"not_picked":["PokerPlayerMod:PoorCopy","PokerPlayerMod:Diamond3"],"picked":"PokerPlayerMod:CloakAndDiamond","floor":1},{"not_picked":["PokerPlayerMod:ClubsClub","PokerPlayerMod:CardBurn"],"picked":"PokerPlayerMod:Spade6","floor":6},{"not_picked":["PokerPlayerMod:SpadeStrike","PokerPlayerMod:PoorCopy"],"picked":"PokerPlayerMod:Diamond1","floor":7},{"not_picked":["PokerPlayerMod:Spade3","PokerPlayerMod:Spade4"],"picked":"PokerPlayerMod:DartThrow","floor":8},{"not_picked":["PokerPlayerMod:Club6","PokerPlayerMod:Diamond1"],"picked":"PokerPlayerMod:Diamond3","floor":11},{"not_picked":["PokerPlayerMod:MagicTrick","PokerPlayerMod:DartThrow"],"picked":"PokerPlayerMod:CardBurn","floor":13},{"not_picked":["PokerPlayerMod:Duplicate","PokerPlayerMod:Spade2"],"picked":"PokerPlayerMod:Spade8","floor":14},{"not_picked":["PokerPlayerMod:Diamond9","PokerPlayerMod:WasteCollection"],"picked":"PokerPlayerMod:Diamond7","floor":16},{"not_picked":["PokerPlayerMod:Spade3","PokerPlayerMod:Spade1"],"picked":"PokerPlayerMod:Manipulation+1","floor":18},{"not_picked":["PokerPlayerMod:SpadeStrike","PokerPlayerMod:Diamond1"],"picked":"PokerPlayerMod:ClubsClub","floor":20},{"not_picked":["PokerPlayerMod:Spade1","PokerPlayerMod:Club1"],"picked":"PokerPlayerMod:HiddenCard+1","floor":21},{"not_picked":["PokerPlayerMod:Sharpen","PokerPlayerMod:Configure"],"picked":"PokerPlayerMod:CloakAndDiamond+1","floor":22}],"player_experience":31007,"relics_obtained":[{"floor":6,"key":"Mummified Hand"},{"floor":8,"key":"Tiny Chest"},{"floor":9,"key":"Ornamental Fan"},{"floor":14,"key":"Bag of Marbles"},{"floor":19,"key":"Nunchaku"}],"event_choices":[{"damage_healed":0,"gold_gain":0,"player_choice":"Jackpot","damage_taken":0,"max_hp_gain":0,"max_hp_loss":0,"event_name":"PokerPlayerMod:ExordiumClub","floor":3,"gold_loss":0,"cards_obtained":["PokerPlayerMod:Club2","PokerPlayerMod:Club3","PokerPlayerMod:Club4","PokerPlayerMod:Club5","PokerPlayerMod:Club6"]},{"damage_healed":0,"gold_gain":0,"player_choice":"Jackpot","damage_taken":0,"max_hp_gain":0,"max_hp_loss":0,"event_name":"PokerPlayerMod:ExordiumClub","floor":3,"gold_loss":0,"cards_obtained":["PokerPlayerMod:Club2","PokerPlayerMod:Club3","PokerPlayerMod:Club4","PokerPlayerMod:Club5","PokerPlayerMod:Club6"]},{"damage_healed":0,"gold_gain":0,"player_choice":"Jackpot","damage_taken":0,"max_hp_gain":0,"max_hp_loss":0,"event_name":"PokerPlayerMod:ExordiumClub","floor":3,"gold_loss":0,"cards_obtained":["PokerPlayerMod:Club2","PokerPlayerMod:Club3","PokerPlayerMod:Club4","PokerPlayerMod:Club5","PokerPlayerMod:Club6"]},{"damage_healed":0,"gold_gain":0,"player_choice":"Jackpot","damage_taken":0,"max_hp_gain":0,"max_hp_loss":0,"event_name":"PokerPlayerMod:ExordiumClub","floor":3,"gold_loss":0,"cards_obtained":["PokerPlayerMod:Club2","PokerPlayerMod:Club3","PokerPlayerMod:Club4","PokerPlayerMod:Club5","PokerPlayerMod:Club6"]},{"damage_healed":0,"gold_gain":0,"player_choice":"Jackpot","damage_taken":0,"max_hp_gain":0,"max_hp_loss":0,"event_name":"PokerPlayerMod:ExordiumClub","floor":3,"gold_loss":0,"cards_obtained":["PokerPlayerMod:Club2","PokerPlayerMod:Club3","PokerPlayerMod:Club4","PokerPlayerMod:Club5","PokerPlayerMod:Club6"]},{"damage_healed":0,"gold_gain":67,"player_choice":"Gained Gold","damage_taken":0,"max_hp_gain":0,"max_hp_loss":0,"event_name":"Golden Wing","floor":5,"gold_loss":0},{"damage_healed":0,"gold_gain":0,"player_choice":"2 cards matched","damage_taken":0,"max_hp_gain":0,"max_hp_loss":0,"event_name":"Match and Keep!","floor":12,"gold_loss":0,"cards_obtained":["PokerPlayerMod:Overdeal","PokerPlayerMod:Mulligan"]}],"is_beta":false,"boss_relics":[{"not_picked":["SlaversCollar","Ectoplasm"],"picked":"Black Star"}],"items_purged_floors":[],"is_endless":false,"potions_floor_spawned":[6,13,14,20,22],"killed_by":"Slavers","ascension_level":0}}