{"host":"s41rn2jhghpwfrvz","time":1614372203,"event":{"mods":["BaseMod","Minty Spire (QoL Compilation)","Quick Restart","Relic Stats","SuperFastMode"],"gold_per_floor":[117,117,137,148,223,250,250,584,584,602,635,655,675,707,707,782,782,796,796,846,857,514,514,540,540,540,566,90,115,115,128,128,200,200,214,89,89,104,118,146,146,172,172,205,205,205,236,253,253,253,253,253,253,26,53,53],"floor_reached":57,"language":"ENG","playtime":1929,"items_purged":["Calculated Gamble","Endless Agony","Endless Agony","Leap"],"score":3737,"play_id":"50210c49-b892-44bd-b674-d4fe301343da","local_time":"20210226224323","daily_mods":["SealedDeck","Diverse","Elite Swarm"],"is_ascension_mode":true,"campfire_choices":[{"data":"Body Slam","floor":7,"key":"SMITH"},{"data":"Body Slam","floor":15,"key":"SMITH"},{"data":"Barricade","floor":23,"key":"SMITH"},{"data":"Vault","floor":25,"key":"SMITH"},{"data":"Adrenaline","floor":30,"key":"SMITH"},{"floor":32,"key":"RECALL"},{"data":"Backflip","floor":46,"key":"SMITH"},{"data":"Pommel Strike","floor":49,"key":"SMITH"},{"data":"Body Slam","floor":53,"key":"SMITH"}],"circlet_count":0,"master_deck":["AscendersBane","Pommel Strike+1","Conserve Battery","Body Slam+1","Body Slam+1","Body Slam+1","Quick Slash","Barricade+1","Adrenaline+1","Backflip+1","Vault+1","Scrawl+1","Apotheosis+1","Seek+1","Exhume+1","Madness+1","Madness+1","Dark Embrace","Scrawl+1"],"relics":["Burning Blood","Orichalcum","Torii","Old Coin","White Beast Statue","Matryoshka","Philosopher\u0027s Stone","Toxic Egg 2","Shuriken","Centennial Puzzle","Turnip","Toy Ornithopter","ClockworkSouvenir","Sundial","Coffee Dripper","Kunai","Ginger","InkBottle","Omamori","Letter Opener","HornCleat","Eternal Feather"],"acts_visited":["Exordium","TheCity","TheBeyond","TheEnding"],"potions_floor_usage":[11,56,56],"damage_taken":[{"damage":0,"enemies":"Small Slimes","floor":1,"turns":3},{"damage":5,"enemies":"Jaw Worm","floor":3,"turns":2},{"damage":0,"enemies":"Cultist","floor":4,"turns":3},{"damage":27,"enemies":"Gremlin Nob","floor":6,"turns":4},{"damage":5,"enemies":"3 Sentries","floor":8,"turns":11},{"damage":1,"enemies":"Looter","floor":10,"turns":2},{"damage":1,"enemies":"Gremlin Nob","floor":11,"turns":3},{"damage":19,"enemies":"Gremlin Gang","floor":12,"turns":5},{"damage":0,"enemies":"Blue Slaver","floor":13,"turns":2},{"damage":12,"enemies":"3 Sentries","floor":14,"turns":8},{"damage":0,"enemies":"The Guardian","floor":16,"turns":6},{"damage":7,"enemies":"2 Thieves","floor":18,"turns":4},{"damage":16,"enemies":"Shell Parasite","floor":21,"turns":4},{"damage":0,"enemies":"Gremlin Leader","floor":24,"turns":4},{"damage":0,"enemies":"Book of Stabbing","floor":27,"turns":2},{"damage":1,"enemies":"Slavers","floor":29,"turns":2},{"damage":0,"enemies":"3 Cultists","floor":31,"turns":2},{"damage":0,"enemies":"Champ","floor":33,"turns":4},{"damage":0,"enemies":"Orb Walker","floor":35,"turns":1},{"damage":0,"enemies":"3 Darklings","floor":38,"turns":1},{"damage":0,"enemies":"Maw","floor":39,"turns":1},{"damage":0,"enemies":"Giant Head","floor":40,"turns":2},{"damage":0,"enemies":"Nemesis","floor":42,"turns":1},{"damage":0,"enemies":"Giant Head","floor":44,"turns":1},{"damage":0,"enemies":"Nemesis","floor":47,"turns":1},{"damage":0,"enemies":"Sphere and 2 Shapes","floor":48,"turns":1},{"damage":0,"enemies":"Awakened One","floor":50,"turns":3},{"damage":0,"enemies":"Time Eater","floor":51,"turns":5},{"damage":0,"enemies":"Shield and Spear","floor":55,"turns":1},{"damage":0,"enemies":"The Heart","floor":56,"turns":5}],"seed_played":"-3963727930747449821","potions_obtained":[{"floor":4,"key":"ElixirPotion"},{"floor":10,"key":"BlessingOfTheForge"},{"floor":11,"key":"ElixirPotion"},{"floor":14,"key":"Block Potion"},{"floor":33,"key":"SpeedPotion"}],"is_trial":true,"path_per_floor":["M","?","M","M","?","E","R","E","T","M","E","M","M","E","R","B",null,"M","?","?","M","$","R","E","R","T","E","$","E","R","M","R","B",null,"M","$","?","M","M","E","$","E","T","E","?","R","E","M","R","B","B",null,"R","$","E","B",null],"character_chosen":"IRONCLAD","items_purchased":["Toxic Egg 2","ClockworkSouvenir","Apotheosis+1","Dark Embrace"],"campfire_rested":0,"item_purchase_floors":[22,28,28,54],"current_hp_per_floor":[74,69,70,75,64,43,43,44,44,49,54,41,47,41,41,47,68,67,67,60,50,50,50,56,56,56,62,62,67,67,73,73,75,75,75,75,75,75,75,75,75,75,75,75,61,61,67,73,73,75,75,75,75,75,75,75],"gold":53,"neow_bonus":"","is_daily":false,"chose_seed":false,"campfire_upgraded":8,"win_rate":0.0,"timestamp":1614372203,"path_taken":["M","?","M","M","?","E","R","E","T","M","E","M","M","E","R","BOSS","M","?","?","?","$","R","E","R","T","E","$","E","R","M","R","BOSS","M","$","?","?","M","E","$","E","T","E","?","R","E","M","R","BOSS","BOSS","R","$","E","BOSS"],"items_purchased_type":["Relic","Relic","Card","Card"],"build_version":"2020-12-22","purchased_purges":4,"victory":true,"max_hp_per_floor":[75,75,75,75,75,75,75,75,75,75,75,75,75,75,75,75,75,75,75,75,75,75,75,75,75,75,75,75,75,75,75,75,75,75,75,75,75,75,75,75,75,75,75,75,75,75,75,75,75,75,75,75,75,75,75,75],"relic_stats":{"Torii":21,"counters":[30,94],"Eternal Feather":0,"Ginger":[3],"Letter Opener":[232],"Orichalcum":[42],"Burning Blood":117,"Centennial Puzzle":[3],"Shuriken":[51],"Sundial":[138],"Turnip":[5],"Kunai":[28],"obtain_stats":[{"Torii":6,"Eternal Feather":55,"Omamori":43,"Ginger":42,"Letter Opener":44,"Orichalcum":2,"Burning Blood":0,"White Beast Statue":11,"Old Coin":8,"ClockworkSouvenir":28,"Centennial Puzzle":26,"Matryoshka":14,"HornCleat":47,"Shuriken":24,"Sundial":29,"Philosopher\u0027s Stone":17,"Turnip":26,"Coffee Dripper":34,"Kunai":40,"Toxic Egg 2":22,"Toy Ornithopter":27,"InkBottle":43},{"Torii":4,"Eternal Feather":29,"Omamori":23,"Ginger":23,"Letter Opener":24,"Orichalcum":1,"Burning Blood":0,"White Beast Statue":7,"Old Coin":5,"ClockworkSouvenir":15,"Centennial Puzzle":14,"Matryoshka":10,"HornCleat":25,"Shuriken":14,"Sundial":16,"Philosopher\u0027s Stone":11,"Turnip":14,"Coffee Dripper":18,"Kunai":22,"Toxic Egg 2":13,"Toy Ornithopter":15,"InkBottle":23},{"Torii":12,"Eternal Feather":89,"Omamori":77,"Ginger":77,"Letter Opener":78,"Orichalcum":3,"Burning Blood":0,"White Beast Statue":28,"Old Coin":23,"ClockworkSouvenir":63,"Centennial Puzzle":61,"Matryoshka":43,"HornCleat":79,"Shuriken":61,"Sundial":65,"Philosopher\u0027s Stone":49,"Turnip":61,"Coffee Dripper":71,"Kunai":76,"Toxic Egg 2":57,"Toy Ornithopter":63,"InkBottle":77}],"Toy Ornithopter":0,"InkBottle":[10]},"card_choices":[{"not_picked":["Warcry","Hello World","Combust"],"picked":"SKIP","floor":1},{"not_picked":["Coolheaded","Sever Soul","Go for the Eyes"],"picked":"SKIP","floor":3},{"not_picked":["Blade Dance","Eviscerate"],"picked":"Quick Slash","floor":4},{"not_picked":["Immolate","Night Terror"],"picked":"Barricade","floor":6},{"not_picked":["Limit Break","Venomology"],"picked":"Adrenaline","floor":8},{"not_picked":["Aggregate","CrushJoints","Deflect"],"picked":"SKIP","floor":10},{"not_picked":["Aggregate","CrushJoints","Deflect"],"picked":"SKIP","floor":10},{"not_picked":["Devotion","Blasphemy","Bullet Time"],"picked":"SKIP","floor":11},{"not_picked":["Devotion","Blasphemy","Bullet Time"],"picked":"SKIP","floor":11},{"not_picked":["EmptyBody","Blade Dance","True Grit"],"picked":"SKIP","floor":12},{"not_picked":["Evolve","Entrench"],"picked":"Backflip","floor":13},{"not_picked":["Meteor Strike","DeusExMachina"],"picked":"Vault","floor":14},{"not_picked":["Dagger Spray","Blood for Blood","Beam Cell"],"picked":"SKIP","floor":18},{"not_picked":["Cloak And Dagger","Underhanded Strike+1","Tactician"],"picked":"SKIP","floor":21},{"not_picked":["Venomology+1","Feed"],"picked":"Scrawl+1","floor":24},{"not_picked":["Rainbow+1","Buffer","Brilliance"],"picked":"SKIP","floor":27},{"not_picked":["Fission+1","Ragnarok","Die Die Die"],"picked":"SKIP","floor":29},{"not_picked":["Collect+1","Dagger Spray","Warcry+1"],"picked":"SKIP","floor":31},{"not_picked":["Reaper","Devotion"],"picked":"Seek+1","floor":33},{"not_picked":["SashWhip+1","Conserve Battery+1","Steam+1"],"picked":"SKIP","floor":35},{"not_picked":["Poisoned Stab","Self Repair","Stack+1"],"picked":"SKIP","floor":38},{"not_picked":["PathToVictory+1","SashWhip","Havoc+1"],"picked":"SKIP","floor":39},{"not_picked":["LessonLearned","MasterReality"],"picked":"Exhume+1","floor":40},{"not_picked":["Exhume+1","Establishment","Wraith Form v2"],"picked":"SKIP","floor":42},{"not_picked":["Reaper","Feed","After Image"],"picked":"SKIP","floor":44},{"not_picked":["Meteor Strike","Buffer","Blasphemy+1"],"picked":"SKIP","floor":47},{"not_picked":["Blizzard","Slice","BootSequence+1"],"picked":"SKIP","floor":48},{"not_picked":["Devotion","Biased Cognition"],"picked":"Scrawl+1","floor":55}],"player_experience":2033792,"relics_obtained":[{"floor":6,"key":"Torii"},{"floor":8,"key":"Old Coin"},{"floor":11,"key":"White Beast Statue"},{"floor":14,"key":"Matryoshka"},{"floor":24,"key":"Shuriken"},{"floor":26,"key":"Centennial Puzzle"},{"floor":26,"key":"Turnip"},{"floor":27,"key":"Toy Ornithopter"},{"floor":29,"key":"Sundial"},{"floor":40,"key":"Kunai"},{"floor":42,"key":"Ginger"},{"floor":43,"key":"InkBottle"},{"floor":43,"key":"Omamori"},{"floor":44,"key":"Letter Opener"},{"floor":47,"key":"HornCleat"},{"floor":55,"key":"Eternal Feather"}],"event_choices":[{"damage_healed":0,"gold_gain":0,"player_choice":"Success","damage_taken":5,"relics_obtained":["Orichalcum"],"max_hp_gain":0,"max_hp_loss":0,"event_name":"Scrap Ooze","floor":2,"gold_loss":0},{"damage_healed":0,"gold_gain":75,"player_choice":"Gather Gold","damage_taken":11,"max_hp_gain":0,"max_hp_loss":0,"event_name":"World of Goop","floor":5,"gold_loss":0},{"damage_healed":0,"gold_gain":0,"player_choice":"Ignored","damage_taken":0,"max_hp_gain":0,"max_hp_loss":0,"event_name":"Ghosts","floor":19,"gold_loss":0},{"damage_healed":0,"gold_gain":50,"player_choice":"Touch","damage_taken":7,"max_hp_gain":0,"max_hp_loss":0,"event_name":"FaceTrader","floor":20,"gold_loss":0},{"cards_removed":["Steam"],"damage_healed":0,"gold_gain":0,"player_choice":"Purged","damage_taken":0,"max_hp_gain":0,"max_hp_loss":0,"event_name":"Purifier","floor":37,"gold_loss":0},{"damage_healed":0,"gold_gain":0,"player_choice":"Embrace Madness","damage_taken":14,"max_hp_gain":0,"max_hp_loss":0,"event_name":"Winding Halls","floor":45,"gold_loss":0,"cards_obtained":["Madness","Madness"]}],"is_beta":false,"boss_relics":[{"not_picked":["Velvet Choker","Black Blood"],"picked":"Philosopher\u0027s Stone"},{"not_picked":["SacredBark","Busted Crown"],"picked":"Coffee Dripper"}],"items_purged_floors":[22,28,36,54],"is_endless":false,"potions_floor_spawned":[4,10,11,12,13,14,16,18,21,24,27,29,31,33,35,38,39,40,42,44,47,48,55],"ascension_level":20}}