{"host":"2viv5vt57b7fdvwg","time":1614319454,"event":{"mods":["BaseMod","Better Third Choice","Colored Map","Colored Powertips","Downfall","Hermit","Highlight Path","Minty Spire (QoL Compilation)","Replay The Spire","Shade Mod","Shop Mod","StSLib","The Bug Knight","The Hayseed","The Jungle","The Necromancer","The Servant 0.9.4"],"gold_per_floor":[110,179,190,255,266,293,253,253,324,338,338,183,198,214,214,318,318,332,82,101,151,151,184,184,211,237,237,237,52,77,105,105,209,209,224,239,114,132,182,215,258,0,0,19,19,19,19,54,18,18,18,18],"floor_reached":53,"language":"ENG","playtime":3604,"items_purged":["Shade:Defend_Shade","Shade:Defend_Shade","Shade:Strike_Shade"],"score":703,"play_id":"8accfb38-4645-41c8-9750-26c623aa4a27","local_time":"20210226010414","is_ascension_mode":true,"campfire_choices":[{"floor":8,"key":"REST"},{"floor":11,"key":"REST"},{"data":"Shade:Awaken","floor":15,"key":"SMITH"},{"floor":24,"key":"REST"},{"data":"Shade:DangerousRitual","floor":32,"key":"SMITH"},{"floor":47,"key":"REST"},{"floor":51,"key":"REST"}],"circlet_count":0,"master_deck":["Shade:Defend_Shade","Shade:AnimateDead","Shade:CarefulCut","Shade:FeralStrike+1","ReplayTheSpireMod:Splinters","Shade:Awaken+1","Shade:FuneraryArmor+1","Shade:ScuttlingHand","Shade:ScuttlingHand+1","Shade:DangerousRitual+1","Shade:Frenzy+1","Shade:TouchOfTheGrave+1","Shade:FuneraryArmor","Shade:FeralStrike+1","Shade:AncientSpear+1","Shade:Frenzy","Shade:OfferingToTheBeyond+1","Shade:TouchOfTheGrave+1","Shade:ScuttlingHand+1","Shade:Carnophage","ReplayTheSpireMod:Necrogeddon+1"],"relics":["Shade:YorickSkull","WingedGreaves","ReplayTheSpireMod:Shallot","Mercury Hourglass","Juzu Bracelet","Shuriken","Black Star","Strange Spoon","theJungle:SpiritDisease","Whetstone","Shade:Thing","Happy Flower","Replay:Mystery Machine","Spirit Poop","theJungle:Creamberry","Omamori","Garlic","Velvet Choker","Ring of Peace","Ring of Greed","Membership Card","Golden Idol","War Paint","Onion Ring","Prayer Wheel","Replay:Bottled Eggs","Red Mask","Bottled Tornado","Anchor"],"acts_visited":["Exordium","Exordium","TheBeyond"],"potions_floor_usage":[16,25,33,33,52,52],"damage_taken":[{"damage":0,"enemies":"Cultist","floor":1,"turns":3},{"damage":0,"enemies":"Small Slimes","floor":3,"turns":2},{"damage":2,"enemies":"2 Louse","floor":5,"turns":1},{"damage":35,"enemies":"Lagavulin","floor":6,"turns":7},{"damage":0,"enemies":"Looter","floor":10,"turns":3},{"damage":2,"enemies":"Exordium Thugs","floor":13,"turns":3},{"damage":0,"enemies":"Blue Slaver","floor":14,"turns":2},{"damage":33,"enemies":"The Guardian","floor":16,"turns":7},{"damage":6,"enemies":"theJungle:MUSHROOMGANG","floor":18,"turns":3},{"damage":0,"enemies":"theJungle:Flameango_and_Byrd","floor":20,"turns":3},{"damage":13,"enemies":"theJungle:2_Phrogs","floor":23,"turns":5},{"damage":3,"enemies":"theJungle:MamaSnecko","floor":25,"turns":5},{"damage":1,"enemies":"theJungle:Cassacara","floor":31,"turns":4},{"damage":12,"enemies":"theJungle:FunGuy","floor":33,"turns":9},{"damage":4,"enemies":"3 Darklings","floor":35,"turns":2},{"damage":2,"enemies":"3 Shapes","floor":36,"turns":2},{"damage":0,"enemies":"3 Darklings","floor":38,"turns":3},{"damage":21,"enemies":"Nemesis","floor":40,"turns":7},{"damage":15,"enemies":"Reptomancer","floor":41,"turns":5},{"damage":0,"enemies":"Transient","floor":44,"turns":5},{"damage":31,"enemies":"Giant Head","floor":48,"turns":8},{"damage":5,"enemies":"Replay:Hell Engine","floor":52,"turns":11}],"seed_played":"-6488856127235564673","potions_obtained":[{"floor":4,"key":"GamblersBrew"},{"floor":6,"key":"Weak Potion"},{"floor":10,"key":"FearPotion"},{"floor":13,"key":"AttackPotion"},{"floor":18,"key":"Adrenaline Potion"},{"floor":36,"key":"Doom Potion"},{"floor":38,"key":"Swift Potion"},{"floor":40,"key":"GamblersBrew"},{"floor":41,"key":"Flashbang"}],"is_trial":false,"path_per_floor":["M","T","M","?","M","E","?","R","T","M","R","$","M","M","R","B",null,"M","$","M","?","?","E","R","E","T","?","?","?","T","E","R_BF","B",null,"M","M","$","M","?","E","E","?","T","M","PTL","PTL","R","E","$","?","R","B",null],"character_chosen":"SHADE","items_purchased":["Shade:DangerousRitual","Strange Spoon","Shade:Carnophage"],"campfire_rested":5,"item_purchase_floors":[12,19,49],"current_hp_per_floor":[47,47,47,47,45,10,10,29,29,29,48,48,46,46,46,13,65,59,59,59,50,50,37,56,53,53,43,43,43,43,42,42,30,65,61,59,59,59,59,38,23,23,23,23,23,23,42,11,11,11,30,25],"gold":18,"neow_bonus":"ONE_RARE_RELIC","is_daily":false,"chose_seed":false,"campfire_upgraded":2,"win_rate":0.0,"timestamp":1614319454,"path_taken":["M","?","M","?","?","E","?","R","T","M","R","$","M","M","R","BOSS","M","$","M","?","?","E","R","E","T","?","?","?","?","E","R_BF","BOSS","M","M","$","M","?","E","E","?","T","M","PTL","PTL","R","E","?","?","R","BOSS"],"items_purchased_type":["Card","Relic","Card"],"build_version":"2020-12-22","purchased_purges":3,"victory":true,"max_hp_per_floor":[65,65,65,65,65,65,65,65,65,65,65,65,65,65,65,65,65,65,65,65,65,65,65,65,65,65,65,65,65,65,65,65,65,65,65,65,65,65,65,65,65,65,65,65,65,65,65,65,65,65,65,65],"card_choices":[{"not_picked":["Shade:Frenzy","Shade:Doomsay","Shade:ExtraLimbs"],"picked":"SKIP","floor":1},{"not_picked":["Shade:CommandSoldier","Shade:AncientSpear"],"picked":"Shade:FeralStrike","floor":3},{"not_picked":["Shade:CoffinDance","Shade:SpontaneousRitual"],"picked":"Shade:Awaken","floor":4},{"not_picked":["Shade:FingerOfDeath","Shade:BoneShards"],"picked":"Shade:FuneraryArmor","floor":5},{"not_picked":["Shade:SoulPierce","Shade:CloudOfShrapnel"],"picked":"Shade:ScuttlingHand","floor":6},{"not_picked":["Shade:FuneraryArmor","Shade:GraveStillness"],"picked":"Shade:ScuttlingHand","floor":10},{"not_picked":["Shade:Doomsay","Shade:GoDigging","Shade:SoulToxin"],"picked":"SKIP","floor":13},{"not_picked":["Shade:BoneShards","Shade:GraveStillness"],"picked":"Shade:Frenzy","floor":14},{"not_picked":["Shade:Bonestorm+1","Shade:SkeletonHug"],"picked":"Shade:TouchOfTheGrave","floor":18},{"not_picked":["Shade:GraveStillness","Shade:Haruspicy","Shade:Patience"],"picked":"SKIP","floor":20},{"not_picked":["Shade:FreshBones","Shade:Bonestorm","Shade:FleshToFlesh"],"picked":"SKIP","floor":23},{"not_picked":["Shade:PressTheAttack+1","Shade:FleshToFlesh"],"picked":"Shade:FuneraryArmor","floor":25},{"not_picked":["Shade:BoneShards","Shade:FuneraryArmor"],"picked":"Shade:FeralStrike","floor":31},{"not_picked":["Shade:CoffinDance","Shade:SkeletonHug+1"],"picked":"Shade:AncientSpear+1","floor":35},{"not_picked":["Shade:BoneShards","Shade:CloudOfShrapnel+1"],"picked":"Shade:Frenzy","floor":36},{"not_picked":["Shade:WallOfFlesh+1","Shade:CoffinDance","Shade:SanguineRitual+1"],"picked":"SKIP","floor":38},{"not_picked":["Shade:SkeletonArmy+1","Shade:Doomsay+1"],"picked":"Shade:OfferingToTheBeyond+1","floor":40},{"not_picked":["Shade:CoffinDance","Shade:SelfBurial+1","Shade:Patience+1"],"picked":"SKIP","floor":41},{"not_picked":["Shade:FleshToFlesh","Shade:CommandSoldier+1"],"picked":"Shade:TouchOfTheGrave+1","floor":44},{"not_picked":["Shade:RitualOffering+1","Shade:Premonition+1"],"picked":"Shade:ScuttlingHand+1","floor":44},{"not_picked":["Shade:CoffinDance+1","Shade:Awaken+1","Shade:Brains"],"picked":"SKIP","floor":48},{"not_picked":["Replay:Sssssssssstrike+1","Mayhem+1"],"picked":"ReplayTheSpireMod:Necrogeddon+1","floor":50}],"player_experience":462167,"relics_obtained":[{"floor":2,"key":"ReplayTheSpireMod:Shallot"},{"floor":4,"key":"Mercury Hourglass"},{"floor":6,"key":"Juzu Bracelet"},{"floor":9,"key":"Shuriken"},{"floor":23,"key":"Whetstone"},{"floor":23,"key":"Shade:Thing"},{"floor":25,"key":"Happy Flower"},{"floor":25,"key":"Replay:Mystery Machine"},{"floor":26,"key":"Spirit Poop"},{"floor":31,"key":"Omamori"},{"floor":31,"key":"Garlic"},{"floor":39,"key":"Ring of Peace"},{"floor":39,"key":"Ring of Greed"},{"floor":39,"key":"Membership Card"},{"floor":39,"key":"Golden Idol"},{"floor":40,"key":"War Paint"},{"floor":40,"key":"Onion Ring"},{"floor":41,"key":"Prayer Wheel"},{"floor":41,"key":"Replay:Bottled Eggs"},{"floor":43,"key":"Bottled Tornado"},{"floor":48,"key":"Anchor"}],"event_choices":[{"damage_healed":0,"gold_gain":0,"player_choice":"Left","damage_taken":0,"max_hp_gain":0,"max_hp_loss":0,"event_name":"betterThird:BetterGoop","floor":7,"gold_loss":40},{"damage_healed":0,"gold_gain":0,"player_choice":"Upgraded","damage_taken":0,"max_hp_gain":0,"max_hp_loss":0,"event_name":"Upgrade Shrine","floor":28,"gold_loss":0,"cards_upgraded":["Shade:TouchOfTheGrave"]},{"damage_healed":0,"gold_gain":0,"player_choice":"Paid","damage_taken":0,"relics_obtained":["Red Mask"],"max_hp_gain":0,"max_hp_loss":0,"event_name":"Tomb of Lord Red Mask","floor":42,"gold_loss":258},{"damage_healed":0,"gold_gain":0,"player_choice":"Memory 1","damage_taken":0,"max_hp_gain":0,"max_hp_loss":0,"event_name":"SensoryStone","floor":50,"gold_loss":0}],"is_beta":false,"boss_relics":[{"not_picked":["Pandora\u0027s Box","Tiny House"],"picked":"Black Star"},{"not_picked":["Honey Jar","Replay:Drink Me"],"picked":"Velvet Choker"}],"items_purged_floors":[12,19,37],"is_endless":false,"potions_floor_spawned":[6,10,13,18,23,36,38,40,41],"ascension_level":1}}