{"host":"w3q5ijqu8eoknil3","time":1614383876,"event":{"mods":["AchievementEnabler","BaseMod","Block Reminder","Colored Map","Colored Powertips","Curses Come First","Dark Map","Minty Spire (QoL Compilation)","Quick Restart","Relic Stats","StSLib","ojb\u0027s Better Paths Mod","ojb\u0027s Info Mod","slay the spire mod where everything is the same but ironclad has a cowboy hat"],"gold_per_floor":[118,118,24,35,35,65,82,93,93,118,193,206,52,71,71,143,143,157,175,10,30,30,30,30,30],"floor_reached":24,"language":"ENG","playtime":708,"items_purged":["Strike_G"],"score":528,"play_id":"2572e69b-879d-4eaa-ba32-f742130f2763","local_time":"20210226235756","is_ascension_mode":true,"campfire_choices":[{"data":"Catalyst","floor":15,"key":"SMITH"},{"data":"Bite","floor":23,"key":"SMITH"}],"circlet_count":0,"master_deck":["AscendersBane","Defend_G","Defend_G","Defend_G","Defend_G","Defend_G","Survivor","Neutralize","Backstab","Flying Knee","Storm of Steel","Deadly Poison","Leg Sweep","After Image+1","Predator","Catalyst+1","Dash","Doppelganger","Blade Dance","Acrobatics+1","Calculated Gamble","Bite+1","Bite","Bite","Bite","Bite"],"relics":["Ring of the Serpent","NeowsBlessing","Lizard Tail","Question Card","Frozen Egg 2","Akabeko","ClockworkSouvenir"],"acts_visited":["Exordium","TheCity"],"potions_floor_usage":[10,10,16,24],"damage_taken":[{"damage":0,"enemies":"Small Slimes","floor":1,"turns":1},{"damage":0,"enemies":"Cultist","floor":4,"turns":1},{"damage":0,"enemies":"Lagavulin","floor":6,"turns":1},{"damage":0,"enemies":"2 Louse","floor":7,"turns":2},{"damage":7,"enemies":"Blue Slaver","floor":8,"turns":5},{"damage":0,"enemies":"Gremlin Nob","floor":10,"turns":3},{"damage":5,"enemies":"Looter","floor":12,"turns":2},{"damage":0,"enemies":"Exordium Thugs","floor":14,"turns":4},{"damage":19,"enemies":"The Guardian","floor":16,"turns":11},{"damage":33,"enemies":"3 Byrds","floor":18,"turns":5},{"damage":14,"enemies":"2 Thieves","floor":19,"turns":5},{"damage":16,"enemies":"Centurion and Healer","floor":21,"turns":9},{"damage":54,"enemies":"Book of Stabbing","floor":24,"turns":8}],"seed_played":"-1338969150591840012","potions_obtained":[{"floor":7,"key":"DistilledChaos"},{"floor":8,"key":"SteroidPotion"},{"floor":10,"key":"FairyPotion"},{"floor":12,"key":"LiquidBronze"},{"floor":21,"key":"SpeedPotion"}],"is_trial":false,"path_per_floor":["M","?","$","M","?","E","M","M","T","E","?","M","$","M","R","B",null,"M","M","$","M","?","R","E"],"character_chosen":"THE_SILENT","items_purchased":["Backstab","Flying Knee","Catalyst","ClockworkSouvenir"],"campfire_rested":0,"item_purchase_floors":[3,3,13,20],"current_hp_per_floor":[59,59,59,59,59,59,59,52,52,52,41,36,36,36,36,17,54,21,7,7,14,14,14,0,0],"gold":30,"neow_bonus":"THREE_ENEMY_KILL","is_daily":false,"chose_seed":false,"campfire_upgraded":2,"win_rate":0.0,"timestamp":1614383876,"path_taken":["M","?","$","?","?","E","M","M","T","E","?","M","$","M","R","BOSS","M","M","$","M","?","R","E"],"items_purchased_type":["Card","Card","Card","Relic"],"build_version":"2020-12-22","purchased_purges":1,"victory":false,"max_hp_per_floor":[66,66,66,66,66,66,66,66,66,66,66,66,66,66,66,66,66,66,66,66,66,46,46,46,46],"relic_stats":{"Lizard Tail":23,"counters":[13,57],"Question Card":9,"obtain_stats":[{"Lizard Tail":2,"NeowsBlessing":0,"Frozen Egg 2":9,"Question Card":6,"Akabeko":10,"Ring of the Serpent":17,"Ring of the Snake":0,"ClockworkSouvenir":20},{"Lizard Tail":1,"NeowsBlessing":0,"Frozen Egg 2":5,"Question Card":3,"Akabeko":6,"Ring of the Serpent":9,"Ring of the Snake":0,"ClockworkSouvenir":11},{"Lizard Tail":1,"NeowsBlessing":0,"Frozen Egg 2":10,"Question Card":3,"Akabeko":13,"Ring of the Serpent":30,"Ring of the Snake":0,"ClockworkSouvenir":40}]},"card_choices":[{"not_picked":["Outmaneuver","Underhanded Strike"],"picked":"Quick Slash","floor":1},{"not_picked":["Bane","Dodge and Roll","Prepared"],"picked":"SKIP","floor":4},{"not_picked":["Blade Dance","Choke"],"picked":"Storm of Steel","floor":6},{"not_picked":["Acrobatics","Flying Knee","Dodge and Roll"],"picked":"Deadly Poison","floor":7},{"not_picked":["Cloak And Dagger","Quick Slash","Accuracy"],"picked":"Leg Sweep","floor":8},{"not_picked":["Deflect","PiercingWail","Accuracy+1"],"picked":"After Image+1","floor":10},{"not_picked":["All Out Attack","PiercingWail","Deflect"],"picked":"Predator","floor":12},{"not_picked":["Terror","Underhanded Strike","Deflect"],"picked":"Dash","floor":14},{"not_picked":["Burst","Grand Finale","Envenom+1"],"picked":"Doppelganger","floor":16},{"not_picked":["Acrobatics","Cloak And Dagger","Dodge and Roll"],"picked":"Blade Dance","floor":18},{"not_picked":["Dodge and Roll+1","Tactician","Underhanded Strike"],"picked":"Acrobatics+1","floor":19},{"not_picked":["Dagger Throw","Acrobatics","Slice"],"picked":"Calculated Gamble","floor":21}],"player_experience":1061620,"relics_obtained":[{"floor":6,"key":"Question Card"},{"floor":9,"key":"Frozen Egg 2"},{"floor":10,"key":"Akabeko"}],"event_choices":[{"cards_removed":["Quick Slash"],"damage_healed":0,"gold_gain":0,"player_choice":"Gave Card","damage_taken":0,"relics_obtained":["Lizard Tail"],"max_hp_gain":0,"max_hp_loss":0,"event_name":"WeMeetAgain","floor":2,"gold_loss":0},{"damage_healed":0,"gold_gain":0,"player_choice":"Ignored","damage_taken":0,"max_hp_gain":0,"max_hp_loss":0,"event_name":"Liars Game","floor":5,"gold_loss":0},{"damage_healed":0,"gold_gain":75,"player_choice":"Gather Gold","damage_taken":11,"max_hp_gain":0,"max_hp_loss":0,"event_name":"World of Goop","floor":11,"gold_loss":0},{"damage_healed":0,"gold_gain":0,"player_choice":"Became a vampire","damage_taken":0,"max_hp_gain":0,"max_hp_loss":20,"event_name":"Vampires","floor":22,"gold_loss":0,"cards_obtained":["Bite","Bite","Bite","Bite","Bite"]}],"is_beta":false,"boss_relics":[{"not_picked":["Empty Cage","Runic Dome"],"picked":"Ring of the Serpent"}],"items_purged_floors":[13],"is_endless":false,"potions_floor_spawned":[7,8,10,12,21],"killed_by":"Book of Stabbing","ascension_level":19}}