{"host":"9rqk712yu6s3287p","time":1614346773,"event":{"mods":["ATMod(°¢èªMod)","Act Like it!","BaseMod","CapriCore","Chen","Gensokyo","Googly Eyes","Marisa£¨ìFÓê¡¡Ä§ÀíÉ³£©","Minty Spire (QoL Compilation)","MostiFishMod","Onozuka Komachi Mod","Reimu£¨²©ÀöÁéÃÎ£©","Remilia_Scarlet Moed£¨ÀÙÃ×ÀòÑÇ¡¤Ë¹¿¨À×ÌØ£©3.3.5","Remilia£¨ÀÙÃ×ÀòÑÇ£©","Replay The Spire","RumiaBox-Â¶Ã×æ«µÄÉñÃØºÐ×Ó","StSLib","The Administrix","The Immortal","The Servant 0.9.4","Yakumo Yukari mod","Youmu£¨»êÆÇÑýÃÎ£©","Yuyuko","[IsaacMod]ÒÔÈö¼âËþ","¡¾ÒÅÎï¿¨ÅÆ¡¿REMEMod","²ÐÁôÖ®Îï"],"gold_per_floor":[116,116,126,138,88,88,119,119,191,207,218,24,35,35,35,132,132,146,160,178,31,45,72,83,83,83,83,108,115,115,130,130,229,229,244,255,255,271,323,358,406,406,430,430,443,463,495,512,512,512,512,512,512,545,587],"floor_reached":56,"language":"ZHS","playtime":3169,"items_purged":["PlaceholderMod:BaseDefend","PlaceholderMod:BaseStrike","PlaceholderMod:BaseDefend","PlaceholderMod:BaseStrike+1","PlaceholderMod:BaseStrike+1","PlaceholderMod:BaseStrike+1"],"score":1585,"play_id":"6bf919ba-b19b-44e1-8bb4-34303ad608fa","local_time":"20210226213933","is_ascension_mode":false,"campfire_choices":[{"data":"PlaceholderMod:DirectingGroup","floor":6.0,"key":"SMITH"},{"data":"PlaceholderMod:Package","floor":15.0,"key":"SMITH"},{"floor":32.0,"key":"RECALL"},{"floor":52,"key":"REST"}],"circlet_count":0,"master_deck":["Gensokyo:DreamlikeParadise+1","PlaceholderMod:OHStrongAttack+1","PlaceholderMod:DirectingGroup+1","PlaceholderMod:HighConcentration+1","PlaceholderMod:ChainPoly+1","PlaceholderMod:PericyclicReaction+1","PlaceholderMod:CrystallizationStrike+1","PlaceholderMod:HardStinger+1","PlaceholderMod:Package+1","PlaceholderMod:FinalSpray+1","PlaceholderMod:TriggerStrike+1","PlaceholderMod:FastReaction+1","PlaceholderMod:CorePoison+1","PlaceholderMod:FinalSpray+1","PlaceholderMod:HealingAttack+1","PlaceholderMod:PoisonAbsorb+1","MostiFishMod:PerfectForm+1","PlaceholderMod:DiffusionPoison+1","PlaceholderMod:QualitativeChange+1","PlaceholderMod:EnergyAbsorb+1","PlaceholderMod:HardStrike+1","PlaceholderMod:HornyCollision+1","PlaceholderMod:Crystallization+1","MostiFishMod:TheLastGuard","MostiFishMod:MusicBox+1","MostiFishMod:Kaleido+1","PlaceholderMod:DoublePoint+1","PlaceholderMod:DiffusionPoison+1","PlaceholderMod:ReactionCatalyze+1","PlaceholderMod:SelfCoupling+1","PlaceholderMod:QualitativeChange+1"],"relics":["AT_ATBox","DaveBox","REME_ComplimentaryCards","HushsDoor","xbg","MoneyPower","DSteel32","SynthV:TestCard","ReplayTheSpireMod:TigerMarble","Replay:WaspNest","Anchor","Fusion Hammer","DiscerningMonocle","Toy Ornithopter","ReplayTheSpireMod:Shallot","ReplayTheSpireMod:Lightbulb","REME_PuzzleBoxRelic","MagicDraw2","Orichalcum","SalivaCoin","MetatronsCube","Gremlin Food","Replay:Bottled Snecko","Dodecahedron","JellyFishMachine","Snack Pack","MostiFishMod:AdaptiveDefenses","Ornamental Fan","Happy Flower","CatCart","REME_OnlineShoppingPlatform","Centennial Puzzle","AnarchistCookbook","AT_SpeedBoots","ZombieArmy","ReplayTheSpireMod:ShopPack","SumBook","BookOfRevelations"],"acts_visited":["Exordium","TheCity","TheBeyond","TheEnding"],"potions_floor_usage":[],"damage_taken":[{"damage":0.0,"enemies":"Small Slimes","floor":1.0,"turns":3.0},{"damage":0.0,"enemies":"Cultist","floor":3.0,"turns":3.0},{"damage":0.0,"enemies":"2 Louse","floor":4.0,"turns":3.0},{"damage":0.0,"enemies":"Lagavulin","floor":7.0,"turns":6.0},{"damage":0.0,"enemies":"Exordium Thugs","floor":10.0,"turns":4.0},{"damage":0.0,"enemies":"Blue Slaver","floor":11.0,"turns":3.0},{"damage":0.0,"enemies":"Looter","floor":13.0,"turns":3.0},{"damage":22.0,"enemies":"Hexaghost","floor":16.0,"turns":7.0},{"damage":0.0,"enemies":"Shell Parasite","floor":18.0,"turns":5.0},{"damage":0.0,"enemies":"Chosen","floor":19.0,"turns":3.0},{"damage":0.0,"enemies":"3 Cultists","floor":20.0,"turns":3.0},{"damage":0.0,"enemies":"Snake Plant","floor":22.0,"turns":2.0},{"damage":0.0,"enemies":"Gremlin Leader","floor":23.0,"turns":4.0},{"damage":0.0,"enemies":"Cultist and Chosen","floor":24.0,"turns":2.0},{"damage":3.0,"enemies":"Chosen and Byrds","floor":28.0,"turns":3.0},{"damage":0.0,"enemies":"Centurion and Healer","floor":31.0,"turns":2.0},{"damage":0.0,"enemies":"Pondfish","floor":33.0,"turns":4.0},{"damage":0.0,"enemies":"Orb Walker","floor":35.0,"turns":1.0},{"damage":0.0,"enemies":"3 Darklings","floor":36.0,"turns":2.0},{"damage":0.0,"enemies":"Transient","floor":38.0,"turns":5.0},{"damage":5,"enemies":"Maw","floor":39,"turns":4},{"damage":0,"enemies":"R_Hoarder","floor":40,"turns":2},{"damage":0,"enemies":"Orin","floor":41,"turns":4},{"damage":0,"enemies":"Writhing Mass","floor":45,"turns":3},{"damage":0,"enemies":"Transient","floor":46,"turns":4},{"damage":0,"enemies":"Giant Head","floor":47,"turns":3},{"damage":0,"enemies":"Jaw Worm Horde","floor":48,"turns":2},{"damage":0,"enemies":"Awakened One","floor":50,"turns":6},{"damage":0,"enemies":"Shield and Spear","floor":54,"turns":4},{"damage":0,"enemies":"The Heart","floor":55,"turns":3}],"seed_played":"3587092337890172840","potions_obtained":[{"floor":3.0,"key":"FearPotion"},{"floor":11.0,"key":"DuplicationPotion"},{"floor":18.0,"key":"Elixir"}],"is_trial":false,"path_per_floor":["M","?","M","M","?","R","E","$","T","M","M","$","M","?","R","B",null,"M","M","M","$","M","E","M","?","T","$","M","?","$","M","R","B",null,"M","M","$","M","M","E","?","?","T","$","M","M","E","M","R","B",null,"R","$","E","B",null],"character_chosen":"THE_PLACEHOLDER","items_purchased":["PlaceholderMod:HardStinger","Anchor","DiscerningMonocle","Toy Ornithopter","ReplayTheSpireMod:Shallot","PlaceholderMod:CorePoison","Orichalcum","SalivaCoin","MetatronsCube","Gremlin Food","MostiFishMod:PerfectForm","Replay:Bottled Snecko","Dodecahedron","Snack Pack","MostiFishMod:AdaptiveDefenses","Ornamental Fan","REME_OnlineShoppingPlatform","Centennial Puzzle","AnarchistCookbook","ZombieArmy","ReplayTheSpireMod:ShopPack","SumBook"],"campfire_rested":1,"item_purchase_floors":[12,12,21,21,21,21,27,27,27,30,30,30,30,37,37,37,44,44,44,53,53,53],"current_hp_per_floor":[78,78,78,78,78,78,78,78,78,78,78,78,78,78,78,62,78,78,78,78,78,78,78,78,78,78,78,78,63,63,70,70,83,83,83,83,83,83,83,83,83,83,83,83,83,83,83,83,83,83,83,83,83,83,83],"gold":587,"neow_bonus":"BOSS_RELIC","is_daily":false,"chose_seed":false,"campfire_upgraded":2,"win_rate":0.0,"timestamp":1614346773,"path_taken":["M","?","M","M","?","R","E","?","T","M","M","$","M","?","R","BOSS","M","M","M","$","M","E","M","?","T","$","M","?","$","?","R","BOSS","M","M","$","M","M","E","?","?","T","$","M","M","E","M","R","BOSS","R","$","E","BOSS"],"items_purchased_type":["Card","Relic","Relic","Relic","Relic","Card","Relic","Relic","Relic","Relic","Card","Relic","Relic","Relic","Relic","Relic","Relic","Relic","Relic","Relic","Relic","Relic"],"build_version":"2020-12-22","purchased_purges":6,"victory":true,"max_hp_per_floor":[78,78,78,78,78,78,78,78,78,78,78,78,78,78,78,78,78,78,78,78,78,78,78,78,78,78,78,78,83,83,83,83,83,83,83,83,83,83,83,83,83,83,83,83,83,83,83,83,83,83,83,83,83,83,83],"card_choices":[{"not_picked":["Bomb","PlaceholderMod:HornyBlast"],"picked":"PlaceholderMod:OHStrongAttack","floor":1.0},{"not_picked":["PlaceholderMod:HardStrike","PlaceholderMod:Hyperplasia","PlaceholderMod:CycleAttack","PlaceholderMod:ProliferateStrike"],"picked":"PlaceholderMod:DirectingGroup","floor":3.0},{"not_picked":["PlaceholderMod:SubstitutionNucleophilic1","PlaceholderMod:ConsolidateHit","Bomb","PlaceholderMod:InnerStable"],"picked":"PlaceholderMod:HighConcentration","floor":4.0},{"not_picked":["PlaceholderMod:OHStrongAttack","PlaceholderMod:AngryAttack","PlaceholderMod:SevereHeat","PlaceholderMod:SprayAttack"],"picked":"PlaceholderMod:ChainPoly","floor":7.0},{"not_picked":["PlaceholderMod:OHStrongAttack","PlaceholderMod:SeverePoisonStrike","PlaceholderMod:ProliferateStrike","PlaceholderMod:SpinBlade"],"picked":"PlaceholderMod:PericyclicReaction","floor":10.0},{"not_picked":["PlaceholderMod:FastReaction","PlaceholderMod:PoisonBlast","PlaceholderMod:StressReaction","PlaceholderMod:Sweep"],"picked":"PlaceholderMod:CrystallizationStrike","floor":11.0},{"not_picked":["PlaceholderMod:HornyBlast","PlaceholderMod:Turn","PlaceholderMod:SprayAttack","PlaceholderMod:ThreeBenzyolStart"],"picked":"PlaceholderMod:Package","floor":13.0},{"not_picked":["PlaceholderMod:InnerSoften","PlaceholderMod:CorePoison","PlaceholderMod:AbsorbTouch","PlaceholderMod:GrowthForm"],"picked":"PlaceholderMod:FinalSpray","floor":16.0},{"not_picked":["PlaceholderMod:HardStinger+1","PlaceholderMod:EvolutionSpray","PlaceholderMod:HardStrike","PlaceholderMod:PoisonExcitation"],"picked":"PlaceholderMod:TriggerStrike+1","floor":18.0},{"not_picked":["PlaceholderMod:PoisonAbsorb+1","PlaceholderMod:Hyperplasia","PlaceholderMod:Polyp","PlaceholderMod:HardStinger"],"picked":"PlaceholderMod:FastReaction","floor":19.0},{"not_picked":["PlaceholderMod:SeverePoisonStrike","PlaceholderMod:DirectingGroup","PlaceholderMod:CycleAttack","PlaceholderMod:Sweep","PlaceholderMod:PoisonAbsorb+1"],"picked":"SKIP","floor":20.0},{"not_picked":["PlaceholderMod:DirectingGroup","PlaceholderMod:SubstitutionNucleophilic1","PlaceholderMod:OHStrongAttack","PlaceholderMod:ParasiteChange","PlaceholderMod:SprayAttack"],"picked":"SKIP","floor":22.0},{"not_picked":["PlaceholderMod:FastReaction+1","PlaceholderMod:Polyp+1","PlaceholderMod:SubstitutionNucleophilic1","PlaceholderMod:ProliferateStrike"],"picked":"PlaceholderMod:FinalSpray","floor":23.0},{"not_picked":["PlaceholderMod:PoisonAbsorb","PlaceholderMod:SeverePoisonStrike","PlaceholderMod:AttackAsDefend","PlaceholderMod:HardStinger"],"picked":"PlaceholderMod:HealingAttack","floor":24.0},{"not_picked":["PlaceholderMod:DissolvingSpikes+1","PlaceholderMod:Package","PlaceholderMod:Internalization+1","PlaceholderMod:ConsolidateHit+1"],"picked":"PlaceholderMod:PoisonAbsorb","floor":28.0},{"not_picked":["PlaceholderMod:ThreeBenzyolStart+1","PlaceholderMod:DirectingGroup","PlaceholderMod:ProliferateStrike","PlaceholderMod:Stratification"],"picked":"PlaceholderMod:DiffusionPoison","floor":31.0},{"not_picked":["PlaceholderMod:GrowthForm","PlaceholderMod:InnerSoften","PlaceholderMod:Eat","PlaceholderMod:DoublePoint"],"picked":"PlaceholderMod:QualitativeChange","floor":33.0},{"not_picked":["PlaceholderMod:StressReaction+1","PlaceholderMod:Internalization+1","PlaceholderMod:PoisonBlast","PlaceholderMod:PoisonExcitation","PlaceholderMod:SprayAttack+1"],"picked":"SKIP","floor":35.0},{"not_picked":["PlaceholderMod:InnerSoften","PlaceholderMod:HornyBlast+1","PlaceholderMod:Internalization+1","PlaceholderMod:ThreeBenzyolStart+1","PlaceholderMod:HardStinger+1"],"picked":"SKIP","floor":36.0},{"not_picked":["PlaceholderMod:HighConcentration","PlaceholderMod:ConsolidateHit","PlaceholderMod:PoisonAbsorb","PlaceholderMod:SeverePoisonStrike","PlaceholderMod:ThreeBenzyolStart"],"picked":"SKIP","floor":38.0},{"not_picked":["PlaceholderMod:EvolutionSpray+1","PlaceholderMod:Turn+1","PlaceholderMod:AttackAsDefend","PlaceholderMod:SevereHeat+1","PlaceholderMod:SprayAttack"],"picked":"SKIP","floor":39},{"not_picked":["PlaceholderMod:FastReaction+1","PlaceholderMod:QualitativeChange","PlaceholderMod:DirectingGroup+1","PlaceholderMod:HardStrike","PlaceholderMod:Polyp"],"picked":"SKIP","floor":40},{"not_picked":["PlaceholderMod:FastReaction+1","PlaceholderMod:QualitativeChange","PlaceholderMod:DirectingGroup+1","PlaceholderMod:HardStrike","PlaceholderMod:Polyp"],"picked":"SKIP","floor":40},{"not_picked":["PlaceholderMod:TriggerStrike","PlaceholderMod:SeverePoisonStrike+1","PlaceholderMod:HornyBlast","PlaceholderMod:Stratification+1"],"picked":"PlaceholderMod:EnergyAbsorb","floor":45},{"not_picked":["PlaceholderMod:HardStrike+1","PlaceholderMod:SpinBlade+1","PlaceholderMod:ConsolidateHit+1","PlaceholderMod:PoisonAbsorb+1","PlaceholderMod:Polyp+1"],"picked":"SKIP","floor":46},{"not_picked":["PlaceholderMod:SpinBlade+1","PlaceholderMod:ConsolidateHit+1","PlaceholderMod:PoisonAbsorb+1","PlaceholderMod:Polyp+1"],"picked":"PlaceholderMod:HardStrike+1","floor":46},{"not_picked":["PlaceholderMod:EnergyAbsorb+1","PlaceholderMod:ContinueSpray","PlaceholderMod:Eat","PlaceholderMod:AngryAttack"],"picked":"PlaceholderMod:HornyCollision","floor":47},{"not_picked":["PlaceholderMod:ContinueSpray","PlaceholderMod:Turn","PlaceholderMod:ProliferateStrike+1","PlaceholderMod:SeverePoisonStrike+1"],"picked":"PlaceholderMod:Crystallization+1","floor":48},{"not_picked":["Crow Ritual","Metamorphosis","Secret Technique","MostiFishMod:BrokenBlackCloak"],"picked":"MostiFishMod:TheLastGuard","floor":53},{"not_picked":["ReplayTheSpireMod:Brewmster","REME_Flogging","Replay:Bootleg Shield Generator","Purity"],"picked":"MostiFishMod:MusicBox","floor":53},{"not_picked":["Impatience","REME_TheoryOfElimination","Replay:BasicMightCard","Good Instincts"],"picked":"MostiFishMod:Kaleido","floor":53},{"not_picked":["PlaceholderMod:SubstitutionNucleophilic1+1","PlaceholderMod:BlastSpray","PlaceholderMod:SprayAttack+1","PlaceholderMod:Corrosion","PlaceholderMod:ChainPoly"],"picked":"SKIP","floor":54}],"player_experience":621766,"relics_obtained":[{"floor":1.0,"key":"SynthV:TestCard"},{"floor":7.0,"key":"ReplayTheSpireMod:TigerMarble"},{"floor":9.0,"key":"Replay:WaspNest"},{"floor":23.0,"key":"ReplayTheSpireMod:Lightbulb"},{"floor":26.0,"key":"MagicDraw2"},{"floor":40,"key":"Happy Flower"},{"floor":41,"key":"CatCart"},{"floor":47,"key":"AT_SpeedBoots"},{"floor":54,"key":"BookOfRevelations"}],"event_choices":[{"damage_healed":0.0,"max_hp_gain":0.0,"max_hp_loss":0.0,"gold_gain":0.0,"event_name":"The Woman in Blue","player_choice":"Bought 0 Potions","floor":2.0,"gold_loss":0.0,"damage_taken":0.0},{"cards_removed":["PlaceholderMod:BaseStrike"],"damage_healed":0.0,"max_hp_gain":0.0,"max_hp_loss":0.0,"gold_gain":0.0,"event_name":"The Cleric","player_choice":"Card Removal","floor":5.0,"gold_loss":50.0,"damage_taken":0.0},{"damage_healed":0.0,"max_hp_gain":0.0,"max_hp_loss":0.0,"gold_gain":0.0,"event_name":"Liars Game","player_choice":"Ignored","floor":14.0,"gold_loss":0.0,"damage_taken":0.0},{"damage_healed":0.0,"max_hp_gain":0.0,"max_hp_loss":0.0,"gold_gain":0.0,"event_name":"The Mausoleum","player_choice":"Opened","floor":25.0,"gold_loss":0.0,"damage_taken":0.0,"relics_obtained":["REME_PuzzleBoxRelic"]},{"damage_healed":0.0,"max_hp_gain":5.0,"max_hp_loss":0.0,"gold_gain":0.0,"event_name":"Forgotten Altar","player_choice":"Shed Blood","floor":29.0,"gold_loss":0.0,"damage_taken":20.0},{"damage_healed":0,"gold_gain":0,"player_choice":"Fight","damage_taken":0,"max_hp_gain":0,"max_hp_loss":0,"event_name":"OrinTheCat","floor":41,"gold_loss":0}],"is_beta":false,"boss_relics":[{"not_picked":["Empty Cage","Sozu"],"picked":"Fusion Hammer"},{"not_picked":[]},{"not_picked":["Pandora\u0027s Box","AT_MortalBlade"],"picked":"JellyFishMachine"},{"not_picked":[]}],"items_purged_floors":[21,27,30,37,44,53],"is_endless":false,"potions_floor_spawned":[3,4,11,18,19,22,23,33,38,39,46,47],"ascension_level":0}}