{"host":"4x21erqt93zf5k99","time":1614302457,"event":{"mods":["BaseMod","Colored Map","Highlight Path","Minty Spire (QoL Compilation)","StSLib"],"gold_per_floor":[118,133,152,152,77,77,107,107,158,158,176,126,26,51,51,51,51],"floor_reached":16,"language":"ENG","playtime":961,"items_purged":["Strike_R","Strike_R"],"score":98,"play_id":"143d2bcb-6884-416a-a9f4-6f4915b0c6a4","local_time":"20210225192057","is_ascension_mode":false,"campfire_choices":[{"data":"Bash","floor":6,"key":"SMITH"},{"data":"Shrug It Off","floor":8,"key":"SMITH"},{"data":"Thunderclap","floor":10,"key":"SMITH"},{"data":"Shrug It Off","floor":15,"key":"SMITH"}],"circlet_count":0,"master_deck":["Strike_R","Strike_R","Strike_R","Defend_R","Defend_R","Defend_R","Bash+1","Headbutt","Shrug It Off+1","Shrug It Off+1","Thunderclap+1","Seeing Red"],"relics":["Burning Blood","Blood Vial","Orichalcum","Lantern"],"acts_visited":["Exordium"],"potions_floor_usage":[16],"damage_taken":[{"damage":6,"enemies":"Cultist","floor":1,"turns":3},{"damage":7,"enemies":"Small Slimes","floor":2,"turns":4},{"damage":6,"enemies":"Jaw Worm","floor":3,"turns":4},{"damage":41,"enemies":"Gremlin Nob","floor":7,"turns":5},{"damage":1,"enemies":"Blue Slaver","floor":11,"turns":4},{"damage":65,"enemies":"Hexaghost","floor":16,"turns":11}],"seed_played":"9090198988461382308","potions_obtained":[{"floor":2,"key":"Energy Potion"},{"floor":11,"key":"DistilledChaos"}],"is_trial":false,"path_per_floor":["M","M","M","$","$","R","E","R","T","R","M","?","$","T","R","B"],"character_chosen":"IRONCLAD","items_purchased":[],"campfire_rested":0,"item_purchase_floors":[],"current_hp_per_floor":[88,87,87,87,87,87,52,52,52,52,59,59,59,59,59,0,0],"gold":51,"neow_bonus":"TEN_PERCENT_HP_BONUS","is_daily":false,"chose_seed":false,"campfire_upgraded":4,"win_rate":0.0,"timestamp":1614302457,"path_taken":["M","M","?","?","$","R","E","R","T","R","?","?","$","?","R","BOSS"],"items_purchased_type":[],"build_version":"2020-12-22","purchased_purges":2,"victory":false,"max_hp_per_floor":[88,88,88,88,88,88,88,88,88,88,88,88,88,88,88,88,88],"card_choices":[{"not_picked":["Hemokinesis","Body Slam"],"picked":"Headbutt","floor":1},{"not_picked":["Body Slam","Headbutt"],"picked":"Shrug It Off","floor":2},{"not_picked":["Headbutt","Inflame"],"picked":"Shrug It Off","floor":3},{"not_picked":["Hemokinesis","Juggernaut"],"picked":"Thunderclap","floor":7},{"not_picked":["Battle Trance","Fire Breathing"],"picked":"Seeing Red","floor":11}],"player_experience":1985,"relics_obtained":[{"floor":7,"key":"Blood Vial"},{"floor":9,"key":"Orichalcum"},{"floor":14,"key":"Lantern"}],"event_choices":[{"cards_removed":["Defend_R"],"damage_healed":0,"gold_gain":0,"player_choice":"Card Removal","damage_taken":0,"max_hp_gain":0,"max_hp_loss":0,"event_name":"The Cleric","floor":12,"gold_loss":50}],"is_beta":false,"boss_relics":[],"items_purged_floors":[5,13],"is_endless":false,"potions_floor_spawned":[2,11],"killed_by":"Hexaghost","ascension_level":0}}