{"host":"2e3z4r48quhw80cc","time":1614320623,"event":{"mods":["BaseMod","Minty Spire (QoL Compilation)","Quick Restart","StSLib","SuperFastMode"],"gold_per_floor":[119,119,119,44,44,88,88,88,88,109,109,34,52,88,88,184,184,208,208,208,221,48,81,81,120,200,115,140,155,180,180,180,180,180],"floor_reached":33,"language":"KOR","playtime":971,"items_purged":["Strike_B","Defend_B"],"score":684,"play_id":"2d76f731-b6f6-4a8e-bce0-158a09234de0","local_time":"20210226152343","is_ascension_mode":true,"campfire_choices":[{"floor":8.0,"key":"REST"},{"data":"Sweeping Beam","floor":11.0,"key":"SMITH"},{"data":"Glacier","floor":15.0,"key":"SMITH"},{"floor":24.0,"key":"REST"},{"floor":32,"key":"REST"}],"circlet_count":0,"master_deck":["AscendersBane","Strike_B+1","Strike_B","Defend_B","Zap+1","Dualcast+1","Cold Snap+1","Sweeping Beam+1","Glacier+1","Buffer+1","Tempest","Ball Lightning","Loop+1","Defragment+1","Lockon","Leap","Storm+1","Go for the Eyes"],"relics":["Cracked Core","NeowsBlessing","Golden Idol","Gambling Chip","Whetstone","Frozen Egg 2","Singing Bowl","Black Star","Bag of Preparation","Symbiotic Virus","Pocketwatch","StoneCalendar","Pear","Ancient Tea Set","The Courier"],"acts_visited":["Exordium","TheCity"],"potions_floor_usage":[],"damage_taken":[{"damage":0.0,"enemies":"2 Louse","floor":1.0,"turns":1.0},{"damage":0.0,"enemies":"Lagavulin","floor":6.0,"turns":1.0},{"damage":0.0,"enemies":"Small Slimes","floor":10.0,"turns":1.0},{"damage":2.0,"enemies":"Jaw Worm","floor":13.0,"turns":3.0},{"damage":0.0,"enemies":"3 Sentries","floor":14.0,"turns":7.0},{"damage":0.0,"enemies":"The Guardian","floor":16.0,"turns":14.0},{"damage":1.0,"enemies":"Shell Parasite","floor":18.0,"turns":8.0},{"damage":12.0,"enemies":"3 Byrds","floor":21.0,"turns":5.0},{"damage":22.0,"enemies":"Book of Stabbing","floor":23.0,"turns":6.0},{"damage":39.0,"enemies":"Slavers","floor":25.0,"turns":5.0},{"damage":13.0,"enemies":"Snake Plant","floor":28.0,"turns":3.0},{"damage":2,"enemies":"Sentry and Sphere","floor":29,"turns":4},{"damage":0,"enemies":"Snecko","floor":30,"turns":3},{"damage":33,"enemies":"Automaton","floor":33,"turns":6}],"seed_played":"7968148945639358197","potions_obtained":[{"floor":14.0,"key":"EntropicBrew"},{"floor":21.0,"key":"LiquidBronze"},{"floor":25.0,"key":"FocusPotion"}],"is_trial":false,"path_per_floor":["M","?","?","$","?","E","?","R","T","M","R","?","M","E","R","B",null,"M","?","?","M","$","E","R","E","T","?","M","M","M","T","R","B"],"character_chosen":"DEFECT","items_purchased":["Loop+1"],"campfire_rested":3,"item_purchase_floors":[22],"current_hp_per_floor":[64,57,33,33,28,28,7,28,28,28,28,28,26,28,28,30,64,63,63,63,51,51,29,51,12,22,22,9,7,7,7,32,0,0],"gold":180,"neow_bonus":"THREE_ENEMY_KILL","is_daily":false,"chose_seed":false,"campfire_upgraded":2,"win_rate":0.0,"timestamp":1614320623,"path_taken":["M","?","?","$","?","E","?","R","T","M","R","?","?","E","R","BOSS","BOSS","M","?","?","?","$","E","R","E","T","?","M","M","M","?","R","BOSS"],"items_purchased_type":["Card"],"build_version":"2020-12-22","purchased_purges":2,"victory":false,"max_hp_per_floor":[71,71,71,71,71,71,71,71,71,71,71,71,71,73,73,75,75,75,75,75,75,75,75,75,75,85,85,85,85,85,85,85,85,85],"card_choices":[{"not_picked":["Beam Cell","Darkness"],"picked":"Cold Snap","floor":1.0},{"not_picked":["Sunder","Skim"],"picked":"Sweeping Beam","floor":6.0},{"not_picked":["Genetic Algorithm","Leap"],"picked":"Glacier","floor":10.0},{"not_picked":["Static Discharge+1","Coolheaded"],"picked":"Buffer+1","floor":13.0},{"not_picked":["Turbo","Gash","Cold Snap"],"picked":"Singing Bowl","floor":14.0},{"not_picked":["Hyperbeam","Thunder Strike","Meteor Strike"],"picked":"Singing Bowl","floor":16.0},{"not_picked":["Compile Driver","Steam Power"],"picked":"Tempest","floor":18.0},{"not_picked":["Force Field","Compile Driver"],"picked":"Ball Lightning","floor":21.0},{"not_picked":["Redo","Self Repair+1"],"picked":"Defragment+1","floor":23.0},{"not_picked":["Hologram","Tempest"],"picked":"Lockon","floor":25.0},{"not_picked":["Double Energy","Blizzard"],"picked":"Leap","floor":28.0},{"not_picked":["Capacitor+1","Beam Cell+1"],"picked":"Storm+1","floor":29},{"not_picked":["Ball Lightning","Gash"],"picked":"Go for the Eyes","floor":30}],"player_experience":210800,"relics_obtained":[{"floor":6.0,"key":"Whetstone"},{"floor":9.0,"key":"Frozen Egg 2"},{"floor":14.0,"key":"Singing Bowl"},{"floor":23.0,"key":"Bag of Preparation"},{"floor":23.0,"key":"Symbiotic Virus"},{"floor":25.0,"key":"Pocketwatch"},{"floor":25.0,"key":"StoneCalendar"},{"floor":26.0,"key":"Pear"},{"floor":31,"key":"The Courier"}],"event_choices":[{"cards_removed":["Strike_B"],"damage_healed":0.0,"max_hp_gain":0.0,"max_hp_loss":0.0,"gold_gain":0.0,"event_name":"Golden Wing","player_choice":"Card Removal","floor":2.0,"gold_loss":0.0,"damage_taken":7.0},{"damage_healed":0.0,"max_hp_gain":0.0,"max_hp_loss":0.0,"gold_gain":0.0,"event_name":"Golden Idol","player_choice":"Take Damage","floor":3.0,"gold_loss":0.0,"damage_taken":24.0,"relics_obtained":["Golden Idol"]},{"damage_healed":0.0,"max_hp_gain":0.0,"max_hp_loss":0.0,"gold_gain":0.0,"event_name":"Scrap Ooze","player_choice":"Success","floor":5.0,"gold_loss":0.0,"damage_taken":5.0,"relics_obtained":["Gambling Chip"]},{"damage_healed":0.0,"max_hp_gain":0.0,"max_hp_loss":0.0,"gold_gain":0.0,"event_name":"Shining Light","player_choice":"Entered Light","floor":7.0,"gold_loss":0.0,"damage_taken":21.0,"cards_upgraded":["Zap","Dualcast"]},{"cards_removed":["Defend_B"],"damage_healed":0.0,"max_hp_gain":0.0,"max_hp_loss":0.0,"gold_gain":0.0,"event_name":"The Cleric","player_choice":"Card Removal","floor":12.0,"gold_loss":75.0,"damage_taken":0.0},{"damage_healed":0.0,"max_hp_gain":0.0,"max_hp_loss":0.0,"gold_gain":0.0,"event_name":"Vampires","player_choice":"Ignored","floor":19.0,"gold_loss":0.0,"damage_taken":0.0},{"cards_removed":["Defend_B"],"damage_healed":0.0,"max_hp_gain":0.0,"max_hp_loss":0.0,"gold_gain":0.0,"event_name":"Back to Basics","player_choice":"Elegance","floor":20.0,"gold_loss":0.0,"damage_taken":0.0},{"damage_healed":0.0,"max_hp_gain":0.0,"max_hp_loss":0.0,"gold_gain":0.0,"event_name":"Addict","player_choice":"Obtained Relic","floor":27.0,"gold_loss":85.0,"damage_taken":0.0,"relics_obtained":["Ancient Tea Set"]}],"is_beta":false,"boss_relics":[{"not_picked":["Fusion Hammer","Runic Pyramid"],"picked":"Black Star"}],"items_purged_floors":[4,22],"is_endless":false,"potions_floor_spawned":[14,21,25,29],"killed_by":"Automaton","ascension_level":15}}