{"host":"ihhmze8k3dygjpvp","time":1614361132,"event":{"mods":["10 clothes from DAL","Act Like it!","BaseMod","Colored Map","Hallownest","Highlight Path","Minty Spire (QoL Compilation)","MostiFishMod","Pale of the Ancients","Quick Restart","RumiaBox-露米娅的神秘盒子","Shop Mod","Spicy Shops","StSLib","TestMod","[IsaacMod]以撒尖塔","【功能Mod】混沌之环修复补丁","【功能Mod】聪明的最终Boss"],"gold_per_floor":[118,132,82,93,112,140,150,75,102,118,518,544,561,586,586,681,681,693,693,693,710,730,758,758,788,815,848,848,868,237,247,247,349,349,363,427,159,173,173,199,249,279,303,334,351,201,218,218,218,218,218,218],"floor_reached":51,"language":"ZHS","playtime":1563,"items_purged":["Defend_B","Defend_B","Strike_B","Strike_B","Defend_B","MostiFishMod:ATRI"],"score":1118,"play_id":"2ae802fd-6d4c-48d0-ae8a-dd079609f986","local_time":"20210227013852","is_ascension_mode":true,"campfire_choices":[{"data":"Zap","floor":15,"key":"SMITH"},{"data":"Echo Form","floor":24,"key":"SMITH"},{"data":"MostiFishMod:SeaWaves","floor":32,"key":"SMITH"},{"floor":49,"key":"RECALL"}],"circlet_count":0,"master_deck":["Zap+1","Dualcast","Defragment","Distribution","Defragment","Coolheaded","Redo","MostiFishMod:Distribution","Conserve Battery","Distribution","Defragment","Echo Form+1","MostiFishMod:ReadyAimFire","MostiFishMod:SeaWaves+1","Seek","Lockon+1","Turbo","Fan+1","MostiFishMod:TalkingToTheRain","MostiFishMod:Impulse+1","Capacitor+1","Capacitor+1","Double Energy+1","Apotheosis"],"relics":["Cracked Core","testmod-TestBox","HushsDoor","Civilization","BelialBook","testmod-Muramasa","SynthV:TestCard","AddBug","SecretRecord","SecretRecord","SecretRecord","SecretRecord","SecretRecord","SecretRecord","SecretRecord"],"acts_visited":["Exordium","TheCity","TheBeyond","paleoftheancients:PaleOfTheAncients"],"potions_floor_usage":[22,23,50,50],"damage_taken":[{"damage":1,"enemies":"Cultist","floor":1,"turns":3},{"damage":0,"enemies":"Small Slimes","floor":2,"turns":2},{"damage":4,"enemies":"Jaw Worm","floor":4,"turns":2},{"damage":0,"enemies":"2 Fungi Beasts","floor":5,"turns":2},{"damage":1,"enemies":"3 Sentries","floor":6,"turns":4},{"damage":0,"enemies":"Blue Slaver","floor":7,"turns":1},{"damage":1,"enemies":"Exordium Wildlife","floor":10,"turns":2},{"damage":13,"enemies":"Lagavulin","floor":12,"turns":3},{"damage":11,"enemies":"Looter","floor":13,"turns":2},{"damage":38,"enemies":"Hexaghost","floor":16,"turns":3},{"damage":4,"enemies":"Chosen","floor":18,"turns":3},{"damage":0,"enemies":"3 Byrds","floor":21,"turns":1},{"damage":25,"enemies":"Sentry and Sphere","floor":22,"turns":4},{"damage":18,"enemies":"Gremlin Leader","floor":23,"turns":2},{"damage":8,"enemies":"Slavers","floor":25,"turns":3},{"damage":0,"enemies":"Book of Stabbing","floor":27,"turns":2},{"damage":0,"enemies":"3 Cultists","floor":29,"turns":4},{"damage":0,"enemies":"Centurion and Healer","floor":31,"turns":1},{"damage":0,"enemies":"Collector","floor":33,"turns":3},{"damage":0,"enemies":"3 Shapes","floor":35,"turns":2},{"damage":0,"enemies":"3 Darklings","floor":38,"turns":1},{"damage":0,"enemies":"Nemesis","floor":40,"turns":1},{"damage":5,"enemies":"2 Orb Walkers","floor":41,"turns":2},{"damage":13,"enemies":"Giant Head","floor":42,"turns":2},{"damage":21,"enemies":"Nemesis","floor":44,"turns":3},{"damage":0,"enemies":"Jaw Worm Horde","floor":45,"turns":1},{"damage":0,"enemies":"Spire Growth","floor":47,"turns":1},{"damage":8,"enemies":"Donu and Deca","floor":50,"turns":2},{"damage":199,"enemies":"Donu and Deca","floor":51,"turns":4}],"seed_played":"-7537363503997803208","potions_obtained":[{"floor":6,"key":"AttackPotion"},{"floor":10,"key":"PowerPotion"},{"floor":12,"key":"SpeedPotion"},{"floor":21,"key":"testmod-SpacePotion"},{"floor":31,"key":"SteroidPotion"},{"floor":33,"key":"SpeedPotion"},{"floor":35,"key":"Regen Potion"},{"floor":45,"key":"FocusPotion"}],"is_trial":false,"path_per_floor":["M","M","?","M","M","E","M","$","T","M","?","E","M","T","R","B",null,"M","?","?","M","M","E","R","E","T","E","?","M","$","M","R","B",null,"M","?","$","M","T","E","?","E","T","E","M","$","M","?","R","B","M"],"character_chosen":"DEFECT","items_purchased":["MostiFishMod:ReadyAimFire","Bag of Preparation","TheBean","Dodecahedron","Orrery","GuppysTail","DeathBook","SatanicBible","testmod-Charity"],"campfire_rested":0,"item_purchase_floors":[17,30,30,30,30,34,34,34,37],"current_hp_per_floor":[82,85,85,85,90,94,99,99,99,103,103,95,89,89,89,56,117,118,118,92,97,77,64,64,61,61,66,50,55,55,60,60,65,130,135,120,120,125,125,130,130,122,122,106,111,111,116,106,106,192,0,0],"gold":218,"neow_bonus":"TEN_PERCENT_HP_BONUS","is_daily":false,"chose_seed":false,"campfire_upgraded":3,"win_rate":0.0,"timestamp":1614361132,"path_taken":["M","M","?","M","M","E","M","$","T","?","?","E","M","?","R","BOSS","M","?","?","M","M","E","R","E","T","E","?","?","?","M","R","BOSS","M","?","$","M","?","E","?","E","T","E","M","$","M","?","R","BOSS","M"],"items_purchased_type":["Card","Relic","Relic","Relic","Relic","Relic","Relic","Relic","Relic"],"build_version":"2020-12-22","purchased_purges":6,"victory":false,"max_hp_per_floor":[83,86,86,90,95,100,105,105,105,110,110,115,120,120,120,125,117,122,122,127,132,137,142,142,147,147,152,152,157,157,162,162,167,130,135,135,135,140,140,145,150,155,155,160,165,165,170,170,170,192,192,192],"card_choices":[{"not_picked":["Chill","Turbo"],"picked":"Defragment","floor":1},{"not_picked":["Rebound","Steam Power","Darkness","Coolheaded"],"picked":"Distribution","floor":2},{"not_picked":["FTL","Double Energy","BootSequence","Consume"],"picked":"Defragment","floor":4},{"not_picked":["Ball Lightning","Skim","Hello World","Leap"],"picked":"Coolheaded","floor":5},{"not_picked":["Ball Lightning","Heatsinks","Beam Cell","Streamline"],"picked":"Redo","floor":6},{"not_picked":["Lockon","Heatsinks","Redo","Sunder"],"picked":"MostiFishMod:Distribution","floor":7},{"not_picked":["Self Repair","Cold Snap","Beam Cell","Chill"],"picked":"Conserve Battery","floor":10},{"not_picked":["Static Discharge","Reprogram","MostiFishMod:Impulse","Biased Cognition"],"picked":"Distribution","floor":12},{"not_picked":["Gash","Blizzard","FTL","Ball Lightning"],"picked":"Defragment","floor":13},{"not_picked":["Machine Learning","MostiFishMod:ATRI","Hyperbeam","MostiFishMod:InterfaceCompatibility"],"picked":"Echo Form","floor":16},{"not_picked":["MostiFishMod:PushDownKick","Genetic Algorithm+1","Ball Lightning","Streamline","Coolheaded"],"picked":"SKIP","floor":18},{"not_picked":["Leap","Consume","Redo","Cold Snap","Genetic Algorithm"],"picked":"SKIP","floor":21},{"not_picked":["Stack","MostiFishMod:Nova","Force Field","Rebound","Steam"],"picked":"SKIP","floor":22},{"not_picked":["Distribution+1","Melter+1","Cold Snap","MostiFishMod:ReadyAimFire"],"picked":"Seek","floor":23},{"not_picked":["Redo+1","Storm","Steam+1","Fusion+1"],"picked":"Lockon+1","floor":25},{"not_picked":["Beam Cell","MostiFishMod:IceShield+1","Compile Driver","Reinforced Body+1","FTL"],"picked":"SKIP","floor":27},{"not_picked":["Sweeping Beam","Rebound","Go for the Eyes+1","Sunder"],"picked":"Turbo","floor":29},{"not_picked":["Compile Driver+1","Leap","Cold Snap","Beam Cell"],"picked":"Fan+1","floor":31},{"not_picked":["MostiFishMod:DeathFromBelow","Hyperbeam","All For One","Core Surge"],"picked":"MostiFishMod:TalkingToTheRain","floor":33},{"not_picked":["Conserve Battery+1","Streamline+1","Rebound","Gash+1"],"picked":"MostiFishMod:Impulse+1","floor":35},{"not_picked":["Redo+1","Streamline+1","Cancel","Steam+1","Turbo"],"picked":"SKIP","floor":38},{"not_picked":["Consume+1","MostiFishMod:Prepare","Amplify","Coolheaded+1"],"picked":"Capacitor+1","floor":40},{"not_picked":["Barrage","Darkness","Turbo","Conserve Battery"],"picked":"Capacitor+1","floor":41},{"not_picked":["Compile Driver+1","Fan","Melter+1","Beam Cell+1"],"picked":"Double Energy+1","floor":42},{"not_picked":["MostiFishMod:FluxCapactior+1","Coolheaded","Go for the Eyes+1","Beam Cell+1","MostiFishMod:TalkingToTheRain"],"picked":"SKIP","floor":44},{"not_picked":["Steam+1","Turbo+1","MostiFishMod:LinkProtocol","Leap+1","MostiFishMod:PushDownKick"],"picked":"SKIP","floor":45},{"not_picked":["Go for the Eyes","Conserve Battery+1","Ball Lightning+1","Stack+1","Leap+1"],"picked":"SKIP","floor":47},{"not_picked":["testmod-SubstituteBySubterfuge","testmod-TemporaryDeletion","testmod-BloodShelter","testmod-Provocation"],"picked":"Apotheosis","floor":48}],"player_experience":41985,"relics_obtained":[{"floor":1,"key":"SynthV:TestCard"},{"floor":1,"key":"AddBug"},{"floor":6,"key":"Strawberry"},{"floor":9,"key":"Art of War"},{"floor":12,"key":"GuppysHead"},{"floor":13,"key":"SecretRecord"},{"floor":14,"key":"testmod-OneHitWonder"},{"floor":23,"key":"Ccalipers"},{"floor":25,"key":"SecretRecord"},{"floor":25,"key":"PlanX"},{"floor":26,"key":"BloodDonationMachine"},{"floor":27,"key":"Nunchaku"},{"floor":28,"key":"Enchiridion"},{"floor":29,"key":"SecretRecord"},{"floor":31,"key":"SecretRecord"},{"floor":35,"key":"SecretRecord"},{"floor":40,"key":"War Paint"},{"floor":41,"key":"DALC_FOUR"},{"floor":42,"key":"SecretRecord"},{"floor":42,"key":"Toy Ornithopter"},{"floor":43,"key":"SalivaCoin"},{"floor":44,"key":"Ancient Tea Set"}],"event_choices":[{"cards_removed":["Strike_B"],"damage_healed":0,"gold_gain":0,"player_choice":"Card Removal","damage_taken":0,"max_hp_gain":0,"max_hp_loss":0,"event_name":"The Cleric","floor":3,"gold_loss":50},{"damage_healed":0,"gold_gain":400,"player_choice":"Sell","damage_taken":0,"max_hp_gain":0,"max_hp_loss":0,"event_name":"恩洛斯的盘子","floor":11,"relics_lost":["DaveBox"],"gold_loss":0},{"damage_healed":0,"gold_gain":0,"cards_transformed":["Strike_B","Defend_B"],"player_choice":"Became Test Subject","damage_taken":0,"max_hp_gain":0,"max_hp_loss":0,"event_name":"Drug Dealer","floor":19,"gold_loss":0,"cards_obtained":["MostiFishMod:ATRI","MostiFishMod:SeaWaves"]},{"damage_healed":0,"gold_gain":0,"player_choice":"Shed Blood","damage_taken":31,"max_hp_gain":5,"max_hp_loss":0,"event_name":"Forgotten Altar","floor":20,"gold_loss":0},{"damage_healed":0,"gold_gain":0,"player_choice":"Obtained Book","damage_taken":16,"max_hp_gain":0,"max_hp_loss":0,"event_name":"Cursed Tome","floor":28,"gold_loss":0},{"damage_healed":0,"gold_gain":0,"player_choice":"Fight","damage_taken":0,"max_hp_gain":0,"max_hp_loss":0,"event_name":"Mysterious Sphere","floor":41,"gold_loss":0},{"damage_healed":0,"gold_gain":0,"player_choice":"Memory 3","damage_taken":10,"max_hp_gain":0,"max_hp_loss":0,"event_name":"SensoryStone","floor":48,"gold_loss":0}],"is_beta":false,"boss_relics":[{"not_picked":["Cursed Key","BloodWine"],"picked":"ExusiaiGun"},{"not_picked":[]},{"not_picked":["Inserter","testmod-TimeTraveler"],"picked":"ChiXiaoBlade"},{"not_picked":[]}],"items_purged_floors":[8,17,30,34,37,46],"is_endless":false,"potions_floor_spawned":[6,10,12,13,16,21,31,33,35,40,42,44,45],"killed_by":"Donu and Deca","ascension_level":3}}