{"host":"pszcj3piwl6eu8b1","time":1614370511,"event":{"mods":["2.2 Compatiblity","Act Like it!","Aspiration","BaseMod","Better Altar","Better Match","Better Note","Better Sensory Stone","Better Skull","Better Third Choice","Better Vampires","CCEM2","Downfall","Elementarium","Energized Spire","Gensokyo","GifTheSpireLib","Hallownest","Hubris","Marisa????????","Menagerie","Minty Spire (QoL Compilation)","Permanent Neow","Quarter Circle Forward PUNCH!","Quick Restart","Replay The Spire","Shop Mod","StSLib","Stuff the Spire","The Animator","The Blue Laboratory"],"gold_per_floor":[131,56,21,40,40,40,55,74,100,100,100,114,114,147,147,222,222,247,247,247,266,266,293,293,293,293,293,293],"floor_reached":27,"language":"ENG","playtime":3798,"items_purged":["Clumsy"],"score":428,"play_id":"35742cf7-dd38-4ae2-afce-e4846e279d15","local_time":"20210226121511","is_ascension_mode":true,"campfire_choices":[{"data":"animator:Benimaru","floor":6.0,"key":"SMITH"},{"data":"animator:Vesta","floor":15.0,"key":"SMITH"},{"floor":24.0,"key":"REST"}],"circlet_count":0,"master_deck":["AscendersBane","animator:Strike_TenSura","animator:Defend_TenSura","animator:Strike","animator:Strike","animator:Benimaru+1","animator:Shuna","animator:Shizu","animator:DolaRiku","animator:Vesta+1","Storm of Steel","Cloak And Dagger","Eviscerate","animator:Aisha","animator:Hans","Gensokyo:AllTheWorldsEvil","Night Terror","animator:Hakurou"],"relics":["animator:LivingPicture","animator:TheMissingPiece","animator:PurgingStone","Hallownest:BankAccountRelic","Hallownest:DreamNailRelic","Red Skull","The Courier","StuffTheSpire:RunicHypercube","hubris:Towel","CCEMRelics:TinyMinotavrHorn","StuffTheSpire:Mouthbags"],"acts_visited":["Hallownest:Greenpath","Gensokyo:Gensokyoer"],"potions_floor_usage":[],"damage_taken":[{"damage":1.0,"enemies":"Hallownest:monsterHuskWarrior","floor":1.0,"turns":5.0},{"damage":5.0,"enemies":"Hallownest:2_Baldur","floor":4.0,"turns":5.0},{"damage":2.0,"enemies":"2_ Uuma","floor":7.0,"turns":7.0},{"damage":5.0,"enemies":"Hallownest:1_Baldur_1_Crawlid_1_Warrior","floor":8.0,"turns":7.0},{"damage":6.0,"enemies":"Hallownest:monsterFoolEater","floor":12.0,"turns":3.0},{"damage":7.0,"enemies":"Hallownest:eliteVengeflyKing","floor":14.0,"turns":5.0},{"damage":13.0,"enemies":"Hallownest:BossBrokenVessel","floor":16.0,"turns":6.0},{"damage":8.0,"enemies":"Gensokyo:Chomper","floor":18.0,"turns":3.0},{"damage":2.0,"enemies":"Gensokyo:2_Gloops","floor":21.0,"turns":5.0},{"damage":22.0,"enemies":"Gensokyo:Reisen","floor":23.0,"turns":6.0},{"damage":33,"enemies":"Gensokyo:Wraith","floor":27,"turns":3}],"seed_played":"-5283420311170627498","potions_obtained":[{"floor":7.0,"key":"blueLaboratory:FruitPunch"},{"floor":8.0,"key":"Strength Potion"},{"floor":12.0,"key":"Guardian:BlockOnCardUsePotion"},{"floor":21.0,"key":"animator:FalseLifePotion"}],"is_trial":false,"path_per_floor":["M","?","$","M","?","R","M","M","T","T","?","M","?","E","R","B",null,"M","?","?","M","?","E","R","?","T","M"],"character_chosen":"THE_ANIMATOR","items_purchased":[],"campfire_rested":1,"item_purchase_floors":[],"current_hp_per_floor":[53,53,53,48,48,48,46,44,44,44,44,38,38,31,31,18,52,44,44,36,34,34,12,30,30,30,0,0],"gold":293,"neow_bonus":"THREE_RARE_CARDS","is_daily":false,"chose_seed":false,"campfire_upgraded":2,"win_rate":0.0,"timestamp":1614370511,"path_taken":["M","?","$","M","?","R","M","?","T","?","?","?","?","E","R","BOSS","M","?","?","M","?","E","R","?","T","?"],"items_purchased_type":[],"build_version":"2020-12-22","purchased_purges":1,"victory":false,"max_hp_per_floor":[60,60,60,60,60,60,60,63,63,63,63,63,63,63,63,63,63,63,63,63,63,63,63,63,63,63,63,63],"card_choices":[{"not_picked":["animator:Boros","animator:Albedo"],"picked":"animator:Shizu","floor":0.0},{"not_picked":["animator:YuiTsuruno","animator:Add"],"picked":"animator:DolaRiku","floor":1.0},{"not_picked":["animator:DolaSchwi","animator:Jibril","animator:DolaStephanie"],"picked":"SKIP","floor":4.0},{"not_picked":["animator:Mitsuba","animator:Father","animator:MaesHughes"],"picked":"SKIP","floor":7.0},{"not_picked":["animator:Shuna","animator:Millim"],"picked":"animator:Vesta","floor":8.0},{"not_picked":["animator:GazelDwargon","animator:Arpeggio"],"picked":"animator:Aisha","floor":12.0},{"not_picked":["animator:Elsword","animator:RoyMustang","animator:Ain"],"picked":"SKIP","floor":14.0},{"not_picked":["animator:Saber","animator:Saitama"],"picked":"animator:Hans","floor":16.0},{"not_picked":["animator:Elsword","animator:Mitsuba"],"picked":"animator:Hakurou","floor":18.0},{"not_picked":["animator:SuzuneAmano","animator:CowGirl","animator:MumenRider"],"picked":"SKIP","floor":23.0}],"player_experience":1446347,"relics_obtained":[{"floor":9.0,"key":"Red Skull"},{"floor":14.0,"key":"The Courier"},{"floor":23.0,"key":"CCEMRelics:TinyMinotavrHorn"},{"floor":26.0,"key":"StuffTheSpire:Mouthbags"}],"event_choices":[],"is_beta":false,"boss_relics":[{"not_picked":["energizedSpire:OgreHead","qcfpunch:Dark_Gi"],"picked":"StuffTheSpire:RunicHypercube"}],"items_purged_floors":[3],"is_endless":false,"potions_floor_spawned":[7,8,12,21],"killed_by":"Gensokyo:Wraith","ascension_level":20}}