{"host":"u4549dtccbuidbqx","time":1614357764,"event":{"mods":["2.2 Compatiblity","Act Like it!","BaseMod","Better Note","BetterRewards","Colored Map","Colored Powertips","DeckTracker","Downfall","Gremlin Mod","GungeonMod","Hallownest","Hermit","Highlight Path","Jorbs\u0027s Wanderer Trilogy","Library of Ruina","Lobotomy","Mad Scientist","Marisa????????","Minty Spire (QoL Compilation)","Quick Restart","Rare Cards Sparkle","Robot Space Explorer","Shade Mod","StSLib","The Administrix","The Bladedancer","The Bug Knight","The Cursed","The Disciple","The Druid","The Elementalist","The Hierophant","The IronCluck","The Judge","The Necromancer","The Poker Player","The Runesmith","The Servant 0.9.4","The Valiant","TheBandit"],"gold_per_floor":[110,35,35,47,2,36,36,54,108,108,127,127,147,172,172,270,320,339,355,355,43,43,43,43,61,112,112,112,87,113,123,123,220,220,237,250,125,140,154,154,154,154],"floor_reached":41,"language":"ENG","playtime":3216,"items_purged":["Strike_S","Strike_S","Strike_S"],"score":426,"play_id":"53fbf45c-3650-4f87-8dbf-e79e1b840fc9","local_time":"20210226174244","is_ascension_mode":false,"campfire_choices":[{"data":"MurderousAura","floor":7,"key":"SMITH"},{"data":"BestPractice","floor":12,"key":"SMITH"},{"floor":15,"key":"REST"},{"data":"SilverBlades","floor":23,"key":"SMITH"},{"floor":28,"key":"REST"},{"floor":32,"key":"REST"},{"floor":40,"key":"REST"}],"circlet_count":0,"master_deck":["Strike_S","Defend_S+1","Defend_S","Defend_S","KidneyShot+1","Exchange","QueenOfHatred","BestPractice+1","MurderousAura+1","Revamp","FastForward","SilverBlades+1","Starlight","MurderousAura","Starlight","Dilation+1","Defy","Starlight","Ricochet+1","Porccubus","FastForward","SilverBlades+1","Bandage Up","Sunlight","Ricochet+1","BottledTime+1","Defy","FastForward","Defy+1","Deny","BottledTime+1","KillingDoll","Sabotage+1","SpecialFormula+1"],"relics":["Uniform","CogitoBucket","HollowMod:LifeEnderRelic","Dream Catcher","DemoMod:WhiteGuonStone","BackwardClock","Kunai","Tiny House","AspirationHeart","DemoMod:Metronome","Potion Belt","Velvet Choker","AtMidnight"],"acts_visited":["Exordium","TheCity","TheBeyond"],"potions_floor_usage":[11,13,25,25,31,36,38,38,38],"damage_taken":[{"damage":0,"enemies":"2 Louse","floor":1,"turns":3},{"damage":0,"enemies":"Cultist","floor":4,"turns":5},{"damage":9,"enemies":"HollowMod:MossKnight","floor":6,"turns":10},{"damage":6,"enemies":"Jaw Worm","floor":8,"turns":5},{"damage":11,"enemies":"Exordium Thugs","floor":11,"turns":6},{"damage":9,"enemies":"Looter","floor":13,"turns":5},{"damage":10,"enemies":"3 Sentries","floor":14,"turns":5},{"damage":16,"enemies":"Hexaghost","floor":16,"turns":7},{"damage":4,"enemies":"Shell Parasite","floor":18,"turns":7},{"damage":8,"enemies":"Spheric Guardian","floor":19,"turns":5},{"damage":38,"enemies":"Centurion and Healer","floor":25,"turns":9},{"damage":35,"enemies":"Snake Plant","floor":31,"turns":5},{"damage":38,"enemies":"Collector","floor":33,"turns":9},{"damage":14,"enemies":"Orb Walker","floor":35,"turns":6},{"damage":45,"enemies":"3 Darklings","floor":36,"turns":5},{"damage":9,"enemies":"Writhing Mass","floor":38,"turns":9},{"damage":21,"enemies":"Spire Growth","floor":39,"turns":6},{"damage":122,"enemies":"Nemesis","floor":41,"turns":7}],"seed_played":"2989214923018963989","potions_obtained":[{"floor":1,"key":"Guardian:BlockOnCardUsePotion"},{"floor":11,"key":"PowerPotion"},{"floor":16,"key":"hexamod:SoulburnPotion"},{"floor":17,"key":"SpeedPotion"},{"floor":33,"key":"Regen Potion"},{"floor":35,"key":"Fire Potion"},{"floor":36,"key":"hexamod:SoulburnPotion"}],"is_trial":false,"path_per_floor":["M","$","?","M","$","E","R","M","T","?","M","R","M","E","R","B",null,"M","M","?","$","?","R","?","M","T","?","R","$","T","M","R","B",null,"M","M","$","M","M","R","E"],"character_chosen":"THE_SERVANT","items_purchased":["Revamp","FastForward","SilverBlades","Bandage Up","Defy"],"campfire_rested":4,"item_purchase_floors":[5,21,21,21,29],"current_hp_per_floor":[65,65,65,65,65,64,64,65,65,52,50,50,47,52,65,55,70,70,62,62,62,62,62,62,49,49,34,59,59,59,34,59,31,85,71,51,51,52,47,72,0,0],"gold":154,"neow_bonus":"","is_daily":false,"chose_seed":false,"campfire_upgraded":3,"win_rate":0.0,"timestamp":1614357764,"path_taken":["M","$","?","M","?","E","R","M","T","?","M","R","M","E","R","BOSS","M","M","?","$","?","R","?","M","T","?","R","$","?","M","R","BOSS","M","M","$","M","M","R","E"],"items_purchased_type":["Card","Card","Card","Card","Card"],"build_version":"2020-12-22","purchased_purges":3,"victory":false,"max_hp_per_floor":[65,65,65,65,65,65,65,65,65,65,65,65,65,65,65,65,70,70,70,70,70,70,70,70,80,80,85,85,85,85,85,85,85,85,85,85,85,85,85,85,85,85],"card_choices":[{"not_picked":["WallGazer","VoidDream"],"picked":"QueenOfHatred","floor":1},{"not_picked":["Ricochet","BottledTime"],"picked":"BestPractice","floor":1},{"not_picked":["ShatteredReality","DoubleEdge"],"picked":"MurderousAura","floor":4},{"not_picked":["InstantArmor","Read"],"picked":"FastForward","floor":6},{"not_picked":["SpecialFormula","Rearm"],"picked":"SilverBlades","floor":8},{"not_picked":["ShiftingGears","TimeWarp","DoubleEdge"],"picked":"SKIP","floor":11},{"not_picked":["Replace","Spin"],"picked":"Starlight","floor":13},{"not_picked":["Gouge","WasteNot"],"picked":"MurderousAura","floor":14},{"not_picked":["Alleviate","ShatteredReality"],"picked":"Starlight","floor":15},{"not_picked":["FlawlessForm","FloweringNight"],"picked":"Dilation","floor":16},{"not_picked":["TimeWarp","Potential"],"picked":"Defy","floor":17},{"not_picked":["DoubleEdge","DualDimension"],"picked":"Starlight","floor":18},{"not_picked":["Alleviate","Comet"],"picked":"Ricochet+1","floor":19},{"not_picked":["Scorched","VoidDream"],"picked":"Porccubus","floor":19},{"not_picked":["Starlight","Alleviate"],"picked":"Ricochet+1","floor":25},{"not_picked":["Revamp","ShatteredReality"],"picked":"BottledTime+1","floor":28},{"not_picked":["Reset","Rearm"],"picked":"FastForward","floor":31},{"not_picked":["Potential+1","Spin+1"],"picked":"Defy+1","floor":32},{"not_picked":["FloweringNight","PendulumOfEternity"],"picked":"Deny","floor":33},{"not_picked":["BestPractice","Reset+1"],"picked":"BottledTime+1","floor":35},{"not_picked":["FastForward+1","Ricochet+1"],"picked":"KillingDoll","floor":36},{"not_picked":["Rearm","Alleviate+1"],"picked":"Sabotage+1","floor":38},{"not_picked":["TimeWarp","Alleviate"],"picked":"SpecialFormula+1","floor":39}],"player_experience":67218,"relics_obtained":[{"floor":6,"key":"Dream Catcher"},{"floor":9,"key":"DemoMod:WhiteGuonStone"},{"floor":14,"key":"Kunai"},{"floor":26,"key":"DemoMod:Metronome"},{"floor":30,"key":"Potion Belt"},{"floor":38,"key":"AtMidnight"}],"event_choices":[{"damage_healed":0,"gold_gain":0,"player_choice":"Gave Potion","damage_taken":0,"relics_obtained":["HollowMod:LifeEnderRelic"],"max_hp_gain":0,"max_hp_loss":0,"event_name":"WeMeetAgain","floor":3,"gold_loss":0},{"damage_healed":0,"gold_gain":0,"player_choice":"Entered Light","damage_taken":13,"max_hp_gain":0,"max_hp_loss":0,"event_name":"Shining Light","floor":10,"gold_loss":0,"cards_upgraded":["Defend_S","KidneyShot"]},{"damage_healed":0,"gold_gain":0,"player_choice":"Forge","damage_taken":0,"max_hp_gain":0,"max_hp_loss":0,"event_name":"Accursed Blacksmith","floor":20,"gold_loss":0,"cards_upgraded":["SilverBlades"]},{"damage_healed":0,"gold_gain":0,"player_choice":"Ignored","damage_taken":0,"max_hp_gain":0,"max_hp_loss":0,"event_name":"betterNote:BetterNote","floor":22,"gold_loss":0,"cards_obtained":["Slimebound:Strike_Slimebound"]},{"damage_healed":0,"gold_gain":0,"cards_transformed":["Defend_S"],"player_choice":"Transformed","damage_taken":0,"max_hp_gain":0,"max_hp_loss":0,"event_name":"Transmorgrifier","floor":24,"gold_loss":0,"cards_obtained":["Sunlight"]},{"damage_healed":0,"gold_gain":0,"player_choice":"Shed Blood","damage_taken":20,"max_hp_gain":5,"max_hp_loss":0,"event_name":"Forgotten Altar","floor":27,"gold_loss":0}],"is_beta":false,"boss_relics":[{"not_picked":["Busted Crown","Black Star"],"picked":"Tiny House"},{"not_picked":["Astrolabe","MysterySword"],"picked":"Velvet Choker"}],"items_purged_floors":[2,21,37],"is_endless":false,"potions_floor_spawned":[1,11,16,18,33,35,36],"killed_by":"Nemesis","ascension_level":0}}