{"host":"okln270zkafj6dck","time":1614383040,"event":{"mods":["BaseMod","Minty Spire (QoL Compilation)","Permanent Neow","Quick Restart","Relic Stats","StSLib","SuperFastMode","UnlockEverythingMod"],"gold_per_floor":[113,125,138,158,158,158,192,192,216,244,2,18,47,47,47,120,120,140,4,17,67,83,83,113,128,173,185,197,209,221,265,277,372,384,416,447,18,32,51,51,94,94,94,94,133,156,156,172,172,172,172,172],"floor_reached":51,"language":"ENG","playtime":1668,"items_purged":["Strike_G","Strike_G","Strike_G"],"score":1526,"play_id":"c84158ea-80ec-4d61-b100-9614e32c317c","local_time":"20210226154400","is_ascension_mode":true,"campfire_choices":[{"data":"Dash","floor":6.0,"key":"SMITH"},{"data":"Wraith Form v2","floor":8.0,"key":"SMITH"},{"floor":15.0,"key":"REST"},{"floor":23.0,"key":"REST"},{"data":"Finisher","floor":27.0,"key":"SMITH"},{"data":"Crippling Poison","floor":29.0,"key":"SMITH"},{"floor":32.0,"key":"RECALL"},{"data":"Wraith Form v2","floor":40,"key":"SMITH"},{"data":"Well Laid Plans","floor":42,"key":"SMITH"},{"data":"Deadly Poison","floor":47,"key":"SMITH"},{"data":"Corpse Explosion","floor":49,"key":"SMITH"}],"circlet_count":0,"master_deck":["AscendersBane","Strike_G","Defend_G","Defend_G","Defend_G","Defend_G","Defend_G","Survivor","Neutralize+1","Flying Knee","Finisher+1","Dash+1","Wraith Form v2+1","Blade Dance","Adrenaline","Crippling Poison+1","Blade Dance","Blade Dance+1","PiercingWail","Wraith Form v2+1","Footwork+1","PiercingWail","Well Laid Plans+1","Corpse Explosion+1","Deadly Poison+1"],"relics":["Ring of the Snake","Happy Flower","Oddly Smooth Stone","Centennial Puzzle","Boot","Vajra","Nunchaku","Philosopher\u0027s Stone","Anchor","MawBank","CeramicFish","Coffee Dripper","Membership Card","Bag of Marbles","Blood Vial","Akabeko","Orichalcum","Regal Pillow"],"acts_visited":["Exordium","TheCity","TheBeyond"],"potions_floor_usage":[50],"damage_taken":[{"damage":0.0,"enemies":"Jaw Worm","floor":1.0,"turns":5.0},{"damage":6.0,"enemies":"2 Louse","floor":2.0,"turns":6.0},{"damage":0.0,"enemies":"Cultist","floor":3.0,"turns":4.0},{"damage":8.0,"enemies":"3 Louse","floor":4.0,"turns":5.0},{"damage":16.0,"enemies":"Gremlin Nob","floor":7.0,"turns":4.0},{"damage":16.0,"enemies":"Lagavulin","floor":10.0,"turns":12.0},{"damage":1.0,"enemies":"Large Slime","floor":12.0,"turns":9.0},{"damage":3.0,"enemies":"Gremlin Nob","floor":13.0,"turns":5.0},{"damage":10.0,"enemies":"Slime Boss","floor":16.0,"turns":7.0},{"damage":0.0,"enemies":"2 Thieves","floor":18.0,"turns":4.0},{"damage":15.0,"enemies":"3 Byrds","floor":20.0,"turns":3.0},{"damage":0.0,"enemies":"Snake Plant","floor":22.0,"turns":4.0},{"damage":3.0,"enemies":"Book of Stabbing","floor":24.0,"turns":4.0},{"damage":0.0,"enemies":"Centurion and Healer","floor":25.0,"turns":5.0},{"damage":7.0,"enemies":"Gremlin Leader","floor":31.0,"turns":5.0},{"damage":32.0,"enemies":"Collector","floor":33.0,"turns":4.0},{"damage":1.0,"enemies":"3 Darklings","floor":35.0,"turns":5.0},{"damage":0.0,"enemies":"3 Shapes","floor":36.0,"turns":7.0},{"damage":0.0,"enemies":"Spire Growth","floor":38.0,"turns":5.0},{"damage":1,"enemies":"Writhing Mass","floor":39,"turns":7},{"damage":0,"enemies":"Nemesis","floor":41,"turns":4},{"damage":13,"enemies":"Giant Head","floor":45,"turns":10},{"damage":0,"enemies":"Maw","floor":48,"turns":8},{"damage":15,"enemies":"Donu and Deca","floor":50,"turns":7},{"damage":70,"enemies":"Awakened One","floor":51,"turns":15}],"seed_played":"4174786910196953330","potions_obtained":[{"floor":3.0,"key":"AttackPotion"},{"floor":4.0,"key":"Explosive Potion"},{"floor":7.0,"key":"PowerPotion"},{"floor":12.0,"key":"Swift Potion"},{"floor":16.0,"key":"FearPotion"},{"floor":20.0,"key":"SkillPotion"},{"floor":24.0,"key":"Fire Potion"},{"floor":36.0,"key":"Ancient Potion"},{"floor":48,"key":"Regen Potion"}],"is_trial":false,"path_per_floor":["M","M","M","M","?","R","E","R","T","E","$","M","E","?","R","B",null,"M","$","M","?","M","R","E","M","T","R","?","R","?","E","R","B",null,"M","M","$","M","M","R","E","R","T","?","E","T","R","M","R","B","B"],"character_chosen":"THE_SILENT","items_purchased":["Vajra","Crippling Poison","Membership Card","Well Laid Plans","Bag of Marbles","Blood Vial","Swift Potion"],"campfire_rested":2,"item_purchase_floors":[11,19,37,37,37,37,37],"current_hp_per_floor":[59,53,53,45,45,45,29,29,29,13,13,12,9,9,28,18,54,54,54,39,39,39,58,55,55,55,55,55,55,55,48,48,16,54,53,53,53,55,56,56,58,58,58,58,47,47,47,49,49,51,0,0],"gold":172,"neow_bonus":"RANDOM_COMMON_RELIC","is_daily":false,"chose_seed":false,"campfire_upgraded":8,"win_rate":0.0,"timestamp":1614383040,"path_taken":["M","M","M","M","?","R","E","R","T","E","$","M","E","?","R","BOSS","M","$","M","?","M","R","E","?","T","R","?","R","?","E","R","BOSS","M","M","$","M","M","R","E","R","T","?","E","?","R","M","R","BOSS","BOSS"],"items_purchased_type":["Relic","Card","Relic","Card","Relic","Relic","Potion"],"build_version":"2020-12-22","purchased_purges":3,"victory":false,"max_hp_per_floor":[66,66,66,66,66,66,66,66,66,66,66,66,66,66,66,66,66,66,66,66,66,66,66,66,66,66,66,66,66,66,66,66,66,66,66,66,66,66,66,66,66,66,66,66,66,66,66,66,66,66,66,66],"relic_stats":{"Blood Vial":14,"Centennial Puzzle":[39],"Nunchaku":[39],"Regal Pillow":0,"Happy Flower":[51],"counters":[25,154],"CeramicFish":54,"Orichalcum":[66],"Boot":[131],"MawBank":132,"obtain_stats":[{"Regal Pillow":46,"Happy Flower":0,"CeramicFish":31,"Oddly Smooth Stone":7,"Vajra":11,"Orichalcum":45,"Boot":10,"MawBank":26,"Akabeko":41,"Blood Vial":37,"Centennial Puzzle":9,"Nunchaku":13,"Anchor":24,"Philosopher\u0027s Stone":17,"Coffee Dripper":34,"Bag of Marbles":37,"Membership Card":37,"Ring of the Snake":0},{"Regal Pillow":22,"Happy Flower":0,"CeramicFish":15,"Oddly Smooth Stone":5,"Vajra":6,"Orichalcum":22,"Boot":6,"MawBank":14,"Akabeko":21,"Blood Vial":18,"Centennial Puzzle":5,"Nunchaku":8,"Anchor":13,"Philosopher\u0027s Stone":9,"Coffee Dripper":16,"Bag of Marbles":18,"Membership Card":18,"Ring of the Snake":0},{"Regal Pillow":124,"Happy Flower":0,"CeramicFish":82,"Oddly Smooth Stone":24,"Vajra":36,"Orichalcum":124,"Boot":36,"MawBank":77,"Akabeko":114,"Blood Vial":98,"Centennial Puzzle":24,"Nunchaku":50,"Anchor":72,"Philosopher\u0027s Stone":57,"Coffee Dripper":86,"Bag of Marbles":98,"Membership Card":98,"Ring of the Snake":0}],"Ring of the Snake":[50]},"card_choices":[{"not_picked":["Prepared","Concentrate"],"picked":"Flying Knee","floor":1.0},{"not_picked":["Flechettes","Prepared"],"picked":"Finisher","floor":2.0},{"not_picked":["Backflip","Underhanded Strike","Bane"],"picked":"SKIP","floor":3.0},{"not_picked":["Skewer","Slice"],"picked":"Dash","floor":4.0},{"not_picked":["Underhanded Strike","Cloak And Dagger"],"picked":"Wraith Form v2","floor":7.0},{"not_picked":["Skewer","Distraction","Backflip"],"picked":"SKIP","floor":10.0},{"not_picked":["Bane","Flechettes","Backflip"],"picked":"SKIP","floor":12.0},{"not_picked":["Phantasmal Killer","Bouncing Flask"],"picked":"Blade Dance","floor":13.0},{"not_picked":["Unload","Glass Knife"],"picked":"Adrenaline","floor":16.0},{"not_picked":["Quick Slash","Dagger Spray","Masterful Stab+1"],"picked":"SKIP","floor":18.0},{"not_picked":["Prepared","Underhanded Strike","Blade Dance"],"picked":"SKIP","floor":20.0},{"not_picked":["Prepared","Underhanded Strike"],"picked":"Blade Dance","floor":20.0},{"not_picked":["Deflect","Slice"],"picked":"Blade Dance+1","floor":22.0},{"not_picked":["Terror","Blade Dance"],"picked":"PiercingWail","floor":24.0},{"not_picked":["Dodge and Roll","Riddle With Holes","Backflip"],"picked":"SKIP","floor":25.0},{"not_picked":["Deadly Poison","Catalyst","Blade Dance"],"picked":"SKIP","floor":31.0},{"not_picked":["Corpse Explosion","Envenom"],"picked":"Wraith Form v2","floor":33.0},{"not_picked":["Tactician","Slice"],"picked":"Footwork+1","floor":35.0},{"not_picked":["Dagger Spray","Heel Hook"],"picked":"PiercingWail","floor":36.0},{"not_picked":["Deflect+1","Blur","Cloak And Dagger"],"picked":"SKIP","floor":38.0},{"not_picked":["All Out Attack+1","Endless Agony","Acrobatics"],"picked":"SKIP","floor":39},{"not_picked":["Distraction","PiercingWail"],"picked":"Corpse Explosion","floor":41},{"not_picked":["Eviscerate","Flechettes"],"picked":"Deadly Poison","floor":45},{"not_picked":["Blade Dance","Dagger Throw","Bane"],"picked":"SKIP","floor":48}],"player_experience":67209,"relics_obtained":[{"floor":7.0,"key":"Oddly Smooth Stone"},{"floor":9.0,"key":"Centennial Puzzle"},{"floor":10.0,"key":"Boot"},{"floor":13.0,"key":"Nunchaku"},{"floor":24.0,"key":"Anchor"},{"floor":26.0,"key":"MawBank"},{"floor":31.0,"key":"CeramicFish"},{"floor":41,"key":"Akabeko"},{"floor":45,"key":"Orichalcum"},{"floor":46,"key":"Regal Pillow"}],"event_choices":[{"cards_removed":["Strike_G"],"damage_healed":0.0,"max_hp_gain":0.0,"max_hp_loss":0.0,"gold_gain":0.0,"event_name":"Living Wall","player_choice":"Forget","floor":5.0,"gold_loss":0.0,"damage_taken":0.0},{"damage_healed":0.0,"max_hp_gain":0.0,"max_hp_loss":0.0,"gold_gain":0.0,"event_name":"Scrap Ooze","player_choice":"Fled","floor":14.0,"gold_loss":0.0,"damage_taken":0.0},{"damage_healed":0.0,"max_hp_gain":0.0,"max_hp_loss":0.0,"gold_gain":50.0,"event_name":"Golden Shrine","player_choice":"Pray","floor":21.0,"gold_loss":0.0,"damage_taken":0.0},{"damage_healed":0.0,"max_hp_gain":0.0,"max_hp_loss":0.0,"gold_gain":0.0,"event_name":"The Mausoleum","player_choice":"Ignored","floor":28.0,"gold_loss":0.0,"damage_taken":0.0},{"damage_healed":0.0,"max_hp_gain":0.0,"max_hp_loss":0.0,"gold_gain":0.0,"event_name":"Accursed Blacksmith","player_choice":"Forge","floor":30.0,"gold_loss":0.0,"damage_taken":0.0,"cards_upgraded":["Neutralize"]},{"damage_healed":0,"gold_gain":0,"player_choice":"Memory 1","damage_taken":0,"max_hp_gain":0,"max_hp_loss":0,"event_name":"SensoryStone","floor":44,"gold_loss":0}],"is_beta":false,"boss_relics":[{"not_picked":["Velvet Choker","Ring of the Serpent"],"picked":"Philosopher\u0027s Stone"},{"not_picked":["Cursed Key","Busted Crown"],"picked":"Coffee Dripper"}],"items_purged_floors":[11,19,37],"is_endless":false,"potions_floor_spawned":[3,4,7,12,16,20,24,25,36,38,41,48],"killed_by":"Awakened One","ascension_level":20}}