{"host":"szp1d6dso4pv7ddl","time":1614307561,"event":{"mods":["AchievementEnabler","Alarm Clock","BaseMod","Bestiary","Block Reminder","Colored Map","Colored Powertips","Curses Come First","Dark Map","Displayed Cursed Tome","Highlight Path","Minty Spire (QoL Compilation)","Permanent Neow","Quick Restart","Relic Sorter","Relic Stats","StSLib","Synergy Search"],"gold_per_floor":[110,110,127,146,146,146,176,176,203,203,203,215,234,244,244,244,244],"floor_reached":16,"language":"ENG","playtime":440,"items_purged":[],"score":204,"play_id":"9e12e1e9-2aa8-4e8c-9611-e0156613bf92","local_time":"20210225184601","is_ascension_mode":true,"campfire_choices":[{"data":"Cloak And Dagger","floor":6,"key":"SMITH"},{"floor":8,"key":"REST"},{"data":"Corpse Explosion","floor":10,"key":"SMITH"},{"floor":15,"key":"REST"}],"circlet_count":0,"master_deck":["AscendersBane","Strike_G","Strike_G","Strike_G","Strike_G","Strike_G","Defend_G","Defend_G","Defend_G","Defend_G","Defend_G","Survivor","Neutralize+1","Backflip","Cloak And Dagger+1","All Out Attack","Corpse Explosion+1","Well Laid Plans","Dodge and Roll","Bouncing Flask"],"relics":["Ring of the Snake","NeowsBlessing","Bronze Scales","Molten Egg 2","Orichalcum"],"acts_visited":["Exordium"],"potions_floor_usage":[16,16],"damage_taken":[{"damage":0,"enemies":"Jaw Worm","floor":1,"turns":1},{"damage":0,"enemies":"Cultist","floor":3,"turns":1},{"damage":0,"enemies":"2 Louse","floor":4,"turns":1},{"damage":47,"enemies":"Lagavulin","floor":7,"turns":9},{"damage":0,"enemies":"2 Fungi Beasts","floor":12,"turns":2},{"damage":12,"enemies":"Blue Slaver","floor":13,"turns":3},{"damage":3,"enemies":"3 Louse","floor":14,"turns":2},{"damage":26,"enemies":"The Guardian","floor":16,"turns":6}],"seed_played":"8854598247734561214","potions_obtained":[{"floor":4,"key":"SpeedPotion"},{"floor":12,"key":"Poison Potion"}],"is_trial":false,"path_per_floor":["M","?","M","M","?","R","E","R","T","R","?","M","M","M","R","B"],"character_chosen":"THE_SILENT","items_purchased":[],"campfire_rested":2,"item_purchase_floors":[],"current_hp_per_floor":[59,59,59,59,48,48,1,20,20,20,20,20,8,5,24,0,0],"gold":244,"neow_bonus":"THREE_ENEMY_KILL","is_daily":false,"chose_seed":false,"campfire_upgraded":2,"win_rate":0.0,"timestamp":1614307561,"path_taken":["M","?","M","?","?","R","E","R","T","R","?","?","M","M","R","BOSS"],"items_purchased_type":[],"build_version":"2020-12-22","purchased_purges":0,"victory":false,"max_hp_per_floor":[66,66,66,66,66,66,66,66,66,66,66,66,66,66,66,66,66],"relic_stats":{"counters":[8,25],"Bronze Scales":[51],"Orichalcum":[18],"obtain_stats":[{"NeowsBlessing":0,"Bronze Scales":5,"Molten Egg 2":7,"Orichalcum":9,"Ring of the Snake":0},{"NeowsBlessing":0,"Bronze Scales":3,"Molten Egg 2":4,"Orichalcum":4,"Ring of the Snake":0},{"NeowsBlessing":0,"Bronze Scales":3,"Molten Egg 2":12,"Orichalcum":12,"Ring of the Snake":0}],"Ring of the Snake":[16]},"card_choices":[{"not_picked":["Outmaneuver","Poisoned Stab"],"picked":"Backflip","floor":1},{"not_picked":["Acrobatics","Poisoned Stab"],"picked":"Cloak And Dagger","floor":3},{"not_picked":["Skewer","Dodge and Roll"],"picked":"All Out Attack","floor":4},{"not_picked":["Dagger Throw+1","Backflip"],"picked":"Corpse Explosion","floor":7},{"not_picked":["Skewer+1","Flying Knee+1"],"picked":"Well Laid Plans","floor":12},{"not_picked":["Acrobatics","Prepared"],"picked":"Dodge and Roll","floor":13},{"not_picked":["Eviscerate+1","Concentrate"],"picked":"Bouncing Flask","floor":14}],"player_experience":1664296,"relics_obtained":[{"floor":7,"key":"Molten Egg 2"},{"floor":9,"key":"Orichalcum"}],"event_choices":[{"damage_healed":0,"gold_gain":0,"player_choice":"Upgraded","damage_taken":0,"max_hp_gain":0,"max_hp_loss":0,"event_name":"Upgrade Shrine","floor":2,"gold_loss":0,"cards_upgraded":["Neutralize"]},{"damage_healed":0,"gold_gain":0,"player_choice":"Success","damage_taken":11,"relics_obtained":["Bronze Scales"],"max_hp_gain":0,"max_hp_loss":0,"event_name":"Scrap Ooze","floor":5,"gold_loss":0},{"damage_healed":0,"gold_gain":0,"player_choice":"Ignored","damage_taken":0,"max_hp_gain":0,"max_hp_loss":0,"event_name":"Shining Light","floor":11,"gold_loss":0}],"is_beta":false,"boss_relics":[],"items_purged_floors":[],"is_endless":false,"potions_floor_spawned":[4,12,13],"killed_by":"The Guardian","ascension_level":20}}