{"host":"Christian","time":1614366788,"event":{"mods":["BaseMod","Bestiary","Block Reminder","DeckTracker","Minty Spire (QoL Compilation)","Relic Stats","StSLib"],"gold_per_floor":[116,156,81,81,29,62,82,107,107,107,32,32,63,109,109,187,187,207,219,262,187,217,217],"floor_reached":22,"language":"ENG","playtime":1161,"items_purged":["Strike_P"],"score":408,"play_id":"fd09d888-0ed7-439e-a56e-1ee0962500c0","local_time":"20210226131308","is_ascension_mode":true,"campfire_choices":[{"data":"Wish","floor":10,"key":"SMITH"},{"data":"EmptyFist","floor":12,"key":"SMITH"},{"floor":15,"key":"REST"}],"circlet_count":0,"master_deck":["AscendersBane","Defend_P","Defend_P","Defend_P","Defend_P","Eruption","Vigilance","Wish+1","EmptyFist+1","EmptyFist","Vault","BowlingBash","TalkToTheHand","Tantrum","Tantrum","FlyingSleeves","Scrawl","CurseOfTheBell","CutThroughFate","Protect","SashWhip","Brilliance"],"relics":["PureWater","Blood Vial","Shovel","Singing Bowl","Oddly Smooth Stone","Calling Bell","Happy Flower","Pear","Turnip"],"acts_visited":["Exordium","TheCity"],"potions_floor_usage":[6,6,6,8,19],"damage_taken":[{"damage":12,"enemies":"Cultist","floor":1,"turns":5},{"damage":10,"enemies":"Small Slimes","floor":2,"turns":4},{"damage":56,"enemies":"3 Sentries","floor":6,"turns":14},{"damage":0,"enemies":"Jaw Worm","floor":7,"turns":3},{"damage":3,"enemies":"Gremlin Nob","floor":8,"turns":4},{"damage":7,"enemies":"Lagavulin","floor":13,"turns":7},{"damage":9,"enemies":"Gremlin Gang","floor":14,"turns":6},{"damage":18,"enemies":"The Guardian","floor":16,"turns":10},{"damage":12,"enemies":"Chosen","floor":18,"turns":3},{"damage":12,"enemies":"3 Byrds","floor":19,"turns":6},{"damage":43,"enemies":"Snecko","floor":20,"turns":9},{"damage":10,"enemies":"Snake Plant","floor":22,"turns":3}],"seed_played":"4615623159461058668","potions_obtained":[{"floor":1,"key":"EntropicBrew"},{"floor":2,"key":"Weak Potion"},{"floor":6,"key":"Fire Potion"},{"floor":14,"key":"EssenceOfSteel"},{"floor":18,"key":"Fire Potion"}],"is_trial":false,"path_per_floor":["M","M","?","?","$","E","M","E","T","R","$","R","E","M","R","B",null,"M","M","M","?","M"],"character_chosen":"WATCHER","items_purchased":["BowlingBash"],"campfire_rested":1,"item_purchase_floors":[5],"current_hp_per_floor":[49,39,39,39,39,20,22,21,21,21,21,21,16,11,32,16,67,57,47,8,8,0,0],"gold":217,"neow_bonus":"THREE_RARE_CARDS","is_daily":false,"chose_seed":false,"campfire_upgraded":2,"win_rate":0.0,"timestamp":1614366788,"path_taken":["M","M","?","?","$","E","?","E","T","R","?","R","E","M","R","BOSS","M","?","M","?","?"],"items_purchased_type":["Card"],"build_version":"2020-12-18","purchased_purges":1,"victory":false,"max_hp_per_floor":[68,68,68,68,68,68,68,68,68,68,68,68,68,70,70,70,80,80,80,82,82,82,82],"relic_stats":{"Blood Vial":18,"Shovel":0,"Singing Bowl":4,"Happy Flower":[7],"counters":[12,74],"Turnip":[2],"obtain_stats":[{"Blood Vial":6,"Calling Bell":17,"Shovel":8,"Pear":17,"Singing Bowl":9,"Happy Flower":17,"Oddly Smooth Stone":13,"Turnip":17,"PureWater":0},{"Blood Vial":3,"Calling Bell":8,"Shovel":5,"Pear":8,"Singing Bowl":5,"Happy Flower":8,"Oddly Smooth Stone":6,"Turnip":8,"PureWater":0},{"Blood Vial":23,"Calling Bell":53,"Shovel":30,"Pear":53,"Singing Bowl":30,"Happy Flower":53,"Oddly Smooth Stone":37,"Turnip":53,"PureWater":0}]},"card_choices":[{"not_picked":["Judgement","MasterReality"],"picked":"Wish","floor":0},{"not_picked":["Fasting2","Swivel"],"picked":"EmptyFist","floor":1},{"not_picked":["ClearTheMind","Wireheading"],"picked":"EmptyFist","floor":2},{"not_picked":["ThirdEye","Evaluate"],"picked":"TalkToTheHand","floor":6},{"not_picked":["PathToVictory","ReachHeaven"],"picked":"Tantrum","floor":7},{"not_picked":["Devotion","LikeWater"],"picked":"Tantrum","floor":8},{"not_picked":["PathToVictory","ReachHeaven"],"picked":"FlyingSleeves","floor":13},{"not_picked":["EmptyFist","SandsOfTime","CutThroughFate"],"picked":"Singing Bowl","floor":14},{"not_picked":["Establishment","Alpha"],"picked":"Scrawl","floor":16},{"not_picked":["EmptyFist","Devotion"],"picked":"CutThroughFate","floor":18},{"not_picked":["FollowUp","ClearTheMind"],"picked":"Protect","floor":19},{"not_picked":["Weave","Protect","Nirvana"],"picked":"Singing Bowl","floor":20}],"player_experience":122545,"relics_obtained":[{"floor":6,"key":"Blood Vial"},{"floor":8,"key":"Shovel"},{"floor":9,"key":"Singing Bowl"},{"floor":13,"key":"Oddly Smooth Stone"},{"floor":17,"key":"Happy Flower"},{"floor":17,"key":"Pear"},{"floor":17,"key":"Turnip"}],"event_choices":[{"cards_removed":["Regret"],"damage_healed":0,"gold_gain":0,"player_choice":"Card Removal","damage_taken":0,"max_hp_gain":0,"max_hp_loss":0,"event_name":"The Cleric","floor":3,"gold_loss":75},{"damage_healed":0,"gold_gain":0,"cards_transformed":["Strike_P"],"player_choice":"Transformed","damage_taken":0,"max_hp_gain":0,"max_hp_loss":0,"event_name":"Transmorgrifier","floor":4,"gold_loss":0,"cards_obtained":["Vault"]},{"damage_healed":0,"gold_gain":0,"cards_transformed":["Strike_P","Strike_P"],"player_choice":"Transformed Cards","damage_taken":0,"max_hp_gain":0,"max_hp_loss":0,"event_name":"Designer","floor":21,"gold_loss":75,"cards_obtained":["SashWhip","Brilliance"]}],"is_beta":true,"boss_relics":[{"not_picked":["Empty Cage","Velvet Choker"],"picked":"Calling Bell"}],"items_purged_floors":[11],"is_endless":false,"potions_floor_spawned":[1,2,6,14,18],"killed_by":"Snake Plant","ascension_level":20}}