{"host":"lwys0gbp6t40j7jh","time":1614356134,"event":{"mods":["BaseMod","Minty Spire (QoL Compilation)","StSLib","SuperFastMode"],"gold_per_floor":[119,45,45,120,120,155,155,170,219,219,59,75,75,93,93,198,198,218,228,228,128,144,144,144],"floor_reached":23,"language":"ENG","playtime":307,"items_purged":["Strike_B","Strike_B"],"score":284,"play_id":"f741b773-eab1-4aa1-b07b-e066110e7ab2","local_time":"20210226171534","is_ascension_mode":true,"campfire_choices":[{"floor":7,"key":"REST"},{"floor":15,"key":"REST"}],"circlet_count":0,"master_deck":["AscendersBane","Strike_B","Defend_B","Defend_B+1","Defend_B","Defend_B","Zap+1","Dualcast","Go for the Eyes","Gash","Beam Cell","Go for the Eyes+1","Scrape+1","Hologram","Leap","Reboot","Gash+1","Go for the Eyes+1"],"relics":["Cracked Core","Molten Egg 2","Toy Ornithopter","Philosopher\u0027s Stone"],"acts_visited":["Exordium","TheCity"],"potions_floor_usage":[16,18,23],"damage_taken":[{"damage":1,"enemies":"Cultist","floor":1,"turns":3},{"damage":43,"enemies":"Gremlin Nob","floor":6,"turns":5},{"damage":0,"enemies":"2 Louse","floor":8,"turns":3},{"damage":0,"enemies":"Jaw Worm","floor":12,"turns":1},{"damage":19,"enemies":"Gremlin Gang","floor":14,"turns":5},{"damage":12,"enemies":"Hexaghost","floor":16,"turns":10},{"damage":20,"enemies":"Chosen","floor":18,"turns":6},{"damage":12,"enemies":"Spheric Guardian","floor":19,"turns":3},{"damage":10,"enemies":"Snake Plant","floor":22,"turns":5},{"damage":47,"enemies":"Slavers","floor":23,"turns":3}],"seed_played":"-7523144136557341837","potions_obtained":[{"floor":6,"key":"GamblersBrew"},{"floor":16,"key":"Regen Potion"},{"floor":18,"key":"PotionOfCapacity"}],"is_trial":false,"path_per_floor":["M","$","?","?","?","E","R","M","T","?","$","M","?","M","R","B",null,"M","M","?","$","M","E"],"character_chosen":"DEFECT","items_purchased":["Gash","Beam Cell","Scrape+1","Hologram"],"campfire_rested":2,"item_purchase_floors":[2,2,11,11],"current_hp_per_floor":[74,74,74,63,47,4,28,28,28,21,21,21,21,2,26,19,66,63,51,45,45,35,0,0],"gold":144,"neow_bonus":"TEN_PERCENT_HP_BONUS","is_daily":false,"chose_seed":false,"campfire_upgraded":0,"win_rate":0.0,"timestamp":1614356134,"path_taken":["M","$","?","?","?","E","R","M","T","?","$","M","?","M","R","BOSS","M","M","?","$","?","E"],"items_purchased_type":["Card","Card","Card","Card"],"build_version":"2020-12-22","purchased_purges":2,"victory":false,"max_hp_per_floor":[82,82,82,82,82,82,82,82,82,82,82,82,82,82,82,82,82,82,82,82,82,82,82,82],"card_choices":[{"not_picked":["Force Field","Sunder"],"picked":"Go for the Eyes","floor":1},{"not_picked":["Sweeping Beam+1","Ball Lightning+1"],"picked":"Go for the Eyes+1","floor":6},{"not_picked":["Glacier","Stack","Ball Lightning+1"],"picked":"SKIP","floor":8},{"not_picked":["Rebound+1","Tempest"],"picked":"Leap","floor":12},{"not_picked":["Multi-Cast","Hello World","Stack"],"picked":"SKIP","floor":14},{"not_picked":["Rainbow","Electrodynamics"],"picked":"Reboot","floor":16},{"not_picked":["Barrage+1","Redo+1"],"picked":"Gash+1","floor":18},{"not_picked":["Undo","BootSequence"],"picked":"Go for the Eyes+1","floor":19},{"not_picked":["Blizzard+1","Rebound+1","Melter+1"],"picked":"SKIP","floor":22}],"player_experience":1229707,"relics_obtained":[{"floor":6,"key":"Molten Egg 2"},{"floor":9,"key":"Toy Ornithopter"}],"event_choices":[{"damage_healed":0,"gold_gain":0,"player_choice":"Ignored","damage_taken":0,"max_hp_gain":0,"max_hp_loss":0,"event_name":"Liars Game","floor":3,"gold_loss":0},{"damage_healed":0,"gold_gain":75,"player_choice":"Gather Gold","damage_taken":11,"max_hp_gain":0,"max_hp_loss":0,"event_name":"World of Goop","floor":4,"gold_loss":0},{"damage_healed":0,"gold_gain":0,"player_choice":"Entered Light","damage_taken":16,"max_hp_gain":0,"max_hp_loss":0,"event_name":"Shining Light","floor":5,"gold_loss":0,"cards_upgraded":["Zap","Defend_B"]},{"cards_removed":["Strike_B"],"damage_healed":0,"gold_gain":0,"player_choice":"Card Removal","damage_taken":7,"max_hp_gain":0,"max_hp_loss":0,"event_name":"Golden Wing","floor":10,"gold_loss":0},{"damage_healed":0,"gold_gain":0,"player_choice":"Searched \u00271\u0027 times","damage_taken":0,"max_hp_gain":0,"max_hp_loss":0,"event_name":"Dead Adventurer","floor":13,"gold_loss":0},{"damage_healed":0,"gold_gain":0,"player_choice":"","damage_taken":6,"max_hp_gain":0,"max_hp_loss":0,"event_name":"Knowing Skull","floor":20,"potions_obtained":[],"gold_loss":0,"cards_obtained":[]}],"is_beta":false,"boss_relics":[{"not_picked":["Runic Dome","SacredBark"],"picked":"Philosopher\u0027s Stone"}],"items_purged_floors":[11,21],"is_endless":false,"potions_floor_spawned":[6,16,18],"killed_by":"Slavers","ascension_level":10}}