{"host":"c35j6tsoy7cxzn43","time":1614381928,"event":{"mods":["BaseMod","Better Third Choice","BetterRewards","Colored Map","Colored Powertips","Conspire","Highlight Path","Hubris","Infinite Spire","Minty Spire (QoL Compilation)","Quick Restart","Replay The Spire","Shop Mod","StSLib"],"gold_per_floor":[114,14,33,33,33,76,76,95,122,122,122,136,161,180,180,305,305,320,65,43,63,63,63],"floor_reached":22,"language":"ENG","playtime":1382,"items_purged":[],"score":188,"play_id":"5777e7fb-06a6-4165-b984-3f9ded94a025","local_time":"20210227002528","is_ascension_mode":false,"campfire_choices":[{"data":"Juggernaut","floor":11,"key":"SMITH"},{"data":"Infernal Blade","floor":15,"key":"SMITH"}],"circlet_count":0,"master_deck":["Strike_R","Strike_R","Strike_R","Strike_R","Strike_R","Defend_R+1","Defend_R+1","Defend_R+1","Defend_R+1","Bash","Infernal Blade+1","Ghostly","Injury","Juggernaut+1","Thunderclap","Body Slam","Limit Break","ReplayTheSpireMod:Strike From Hell","Body Slam"],"relics":["Burning Blood","Golden Idol","Pondfish Scales","Akabeko","Mark of Pain","Replay:Bottled Eggs"],"acts_visited":["Exordium","TheCity"],"potions_floor_usage":[16,20,22,22,22],"damage_taken":[{"damage":7,"enemies":"Small Slimes","floor":1,"turns":4},{"damage":1,"enemies":"Jaw Worm","floor":3,"turns":2},{"damage":46,"enemies":"3 Sentries","floor":6,"turns":10},{"damage":10,"enemies":"2 Louse","floor":8,"turns":3},{"damage":8,"enemies":"Red Slaver","floor":12,"turns":3},{"damage":0,"enemies":"3 Louse","floor":13,"turns":1},{"damage":7,"enemies":"2 Fungi Beasts","floor":14,"turns":3},{"damage":69,"enemies":"Fading Forest","floor":16,"turns":11},{"damage":45,"enemies":"Shell Parasite","floor":18,"turns":7},{"damage":18,"enemies":"2 Thieves","floor":20,"turns":5},{"damage":22,"enemies":"Centurion and Healer","floor":21,"turns":8},{"damage":24,"enemies":"Chosen and Byrds","floor":22,"turns":4}],"seed_played":"-3952114151172829048","potions_obtained":[{"floor":6,"key":"Swift Potion"},{"floor":8,"key":"Reflective Coating"},{"floor":14,"key":"SkillPotion"},{"floor":16,"key":"SkillPotion"},{"floor":21,"key":"Doom Potion"}],"is_trial":false,"path_per_floor":["M","?","M","?","$","E","?","M","T","?","R","M","M","M","R","B",null,"M","$","M","M","M"],"character_chosen":"IRONCLAD","items_purchased":["Replay:Bottled Eggs"],"campfire_rested":0,"item_purchase_floors":[19],"current_hp_per_floor":[79,79,80,80,80,40,40,36,36,90,90,88,90,89,89,36,90,51,51,39,23,0,0],"gold":63,"neow_bonus":"ONE_RANDOM_RARE_CARD","is_daily":false,"chose_seed":false,"campfire_upgraded":2,"win_rate":0.0,"timestamp":1614381928,"path_taken":["M","?","M","?","$","E","?","M","T","?","R","?","M","M","R","BOSS","M","$","M","M","M"],"items_purchased_type":["Relic"],"build_version":"2020-12-22","purchased_purges":0,"victory":false,"max_hp_per_floor":[80,80,80,80,80,80,80,80,80,90,90,90,90,90,90,90,90,90,90,90,90,90,90],"card_choices":[{"not_picked":["Combust","Replay:Undeath\u0027s Touch"],"picked":"Infernal Blade","floor":1},{"not_picked":["Sword Boomerang","Run Through","Twin Strike"],"picked":"SKIP","floor":3},{"not_picked":["Iron Wave","Sever Soul"],"picked":"Juggernaut","floor":6},{"not_picked":["Perfected Strike","infinitespire:OneForAll"],"picked":"Thunderclap","floor":8},{"not_picked":["Havoc","Shrug It Off"],"picked":"Body Slam","floor":12},{"not_picked":["ReplayTheSpireMod:Stacked","Flex","Iron Wave"],"picked":"SKIP","floor":13},{"not_picked":["Replay:Undeath\u0027s Touch","ReplayTheSpireMod:Strike From Hell","Havoc"],"picked":"SKIP","floor":14},{"not_picked":["Corruption","conspire:Purge"],"picked":"Limit Break","floor":16},{"not_picked":["Thunderclap","Wild Strike"],"picked":"ReplayTheSpireMod:Strike From Hell","floor":18},{"not_picked":["Life Link","Rage"],"picked":"Body Slam","floor":20},{"not_picked":["Demonic Infusion","Battle Trance+1","Shrug It Off"],"picked":"SKIP","floor":21}],"player_experience":496383,"relics_obtained":[{"floor":6,"key":"Pondfish Scales"},{"floor":9,"key":"Akabeko"}],"event_choices":[{"damage_healed":0,"gold_gain":0,"player_choice":"Argue","damage_taken":0,"max_hp_gain":0,"max_hp_loss":0,"event_name":"conspire:LoneGhost","floor":2,"gold_loss":0},{"damage_healed":0,"gold_gain":0,"player_choice":"Take Wound","damage_taken":0,"relics_obtained":["Golden Idol"],"max_hp_gain":0,"max_hp_loss":0,"event_name":"Golden Idol","floor":4,"gold_loss":0,"cards_obtained":["Injury"]},{"damage_healed":0,"gold_gain":0,"player_choice":"Leave","damage_taken":0,"max_hp_gain":0,"max_hp_loss":0,"event_name":"conspire:Investor","floor":7,"gold_loss":0},{"cards_removed":["Fiend Fire"],"damage_healed":44,"gold_gain":0,"player_choice":"Offered Rare","damage_taken":0,"max_hp_gain":10,"max_hp_loss":0,"event_name":"Bonfire Elementals","floor":10,"gold_loss":0}],"is_beta":false,"boss_relics":[{"not_picked":["Empty Cage","conspire:RunicOctahedron"],"picked":"Mark of Pain"}],"items_purged_floors":[],"is_endless":false,"potions_floor_spawned":[6,8,14,16,21],"killed_by":"Chosen and Byrds","ascension_level":0}}