{"host":"v7dcfm09mlh04wa7","time":1614366201,"event":{"mods":["BaseMod","Minty Spire (QoL Compilation)","StSLib"],"gold_per_floor":[117,117,127,127,146,146,74,74,74,74,110,110,110,128,128,253,253,276,276,23,42,42,42],"floor_reached":22,"language":"ENG","playtime":1360,"items_purged":[],"score":209,"play_id":"702a19a4-174b-4a1f-99bf-9c9ffa15b891","local_time":"20210226140321","is_ascension_mode":true,"campfire_choices":[{"data":"Eruption","floor":6,"key":"SMITH"},{"floor":8,"key":"REST"},{"data":"Pray","floor":10,"key":"SMITH"},{"floor":15,"key":"REST"}],"circlet_count":0,"master_deck":["Strike_P","Strike_P","Strike_P","Strike_P","Defend_P","Defend_P","Defend_P","Defend_P","Eruption+1","Vigilance","Panache","WheelKick","Crescendo","Pray+1","EmptyBody","Establishment","Scrawl","TalkToTheHand+1","Eruption+1","TalkToTheHand+1","Study","Adaptation"],"relics":["PureWater","Golden Idol","Letter Opener","Molten Egg 2","Mango","Black Star","ClockworkSouvenir"],"acts_visited":["Exordium","TheCity"],"potions_floor_usage":[18],"damage_taken":[{"damage":3,"enemies":"Jaw Worm","floor":1,"turns":4},{"damage":0,"enemies":"Cultist","floor":3,"turns":3},{"damage":7,"enemies":"2 Louse","floor":5,"turns":2},{"damage":37,"enemies":"3 Sentries","floor":11,"turns":6},{"damage":5,"enemies":"Gremlin Gang","floor":14,"turns":4},{"damage":25,"enemies":"The Guardian","floor":16,"turns":13},{"damage":30,"enemies":"Spheric Guardian","floor":18,"turns":4},{"damage":30,"enemies":"3 Byrds","floor":21,"turns":6},{"damage":21,"enemies":"3 Cultists","floor":22,"turns":3}],"seed_played":"-7387801166110290424","potions_obtained":[{"floor":1,"key":"Ancient Potion"},{"floor":16,"key":"SneckoOil"},{"floor":21,"key":"Dexterity Potion"}],"is_trial":false,"path_per_floor":["M","?","M","?","M","R","$","R","T","R","E","T","?","M","R","B",null,"M","?","$","M","M"],"character_chosen":"WATCHER","items_purchased":["Pray","ClockworkSouvenir","TalkToTheHand+1","Study"],"campfire_rested":2,"item_purchase_floors":[7,20,20,20],"current_hp_per_floor":[48,53,53,35,28,28,28,49,49,49,12,12,23,18,43,18,86,56,56,56,26,5,5],"gold":42,"neow_bonus":"RANDOM_COLORLESS_2","is_daily":false,"chose_seed":false,"campfire_upgraded":2,"win_rate":0.0,"timestamp":1614366201,"path_taken":["M","?","?","?","M","R","$","R","T","R","E","?","?","M","R","BOSS","M","?","$","M","?"],"items_purchased_type":["Card","Relic","Card","Card"],"build_version":"2020-12-22","purchased_purges":0,"victory":false,"max_hp_per_floor":[72,72,72,72,72,72,72,72,72,72,72,72,86,86,86,86,86,86,86,86,86,86,86],"card_choices":[{"not_picked":["Metamorphosis","Thinking Ahead"],"picked":"Panache","floor":0},{"not_picked":["Indignation","SashWhip"],"picked":"ClearTheMind","floor":1},{"not_picked":["ClearTheMind","PathToVictory"],"picked":"WheelKick","floor":3},{"not_picked":["BowlingBash","Meditate"],"picked":"Crescendo","floor":5},{"not_picked":["BowlingBash","WindmillStrike"],"picked":"EmptyBody","floor":11},{"not_picked":["WheelKick+1","LikeWater"],"picked":"Establishment","floor":14},{"not_picked":["Judgement","DevaForm"],"picked":"Scrawl","floor":16},{"not_picked":["JustLucky+1","Prostrate"],"picked":"TalkToTheHand+1","floor":18},{"not_picked":["Crescendo","WaveOfTheHand"],"picked":"Adaptation","floor":21}],"player_experience":247184,"relics_obtained":[{"floor":11,"key":"Letter Opener"},{"floor":12,"key":"Molten Egg 2"}],"event_choices":[{"cards_removed":["ClearTheMind"],"damage_healed":5,"gold_gain":0,"player_choice":"Offered Common","damage_taken":0,"max_hp_gain":0,"max_hp_loss":0,"event_name":"Bonfire Elementals","floor":2,"gold_loss":0},{"cards_removed":["ClearTheMind"],"damage_healed":5,"gold_gain":0,"player_choice":"Offered Special","damage_taken":0,"max_hp_gain":0,"max_hp_loss":0,"event_name":"Bonfire Elementals","floor":2,"gold_loss":0},{"damage_healed":0,"gold_gain":0,"player_choice":"Take Damage","damage_taken":18,"relics_obtained":["Golden Idol"],"max_hp_gain":0,"max_hp_loss":0,"event_name":"Golden Idol","floor":4,"gold_loss":0},{"damage_healed":0,"gold_gain":0,"player_choice":"Success","damage_taken":3,"relics_obtained":["Mango"],"max_hp_gain":0,"max_hp_loss":0,"event_name":"Scrap Ooze","floor":13,"gold_loss":0},{"damage_healed":0,"gold_gain":0,"player_choice":"1 cards matched","damage_taken":0,"max_hp_gain":0,"max_hp_loss":0,"event_name":"Match and Keep!","floor":19,"gold_loss":0,"cards_obtained":["Eruption"]},{"damage_healed":0,"gold_gain":0,"player_choice":"1 cards matched","damage_taken":0,"max_hp_gain":0,"max_hp_loss":0,"event_name":"Match and Keep!","floor":19,"gold_loss":0,"cards_obtained":["Eruption"]}],"is_beta":false,"boss_relics":[{"not_picked":["Busted Crown","Empty Cage"],"picked":"Black Star"}],"items_purged_floors":[],"is_endless":false,"potions_floor_spawned":[1,16,21],"killed_by":"3 Cultists","ascension_level":3}}