{"host":"f0vzc1iezimimt27","time":1614331512,"event":{"mods":["BaseMod","Colored Map","Highlight Path","Minty Spire (QoL Compilation)","StSLib"],"gold_per_floor":[10,29,40,52,152,152,183,143,143,162,179,179,204,218,218,315,315,331,347,347,362,362,392,392,411,411,0,0,0,30,43,43,138,138,158,158,176,62,62,62,92,92,92,117,137,0,0,28,28,28],"floor_reached":51,"language":"ENG","playtime":3146,"items_purged":["Strike_G"],"score":886,"play_id":"a614f5fa-cc60-4106-bb97-d29e82f30d88","local_time":"20210226122512","is_ascension_mode":true,"campfire_choices":[{"data":"Neutralize","floor":6.0,"key":"SMITH"},{"data":"Survivor","floor":12.0,"key":"SMITH"},{"floor":15.0,"key":"REST"},{"data":"Wraith Form v2","floor":24.0,"key":"SMITH"},{"data":"Envenom","floor":29.0,"key":"SMITH"},{"floor":32.0,"key":"REST"},{"floor":40,"key":"REST"},{"data":"Accuracy","floor":47,"key":"SMITH"},{"data":"Blade Dance","floor":49,"key":"SMITH"}],"circlet_count":0,"master_deck":["Strike_G","Strike_G","Strike_G","Defend_G","Defend_G","Defend_G","Defend_G","Defend_G","Survivor+1","Neutralize+1","Deadly Poison","Dagger Spray","Noxious Fumes+1","Sucker Punch+1","Finisher+1","Quick Slash+1","Wraith Form v2+1","Poisoned Stab+1","Sucker Punch+1","Bane+1","Die Die Die+1","Envenom+1","Quick Slash+1","Blade Dance+1","Terror+1","Unload+1","Dodge and Roll+1","Accuracy+1","Footwork+1","Blade Dance+1"],"relics":["Ring of the Snake","Kunai","Molten Egg 2","Letter Opener","Sozu","Darkstone Periapt","Bottled Flame","Ornamental Fan","Pen Nib","Art of War","The Specimen","Busted Crown","Eternal Feather","White Beast Statue","Paper Crane","Red Mask","Vajra"],"acts_visited":["Exordium","TheCity","TheBeyond"],"potions_floor_usage":[45],"damage_taken":[{"damage":2.0,"enemies":"Cultist","floor":1.0,"turns":4.0},{"damage":0.0,"enemies":"Small Slimes","floor":2.0,"turns":3.0},{"damage":3.0,"enemies":"2 Louse","floor":3.0,"turns":3.0},{"damage":0.0,"enemies":"2 Fungi Beasts","floor":4.0,"turns":4.0},{"damage":28.0,"enemies":"Lagavulin","floor":7.0,"turns":8.0},{"damage":6.0,"enemies":"Exordium Thugs","floor":10.0,"turns":4.0},{"damage":0.0,"enemies":"Looter","floor":11.0,"turns":4.0},{"damage":16.0,"enemies":"3 Sentries","floor":13.0,"turns":6.0},{"damage":0.0,"enemies":"Large Slime","floor":14.0,"turns":4.0},{"damage":30.0,"enemies":"Slime Boss","floor":16.0,"turns":10.0},{"damage":23.0,"enemies":"3 Byrds","floor":18.0,"turns":4.0},{"damage":3.0,"enemies":"Shell Parasite","floor":19.0,"turns":5.0},{"damage":13.0,"enemies":"Shelled Parasite and Fungi","floor":21.0,"turns":5.0},{"damage":13.0,"enemies":"Slavers","floor":23.0,"turns":5.0},{"damage":2.0,"enemies":"Sentry and Sphere","floor":25.0,"turns":6.0},{"damage":1.0,"enemies":"Gremlin Leader","floor":30.0,"turns":5.0},{"damage":9.0,"enemies":"Centurion and Healer","floor":31.0,"turns":3.0},{"damage":23.0,"enemies":"Automaton","floor":33.0,"turns":8.0},{"damage":44,"enemies":"3 Darklings","floor":35,"turns":4},{"damage":12,"enemies":"Orb Walker","floor":37,"turns":3},{"damage":22,"enemies":"Reptomancer","floor":41,"turns":5},{"damage":0,"enemies":"Nemesis","floor":44,"turns":3},{"damage":1,"enemies":"Transient","floor":45,"turns":5},{"damage":2,"enemies":"Giant Head","floor":48,"turns":6},{"damage":14,"enemies":"Time Eater","floor":50,"turns":10}],"seed_played":"3912308869735534309","potions_obtained":[{"floor":1.0,"key":"Explosive Potion"},{"floor":7.0,"key":"SmokeBomb"},{"floor":11.0,"key":"SkillPotion"},{"floor":13.0,"key":"EntropicBrew"},{"floor":14.0,"key":"Fruit Juice"}],"is_trial":false,"path_per_floor":["M","M","M","M","?","R","E","$","T","M","M","R","E","M","R","B",null,"M","M","?","M","?","E","R","M","T","$","?","R","E","M","R","B",null,"M","?","M","$","?","R","E","?","T","E","M","?","R","E","R","B",null],"character_chosen":"THE_SILENT","items_purchased":["Noxious Fumes","Ornamental Fan","Pen Nib","Accuracy"],"campfire_rested":3,"item_purchase_floors":[8,27,27,38],"current_hp_per_floor":[82,82,79,79,79,79,51,51,51,45,45,45,29,29,54,29,89,66,63,63,50,50,37,37,35,35,35,35,35,34,25,51,28,89,45,45,33,33,33,59,37,37,37,37,36,36,54,52,70,56],"gold":28,"neow_bonus":"TWENTY_PERCENT_HP_BONUS","is_daily":false,"chose_seed":false,"campfire_upgraded":6,"win_rate":0.0,"timestamp":1614331512,"path_taken":["M","M","M","M","?","R","E","$","T","M","M","R","E","M","R","BOSS","M","?","?","?","?","E","R","M","T","$","?","R","E","M","R","BOSS","M","?","M","?","?","R","E","?","T","E","?","?","R","E","R","BOSS"],"items_purchased_type":["Card","Relic","Relic","Card"],"build_version":"2020-12-22","purchased_purges":1,"victory":true,"max_hp_per_floor":[84,84,84,84,84,84,84,84,84,84,84,84,84,84,84,89,89,89,89,89,89,89,89,89,89,89,89,89,89,89,89,89,89,89,89,89,89,89,89,89,89,89,89,89,89,89,89,89,89,89],"card_choices":[{"not_picked":["Catalyst","Deflect"],"picked":"Deadly Poison","floor":1.0},{"not_picked":["Flying Knee","Accuracy"],"picked":"Dagger Spray","floor":2.0},{"not_picked":["Dagger Throw","Underhanded Strike","Flying Knee"],"picked":"SKIP","floor":3.0},{"not_picked":["Dash","Accuracy","Prepared"],"picked":"SKIP","floor":4.0},{"not_picked":["PiercingWail","Deflect","Predator"],"picked":"SKIP","floor":7.0},{"not_picked":["Blade Dance","Blur"],"picked":"Sucker Punch+1","floor":10.0},{"not_picked":["Calculated Gamble","Deflect"],"picked":"Finisher+1","floor":11.0},{"not_picked":["Finisher+1","Deadly Poison","Eviscerate+1"],"picked":"SKIP","floor":13.0},{"not_picked":["Blur","Slice+1"],"picked":"Quick Slash+1","floor":14.0},{"not_picked":["Envenom","Tools of the Trade"],"picked":"Wraith Form v2","floor":16.0},{"not_picked":["Acrobatics+1","Cloak And Dagger"],"picked":"Poisoned Stab+1","floor":18.0},{"not_picked":["Calculated Gamble","Underhanded Strike+1"],"picked":"Sucker Punch+1","floor":19.0},{"not_picked":["Blade Dance","Backflip"],"picked":"Bane+1","floor":21.0},{"not_picked":["Dodge and Roll","Deflect+1"],"picked":"Envenom","floor":23.0},{"not_picked":["PiercingWail","Dodge and Roll"],"picked":"Quick Slash+1","floor":25.0},{"not_picked":["Dagger Spray+1","Slice+1"],"picked":"Blade Dance","floor":30.0},{"not_picked":["Blade Dance","Outmaneuver"],"picked":"Terror+1","floor":31.0},{"not_picked":["Storm of Steel","Malaise"],"picked":"Unload+1","floor":33.0},{"not_picked":[],"picked":"Dodge and Roll+1","floor":35},{"not_picked":["Backflip"],"picked":"SKIP","floor":37},{"not_picked":["Slice+1"],"picked":"SKIP","floor":41},{"not_picked":[],"picked":"Footwork+1","floor":44},{"not_picked":[],"picked":"Blade Dance+1","floor":45},{"not_picked":["Well Laid Plans+1"],"picked":"SKIP","floor":48}],"player_experience":171728,"relics_obtained":[{"floor":7.0,"key":"Kunai"},{"floor":9.0,"key":"Molten Egg 2"},{"floor":13.0,"key":"Letter Opener"},{"floor":23.0,"key":"Darkstone Periapt"},{"floor":26.0,"key":"Bottled Flame"},{"floor":30.0,"key":"The Specimen"},{"floor":41,"key":"Eternal Feather"},{"floor":43,"key":"White Beast Statue"},{"floor":44,"key":"Paper Crane"},{"floor":48,"key":"Vajra"}],"event_choices":[{"damage_healed":0.0,"max_hp_gain":0.0,"max_hp_loss":0.0,"gold_gain":100.0,"event_name":"Golden Shrine","player_choice":"Pray","floor":5.0,"gold_loss":0.0,"damage_taken":0.0},{"cards_removed":["Strike_G"],"damage_healed":0.0,"max_hp_gain":0.0,"max_hp_loss":0.0,"gold_gain":0.0,"event_name":"Bonfire Elementals","player_choice":"Offered Basic","floor":20.0,"gold_loss":0.0,"damage_taken":0.0},{"damage_healed":0.0,"max_hp_gain":0.0,"max_hp_loss":0.0,"gold_gain":0.0,"event_name":"The Library","player_choice":"Read","floor":22.0,"gold_loss":0.0,"damage_taken":0.0,"cards_obtained":["Die Die Die"]},{"damage_healed":0.0,"max_hp_gain":0.0,"max_hp_loss":0.0,"gold_gain":0.0,"event_name":"The Mausoleum","player_choice":"Opened","floor":28.0,"gold_loss":0.0,"damage_taken":0.0,"relics_obtained":["Art of War"]},{"damage_healed":0,"gold_gain":0,"player_choice":"Forge","damage_taken":0,"max_hp_gain":0,"max_hp_loss":0,"event_name":"Accursed Blacksmith","floor":36,"gold_loss":0,"cards_upgraded":["Noxious Fumes"]},{"damage_healed":0,"gold_gain":0,"player_choice":"Ignored","damage_taken":0,"max_hp_gain":0,"max_hp_loss":0,"event_name":"The Moai Head","floor":39,"gold_loss":0},{"damage_healed":0,"gold_gain":0,"player_choice":"Ignored","damage_taken":0,"max_hp_gain":0,"max_hp_loss":0,"event_name":"SecretPortal","floor":42,"gold_loss":0},{"damage_healed":0,"gold_gain":0,"player_choice":"Paid","damage_taken":0,"relics_obtained":["Red Mask"],"max_hp_gain":0,"max_hp_loss":0,"event_name":"Tomb of Lord Red Mask","floor":46,"gold_loss":137}],"is_beta":false,"boss_relics":[{"not_picked":["Astrolabe","Velvet Choker"],"picked":"Sozu"},{"not_picked":["Pandora\u0027s Box","Runic Dome"],"picked":"Busted Crown"}],"items_purged_floors":[38],"is_endless":false,"potions_floor_spawned":[1,7,11,13,14,23,30,31,33,37,44,45,48],"ascension_level":2}}