{"host":"j4g6ia6asvpyu2b0","time":1614351086,"event":{"mods":["BaseMod","Colored Map","Infinite Spire","Minty Spire (QoL Compilation)","Permanent Neow","Quick Restart","Relic Stats","StSLib","Unceasing Turn Reminder"],"gold_per_floor":[17,36,54,69,87,87,97,97,148,182,182,208,208,235,235,331,331,342,257,275,275,200,226,237,237,237,270,270,295,311,326,326,427,427,442,442,455,455,474,474,507,507,531,547,547,564,597,609,609,609,609,609,10,40,40],"floor_reached":56,"language":"ENG","playtime":2138,"items_purged":[],"score":1449,"play_id":"ecc2d200-a1fb-4ab5-b964-4a15fe17cc0b","local_time":"20210226075126","is_ascension_mode":true,"campfire_choices":[{"floor":6.0,"key":"DIG"},{"floor":11.0,"key":"DIG"},{"floor":13.0,"key":"DIG"},{"floor":15.0,"key":"DIG"},{"floor":25.0,"key":"DIG"},{"data":"Adrenaline","floor":28.0,"key":"SMITH"},{"floor":32.0,"key":"DIG"},{"floor":40.0,"key":"DIG"},{"data":"Footwork","floor":42.0,"key":"SMITH"},{"floor":45.0,"key":"DIG"},{"floor":49,"key":"RECALL"},{"data":"Catalyst","floor":52,"key":"SMITH"}],"circlet_count":0,"master_deck":["Strike_G","Strike_G","Strike_G","Strike_G","Defend_G","Defend_G","Defend_G","Defend_G","Defend_G","Neutralize","Bouncing Flask","Sucker Punch","Infinite Blades","Flying Knee","Deadly Poison","Bouncing Flask","Footwork+1","Backflip","Adrenaline+1","Backflip","Caltrops+1","Malaise","Cloak And Dagger","Leg Sweep","Blur","Outmaneuver","Phantasmal Killer","Glass Knife","Outmaneuver+1","Bouncing Flask+1","Outmaneuver+1","Cloak And Dagger+1","Catalyst+1","Bouncing Flask+1","Quick Slash+1","After Image+1","Panache+1","Discovery","Expertise+1"],"relics":["Ring of the Snake","Shovel","Pantograph","infinitespire:EmpoweringShard","Omamori","StoneCalendar","Bag of Marbles","Nunchaku","Toy Ornithopter","Centennial Puzzle","Philosopher\u0027s Stone","Juzu Bracelet","Runic Pyramid","Gremlin Horn","Lizard Tail","Bottled Tornado","Bag of Preparation","infinitespire:Satchel","Torii","Coffee Dripper","infinitespire:PuzzleCube","Potion Belt","Akabeko","Anchor","Frozen Egg 2","Shuriken","infinitespire:Lucky Rock"],"acts_visited":["Exordium","TheCity","TheBeyond","TheEnding"],"potions_floor_usage":[50,50,55,55],"damage_taken":[{"damage":2.0,"enemies":"2 Louse","floor":1.0,"turns":3.0},{"damage":1.0,"enemies":"Cultist","floor":2.0,"turns":3.0},{"damage":0.0,"enemies":"Small Slimes","floor":3.0,"turns":3.0},{"damage":1.0,"enemies":"3 Louse","floor":4.0,"turns":4.0},{"damage":3.0,"enemies":"Looter","floor":5.0,"turns":4.0},{"damage":9.0,"enemies":"Exordium Thugs","floor":7.0,"turns":3.0},{"damage":13.0,"enemies":"Gremlin Nob","floor":10.0,"turns":4.0},{"damage":24.0,"enemies":"3 Sentries","floor":12.0,"turns":7.0},{"damage":20.0,"enemies":"The Guardian","floor":16.0,"turns":9.0},{"damage":0.0,"enemies":"Spheric Guardian","floor":18.0,"turns":2.0},{"damage":0.0,"enemies":"Chosen","floor":20.0,"turns":3.0},{"damage":10.0,"enemies":"Gremlin Leader","floor":23.0,"turns":6.0},{"damage":0.0,"enemies":"Centurion and Healer","floor":24.0,"turns":7.0},{"damage":11.0,"enemies":"Book of Stabbing","floor":27.0,"turns":5.0},{"damage":2.0,"enemies":"Nightmare","floor":29.0,"turns":8.0},{"damage":12.0,"enemies":"Sentry and Sphere","floor":30.0,"turns":7.0},{"damage":3.0,"enemies":"Snecko","floor":31.0,"turns":5.0},{"damage":15.0,"enemies":"Automaton","floor":33.0,"turns":8.0},{"damage":0.0,"enemies":"Orb Walker","floor":35.0,"turns":3.0},{"damage":0.0,"enemies":"3 Shapes","floor":37.0,"turns":3.0},{"damage":2.0,"enemies":"Writhing Mass","floor":39.0,"turns":5.0},{"damage":1.0,"enemies":"Nightmare","floor":41.0,"turns":8.0},{"damage":7.0,"enemies":"Jaw Worm Horde","floor":44.0,"turns":4.0},{"damage":0.0,"enemies":"3 Darklings","floor":46.0,"turns":5.0},{"damage":1.0,"enemies":"Giant Head","floor":47.0,"turns":7.0},{"damage":1.0,"enemies":"Spire Growth","floor":48.0,"turns":4.0},{"damage":66,"enemies":"Time Eater","floor":50,"turns":10},{"damage":1,"enemies":"Shield and Spear","floor":54,"turns":4},{"damage":79,"enemies":"The Heart","floor":55,"turns":7}],"seed_played":"5950217456946938691","potions_obtained":[{"floor":1.0,"key":"ColorlessPotion"},{"floor":3.0,"key":"FairyPotion"},{"floor":5.0,"key":"AttackPotion"},{"floor":12.0,"key":"EssenceOfSteel"},{"floor":16.0,"key":"Strength Potion"},{"floor":18.0,"key":"CultistPotion"},{"floor":24.0,"key":"SpeedPotion"},{"floor":29.0,"key":"Explosive Potion"},{"floor":35.0,"key":"BlessingOfTheForge"},{"floor":39.0,"key":"LiquidMemories"},{"floor":46.0,"key":"GamblersBrew"},{"floor":48.0,"key":"PowerPotion"}],"is_trial":false,"path_per_floor":["M","M","M","M","M","R","M","?","T","E","R","E","R","T","R","B",null,"M","?","M","AVR","?","E","M","R","T","E","R","NM","M","M","R","B",null,"M","?","M","?","M","R","NM","R","T","M","R","M","E","M","R","B",null,"R","$","E","B",null],"character_chosen":"THE_SILENT","items_purchased":["After Image+1","Shuriken","Panache+1","Discovery"],"campfire_rested":0,"item_purchase_floors":[53,53,53,53],"current_hp_per_floor":[68,67,67,66,63,63,54,36,36,23,23,21,21,21,21,26,70,70,70,70,70,70,60,65,65,65,59,59,57,45,42,42,55,70,70,66,66,66,64,64,65,65,65,58,58,58,57,56,56,10,66,66,66,65,21],"gold":40,"neow_bonus":"ONE_RARE_RELIC","is_daily":false,"chose_seed":false,"campfire_upgraded":3,"win_rate":0.0,"timestamp":1614351086,"path_taken":["M","M","M","M","M","R","M","?","T","E","R","E","R","?","R","BOSS","M","?","M","AVR","?","E","M","R","T","E","R","NM","M","M","R","BOSS","M","?","M","?","M","R","NM","R","T","M","R","M","E","M","R","BOSS","R","$","E","BOSS"],"items_purchased_type":["Card","Relic","Card","Card"],"build_version":"2020-12-22","purchased_purges":0,"victory":true,"max_hp_per_floor":[70,70,70,70,70,70,70,70,70,70,70,70,70,70,70,70,70,70,70,70,70,70,70,70,70,70,70,70,70,70,70,70,70,70,70,66,66,66,66,66,66,66,66,66,66,66,66,66,66,66,66,66,66,66,66],"relic_stats":{"Gremlin Horn":[12,12],"Torii":47,"counters":[29,151],"StoneCalendar":[252],"Juzu Bracelet":0,"Bag of Preparation":[30],"Nunchaku":[24],"Centennial Puzzle":[44],"Lizard Tail":33,"Shovel":8,"Shuriken":[7],"Pantograph":61,"obtain_stats":[{"Gremlin Horn":23,"Torii":32,"StoneCalendar":11,"Juzu Bracelet":19,"Bag of Preparation":27,"Bottled Tornado":26,"Nunchaku":13,"Centennial Puzzle":15,"Lizard Tail":25,"Shovel":0,"Pantograph":6,"Philosopher\u0027s Stone":17,"Ring of the Snake":0,"Runic Pyramid":21,"Potion Belt":41,"Omamori":10,"infinitespire:Lucky Rock":54,"Frozen Egg 2":47,"Akabeko":43,"Anchor":45,"Shuriken":53,"infinitespire:Satchel":29,"infinitespire:EmpoweringShard":8,"Bag of Marbles":12,"Coffee Dripper":34,"Toy Ornithopter":14,"infinitespire:PuzzleCube":40},{"Gremlin Horn":12,"Torii":17,"StoneCalendar":7,"Juzu Bracelet":10,"Bag of Preparation":14,"Bottled Tornado":13,"Nunchaku":8,"Centennial Puzzle":8,"Lizard Tail":13,"Shovel":0,"Pantograph":5,"Philosopher\u0027s Stone":9,"Ring of the Snake":0,"Runic Pyramid":11,"Potion Belt":22,"Omamori":7,"infinitespire:Lucky Rock":28,"Frozen Egg 2":25,"Akabeko":22,"Anchor":23,"Shuriken":27,"infinitespire:Satchel":15,"infinitespire:EmpoweringShard":6,"Bag of Marbles":8,"Coffee Dripper":18,"Toy Ornithopter":8,"infinitespire:PuzzleCube":21},{"Gremlin Horn":51,"Torii":83,"StoneCalendar":24,"Juzu Bracelet":42,"Bag of Preparation":63,"Bottled Tornado":58,"Nunchaku":31,"Centennial Puzzle":31,"Lizard Tail":58,"Shovel":0,"Pantograph":17,"Philosopher\u0027s Stone":40,"Ring of the Snake":0,"Runic Pyramid":45,"Potion Belt":110,"Omamori":24,"infinitespire:Lucky Rock":144,"Frozen Egg 2":126,"Akabeko":110,"Anchor":114,"Shuriken":140,"infinitespire:Satchel":71,"infinitespire:EmpoweringShard":20,"Bag of Marbles":31,"Coffee Dripper":91,"Toy Ornithopter":31,"infinitespire:PuzzleCube":102}],"Toy Ornithopter":25,"Ring of the Snake":[58]},"card_choices":[{"not_picked":["Setup","Backflip"],"picked":"Bouncing Flask","floor":1.0},{"not_picked":["Slice","Expertise"],"picked":"Sucker Punch","floor":2.0},{"not_picked":["Acrobatics","Dagger Spray"],"picked":"Infinite Blades","floor":3.0},{"not_picked":["Quick Slash","Sucker Punch"],"picked":"Flying Knee","floor":4.0},{"not_picked":["Tactician","Sucker Punch"],"picked":"Deadly Poison","floor":5.0},{"not_picked":["Backflip","Escape Plan"],"picked":"Bouncing Flask","floor":7.0},{"not_picked":["Accuracy","Reflex"],"picked":"Footwork","floor":10.0},{"not_picked":["Expertise","Cloak And Dagger"],"picked":"Backflip","floor":12.0},{"not_picked":["Storm of Steel","Wraith Form v2"],"picked":"Adrenaline","floor":16.0},{"not_picked":["Sucker Punch","Dodge and Roll"],"picked":"Backflip","floor":18.0},{"not_picked":["Backflip","Outmaneuver"],"picked":"Caltrops+1","floor":20.0},{"not_picked":["Outmaneuver","Underhanded Strike"],"picked":"Malaise","floor":23.0},{"not_picked":["Dagger Spray","Deadly Poison+1"],"picked":"Cloak And Dagger","floor":24.0},{"not_picked":["Predator","Bane+1"],"picked":"Leg Sweep","floor":27.0},{"not_picked":["Dash","Underhanded Strike"],"picked":"Blur","floor":29.0},{"not_picked":["PiercingWail","Blade Dance"],"picked":"Outmaneuver","floor":30.0},{"not_picked":["Acrobatics","Quick Slash"],"picked":"Phantasmal Killer","floor":31.0},{"not_picked":["Storm of Steel","Die Die Die"],"picked":"Glass Knife","floor":33.0},{"not_picked":["Prepared+1","Quick Slash"],"picked":"Outmaneuver+1","floor":35.0},{"not_picked":["Endless Agony+1","Bane","Blade Dance"],"picked":"SKIP","floor":37.0},{"not_picked":["Flechettes","Prepared"],"picked":"Bouncing Flask+1","floor":39.0},{"not_picked":["Cloak And Dagger+1","Sucker Punch"],"picked":"Outmaneuver+1","floor":41.0},{"not_picked":["Finisher","Setup+1"],"picked":"Cloak And Dagger+1","floor":44.0},{"not_picked":["Crippling Poison+1","Phantasmal Killer"],"picked":"Catalyst","floor":46.0},{"not_picked":["Backflip+1","Flechettes+1"],"picked":"Bouncing Flask+1","floor":47.0},{"not_picked":["Sucker Punch+1","Calculated Gamble"],"picked":"Quick Slash+1","floor":48.0},{"not_picked":["Tactician","Deflect+1"],"picked":"Expertise+1","floor":54}],"player_experience":1271982,"relics_obtained":[{"floor":6.0,"key":"Pantograph"},{"floor":10.0,"key":"Omamori"},{"floor":11.0,"key":"StoneCalendar"},{"floor":12.0,"key":"Bag of Marbles"},{"floor":13.0,"key":"Nunchaku"},{"floor":14.0,"key":"Toy Ornithopter"},{"floor":15.0,"key":"Centennial Puzzle"},{"floor":23.0,"key":"Gremlin Horn"},{"floor":25.0,"key":"Lizard Tail"},{"floor":26.0,"key":"Bottled Tornado"},{"floor":27.0,"key":"Bag of Preparation"},{"floor":29.0,"key":"infinitespire:Satchel"},{"floor":32.0,"key":"Torii"},{"floor":40.0,"key":"infinitespire:PuzzleCube"},{"floor":41.0,"key":"Potion Belt"},{"floor":43.0,"key":"Akabeko"},{"floor":45.0,"key":"Anchor"},{"floor":47.0,"key":"Frozen Egg 2"},{"floor":54,"key":"infinitespire:Lucky Rock"}],"event_choices":[{"damage_healed":0.0,"max_hp_gain":0.0,"max_hp_loss":0.0,"gold_gain":0.0,"event_name":"Scrap Ooze","player_choice":"Success","floor":8.0,"gold_loss":0.0,"damage_taken":18.0,"relics_obtained":["infinitespire:EmpoweringShard"]},{"damage_healed":0.0,"max_hp_gain":0.0,"max_hp_loss":0.0,"gold_gain":0.0,"event_name":"Addict","player_choice":"Obtained Relic","floor":19.0,"gold_loss":85.0,"damage_taken":0.0,"relics_obtained":["Juzu Bracelet"]},{"cards_removed":["Strike_G"],"damage_healed":0.0,"max_hp_gain":0.0,"max_hp_loss":0.0,"gold_gain":0.0,"event_name":"Beggar","player_choice":"Gave Gold","floor":22.0,"gold_loss":75.0,"damage_taken":0.0},{"damage_healed":0.0,"max_hp_gain":0.0,"max_hp_loss":4.0,"gold_gain":0.0,"event_name":"Winding Halls","player_choice":"Max HP","floor":36.0,"gold_loss":0.0,"damage_taken":0.0},{"cards_removed":["Survivor"],"damage_healed":0.0,"max_hp_gain":0.0,"max_hp_loss":0.0,"gold_gain":0.0,"event_name":"Falling","player_choice":"Removed Skill","floor":38.0,"gold_loss":0.0,"damage_taken":0.0}],"is_beta":false,"boss_relics":[{"not_picked":["Busted Crown","Sozu"],"picked":"Philosopher\u0027s Stone"},{"not_picked":["Fusion Hammer","Snecko Eye"],"picked":"Coffee Dripper"}],"items_purged_floors":[],"is_endless":false,"potions_floor_spawned":[1,3,5,12,16,18,24,29,30,35,39,46,48],"ascension_level":2}}