{"host":"sncdgiue1dtzeg79","time":1614340323,"event":{"mods":["Aspiration","BaseMod","Beaked The Cultist","ChefMod","Colored Powertips","Hubris","Jorbs\u0027s Wanderer Trilogy","Minty Spire (QoL Compilation)","Reliquary","Shade Mod","StSLib","The Bladedancer","The Cursed","The Forsaken","The Hierophant","The Marked","The Necromancer","The Runesmith","The Wild Card","Weighted Paths"],"gold_per_floor":[110,110,185,196,18,31,49,49,102,114,114,114,114,127,127,230,230,248,248,266,282,295,295,314,314,314,314,314,314],"floor_reached":28,"language":"ENG","playtime":1139,"items_purged":["Injury"],"score":212,"play_id":"8ab9c1c6-16f4-41a3-bdbe-766c44c9dd7d","local_time":"20210226125203","daily_mods":["Draft","Vintage","Heirloom","Flight"],"is_ascension_mode":false,"campfire_choices":[{"data":"Shade:OpenGraves","floor":8,"key":"SMITH"},{"data":"Shade:SensePrey","floor":11,"key":"SMITH"},{"data":"Shade:Bonestorm","floor":13,"key":"SMITH"},{"data":"Shade:PressTheAttack","floor":15,"key":"SMITH"},{"data":"hubris:DuctTapeCard","floor":23,"key":"SMITH"},{"data":"Shade:Bonestorm","floor":25,"key":"SMITH"},{"data":"Shade:Brains","floor":27,"key":"SMITH"}],"circlet_count":0,"master_deck":["Shade:ExtraLimbs","Shade:Bonestorm+1","Shade:FeralStrike","Shade:FleshLikeOak","Shade:Brains+1","Shade:PressTheAttack+1","Shade:Bonestorm+1","Shade:AncientSpear","Shade:Premonition","Shade:SensePrey+1","Shade:OpenGraves+1","Shade:AuraOfUnlife+1","Shade:CallOfTheGrave+1","Shade:LichForm+1","hubris:DuctTapeCard+2"],"relics":["Shade:YorickSkull","aspiration:AnachronicSnailShell","hubris:MysteriousPyramids","Frozen Egg 2","The Courier","MealTicket","Potion Belt","Akabeko","reliquary:HotPoker","reliquary:Vitrine","hubris:Reverence","aspiration:RitualDagger","White Beast Statue","Ornamental Fan","reliquary:Aerogel","hubris:DuctTape","reliquary:SilkGlove","Matryoshka"],"acts_visited":["Exordium","TheCity"],"potions_floor_usage":[16],"damage_taken":[{"damage":0,"enemies":"2 Louse","floor":1,"turns":2},{"damage":0,"enemies":"Small Slimes","floor":4,"turns":2},{"damage":4,"enemies":"Jaw Worm","floor":6,"turns":3},{"damage":0,"enemies":"Large Slime","floor":7,"turns":4},{"damage":0,"enemies":"3 Louse","floor":10,"turns":1},{"damage":0,"enemies":"Blue Slaver","floor":14,"turns":3},{"damage":2,"enemies":"The Guardian","floor":16,"turns":5},{"damage":9,"enemies":"2 Thieves","floor":18,"turns":3},{"damage":12,"enemies":"3 Byrds","floor":20,"turns":4},{"damage":21,"enemies":"Snake Plant","floor":21,"turns":4},{"damage":9,"enemies":"Centurion and Healer","floor":22,"turns":3},{"damage":9,"enemies":"3 Cultists","floor":24,"turns":3}],"seed_played":"3118174789264914718","potions_obtained":[{"floor":6,"key":"Block Potion"},{"floor":10,"key":"LiquidBronze"},{"floor":16,"key":"DistilledChaos"},{"floor":20,"key":"EssenceOfSteel"},{"floor":22,"key":"Swift Potion"},{"floor":24,"key":"DuplicationPotion"}],"is_trial":true,"path_per_floor":["M","?","?","M","$","M","M","R","T","M","R","T","R","M","R","B",null,"M","?","M","M","M","R","M","R","T","R","?"],"character_chosen":"SHADE","items_purchased":["Shade:AuraOfUnlife+1","Shade:CallOfTheGrave+1"],"campfire_rested":0,"item_purchase_floors":[5,5],"current_hp_per_floor":[65,65,54,54,54,50,50,50,50,50,50,50,50,50,50,48,65,56,56,44,23,14,14,5,5,5,5,0,0],"gold":314,"neow_bonus":"","is_daily":false,"chose_seed":false,"campfire_upgraded":7,"win_rate":0.0,"timestamp":1614340323,"path_taken":["M","?","?","M","$","M","M","R","T","M","R","?","R","M","R","BOSS","M","?","M","M","M","R","M","R","T","R","?"],"items_purchased_type":["Card","Card"],"build_version":"2020-12-22","purchased_purges":1,"victory":false,"max_hp_per_floor":[65,65,65,65,65,65,65,65,65,65,65,65,65,65,65,65,65,65,65,65,65,65,65,65,65,65,65,65,65],"card_choices":[{"not_picked":["Shade:FingerOfDeath","Shade:RavenousHorde"],"picked":"Shade:ExtraLimbs","floor":0},{"not_picked":["Shade:WallOfFlesh","Shade:FleshOffering"],"picked":"Shade:RitualOffering","floor":0},{"not_picked":["Shade:Awaken","Shade:AncientSpear"],"picked":"Shade:Bonestorm","floor":0},{"not_picked":["Shade:Frenzy","Shade:AncientSpear"],"picked":"Shade:FeralStrike","floor":0},{"not_picked":["Shade:ClawBack","Shade:AncientSpear"],"picked":"Shade:FleshLikeOak","floor":0},{"not_picked":["Shade:BoneShards","Shade:FingerOfDeath"],"picked":"Shade:Brains","floor":0},{"not_picked":["Shade:FeralStrike","Shade:PoundOfFlesh"],"picked":"Shade:PressTheAttack","floor":0},{"not_picked":["Shade:BoneShards","Shade:Haruspicy"],"picked":"Shade:Bonestorm","floor":0},{"not_picked":["Shade:BoneShards","Shade:Brains"],"picked":"Shade:AncientSpear","floor":0},{"not_picked":["Shade:BoneShards","Shade:LyeBath"],"picked":"Shade:Trample","floor":0},{"not_picked":["Shade:RavenousHorde","Shade:AncientSpear"],"picked":"Shade:Premonition","floor":0},{"not_picked":["Shade:Frenzy","Shade:ClawBack"],"picked":"Shade:Trample","floor":0},{"not_picked":["Shade:Bonestorm","Shade:GoDigging"],"picked":"Shade:Brains","floor":0},{"not_picked":["Shade:SkeletonHug","Shade:Awaken"],"picked":"Shade:SensePrey","floor":0},{"not_picked":["Shade:WallOfFlesh","Shade:GoDigging"],"picked":"Shade:OpenGraves","floor":0},{"not_picked":["Shade:Tombstone","Shade:SoulPierce+1"],"picked":"Shade:LichForm+1","floor":16}],"player_experience":558013,"relics_obtained":[{"floor":1,"key":"hubris:MysteriousPyramids"},{"floor":4,"key":"The Courier"},{"floor":6,"key":"MealTicket"},{"floor":7,"key":"Potion Belt"},{"floor":9,"key":"Akabeko"},{"floor":10,"key":"reliquary:HotPoker"},{"floor":12,"key":"reliquary:Vitrine"},{"floor":14,"key":"hubris:Reverence"},{"floor":18,"key":"White Beast Statue"},{"floor":20,"key":"Ornamental Fan"},{"floor":21,"key":"reliquary:Aerogel"},{"floor":22,"key":"hubris:DuctTape"},{"floor":24,"key":"reliquary:SilkGlove"},{"floor":26,"key":"Matryoshka"}],"event_choices":[{"damage_healed":0,"gold_gain":75,"player_choice":"Gather Gold","damage_taken":11,"max_hp_gain":0,"max_hp_loss":0,"event_name":"World of Goop","floor":3,"gold_loss":0},{"cards_removed":["Shade:Trample"],"damage_healed":0,"gold_gain":0,"player_choice":"Elegance","damage_taken":0,"max_hp_gain":0,"max_hp_loss":0,"event_name":"Back to Basics","floor":19,"gold_loss":0}],"is_beta":false,"boss_relics":[{"not_picked":["hubris:Backtick","reliquary:WritOfMandamus"],"picked":"aspiration:RitualDagger"}],"items_purged_floors":[5],"is_endless":false,"potions_floor_spawned":[6,10,16,20,21,22,24],"ascension_level":0}}