{"host":"xb2tau8pgi8aflss","time":1614345312,"event":{"mods":["AchievementEnabler","BaseMod","Hermit","Minty Spire (QoL Compilation)","StSLib","SuperFastMode"],"gold_per_floor":[111,125,125,150,1,32,32,83,83,421,496,512,512,530,530,658,658,678,6,25,25,25,25,25,25,25,38,38,38,58,101,101,101,101],"floor_reached":33,"language":"KOR","playtime":1007,"items_purged":[],"score":466,"play_id":"6dcc721b-423a-4d39-9a2d-3b75c7482b99","local_time":"20210226221512","is_ascension_mode":true,"campfire_choices":[{"floor":7,"key":"REST"},{"floor":13,"key":"REST"},{"data":"Apotheosis","floor":15,"key":"SMITH"},{"data":"Aggregate","floor":23,"key":"SMITH"},{"data":"Chill","floor":25,"key":"SMITH"},{"floor":28,"key":"REST"},{"floor":32,"key":"REST"}],"circlet_count":0,"master_deck":["Strike_B","Strike_B","Strike_B","Strike_B","Defend_B","Defend_B+1","Defend_B+1","Defend_B","Zap","Dualcast","Apotheosis+1","Hologram+1","Stack","Melter","White Noise","Coolheaded","Chill+1","Biased Cognition","Genetic Algorithm+1","Aggregate+1","Sweeping Beam","Necronomicurse","Defragment","Chill+1"],"relics":["Cracked Core","Golden Idol","Oddly Smooth Stone","Ancient Tea Set","Shuriken","Singing Bowl","Old Coin","SlaversCollar","Bag of Preparation","Matryoshka","Runic Capacitor","Necronomicon","Toxic Egg 2","War Paint","Smiling Mask"],"acts_visited":["Exordium","TheCity"],"potions_floor_usage":[8,8,10,12,12,12,20,20,33],"damage_taken":[{"damage":1,"enemies":"Small Slimes","floor":1,"turns":3},{"damage":2,"enemies":"2 Louse","floor":2,"turns":2},{"damage":6,"enemies":"Cultist","floor":4,"turns":4},{"damage":13,"enemies":"Lagavulin","floor":6,"turns":5},{"damage":15,"enemies":"3 Sentries","floor":8,"turns":5},{"damage":5,"enemies":"Lagavulin","floor":10,"turns":5},{"damage":0,"enemies":"Gremlin Gang","floor":12,"turns":6},{"damage":8,"enemies":"Red Slaver","floor":14,"turns":2},{"damage":0,"enemies":"Hexaghost","floor":16,"turns":9},{"damage":0,"enemies":"Spheric Guardian","floor":18,"turns":3},{"damage":19,"enemies":"2 Thieves","floor":20,"turns":5},{"damage":10,"enemies":"Cultist and Chosen","floor":27,"turns":5},{"damage":0,"enemies":"Sentry and Sphere","floor":30,"turns":3},{"damage":20,"enemies":"Book of Stabbing","floor":31,"turns":6},{"damage":81,"enemies":"Automaton","floor":33,"turns":12}],"seed_played":"-1304494477563659083","potions_obtained":[{"floor":1,"key":"EntropicBrew"},{"floor":8,"key":"SkillPotion"},{"floor":10,"key":"Block Potion"},{"floor":12,"key":"SpeedPotion"},{"floor":16,"key":"Ancient Potion"},{"floor":18,"key":"Weak Potion"},{"floor":31,"key":"Dexterity Potion"}],"is_trial":false,"path_per_floor":["M","M","?","M","$","E","R","E","T","E","?","M","R","M","R","B",null,"M","$","M","$","?","R","?","R","T","M","R","?","M","E","R","B"],"character_chosen":"DEFECT","items_purchased":["Oddly Smooth Stone","Aggregate","Bag of Preparation","Matryoshka","Runic Capacitor","Sweeping Beam"],"campfire_rested":4,"item_purchase_floors":[5,19,19,19,19,19],"current_hp_per_floor":[67,65,48,42,42,29,49,34,34,29,18,20,41,35,35,35,63,63,63,46,46,46,46,30,30,30,22,44,44,44,24,46,0,0],"gold":101,"neow_bonus":"RANDOM_COLORLESS_2","is_daily":false,"chose_seed":false,"campfire_upgraded":3,"win_rate":0.0,"timestamp":1614345312,"path_taken":["M","M","?","M","$","E","R","E","T","E","?","M","R","M","R","BOSS","M","$","M","$","?","R","?","R","T","M","R","?","M","E","R","BOSS"],"items_purchased_type":["Relic","Card","Relic","Relic","Relic","Card"],"build_version":"2020-12-22","purchased_purges":0,"victory":false,"max_hp_per_floor":[68,68,68,68,68,68,68,68,68,68,68,70,70,72,72,72,72,72,72,74,74,74,74,74,74,74,76,76,76,76,76,76,76,76],"card_choices":[{"not_picked":["Violence","HandOfGreed"],"picked":"Apotheosis","floor":0},{"not_picked":["Leap","Doom and Gloom"],"picked":"Hologram","floor":1},{"not_picked":["Gash","Undo"],"picked":"Stack","floor":2},{"not_picked":["Heatsinks","Hologram"],"picked":"Melter","floor":4},{"not_picked":["Lockon","Rip and Tear"],"picked":"White Noise","floor":6},{"not_picked":["Double Energy","Genetic Algorithm"],"picked":"Coolheaded","floor":8},{"not_picked":["Double Energy","Streamline"],"picked":"Chill","floor":10},{"not_picked":["Compile Driver","Ball Lightning","Heatsinks"],"picked":"Singing Bowl","floor":12},{"not_picked":["Streamline","Double Energy","Beam Cell"],"picked":"Singing Bowl","floor":14},{"not_picked":["Machine Learning","Creative AI"],"picked":"Biased Cognition","floor":16},{"not_picked":["Blizzard","Go for the Eyes"],"picked":"Genetic Algorithm+1","floor":18},{"not_picked":["Beam Cell","Compile Driver","Glacier"],"picked":"Singing Bowl","floor":20},{"not_picked":["Turbo+1","Reinforced Body+1","Barrage"],"picked":"Singing Bowl","floor":27},{"not_picked":["Blizzard","Compile Driver"],"picked":"Defragment","floor":30},{"not_picked":["Beam Cell+1","Storm"],"picked":"Chill+1","floor":31}],"player_experience":862283,"relics_obtained":[{"floor":6,"key":"Ancient Tea Set"},{"floor":8,"key":"Shuriken"},{"floor":9,"key":"Singing Bowl"},{"floor":10,"key":"Old Coin"},{"floor":24,"key":"Necronomicon"},{"floor":26,"key":"Toxic Egg 2"},{"floor":26,"key":"War Paint"},{"floor":31,"key":"Smiling Mask"}],"event_choices":[{"damage_healed":0,"gold_gain":0,"player_choice":"Take Damage","damage_taken":17,"relics_obtained":["Golden Idol"],"max_hp_gain":0,"max_hp_loss":0,"event_name":"Golden Idol","floor":3,"gold_loss":0},{"damage_healed":0,"gold_gain":75,"player_choice":"Gather Gold","damage_taken":11,"max_hp_gain":0,"max_hp_loss":0,"event_name":"World of Goop","floor":11,"gold_loss":0},{"damage_healed":0,"gold_gain":0,"player_choice":"Obtained Book","damage_taken":16,"max_hp_gain":0,"max_hp_loss":0,"event_name":"Cursed Tome","floor":24,"gold_loss":0},{"damage_healed":0,"gold_gain":0,"player_choice":"Upgraded","damage_taken":0,"max_hp_gain":0,"max_hp_loss":0,"event_name":"Upgrade Shrine","floor":29,"gold_loss":0,"cards_upgraded":["Hologram"]}],"is_beta":false,"boss_relics":[{"not_picked":["Cursed Key","Calling Bell"],"picked":"SlaversCollar"}],"items_purged_floors":[],"is_endless":false,"potions_floor_spawned":[1,8,10,12,16,18,31],"killed_by":"Automaton","ascension_level":8}}