{"host":"r4fdjn7z3inifdxd","time":1614300979,"event":{"mods":["BaseMod","Minty Spire (QoL Compilation)"],"gold_per_floor":[117,117,129,140,140,140,159,191,191,191,24,24,24,49,49,123,123,142,142,192,117,130,162,174,213,225,20,20,20],"floor_reached":28,"language":"KOR","playtime":1200,"items_purged":["Decay"],"score":549,"play_id":"18c560dc-33db-4596-8d7a-f25c2367a217","local_time":"20210226075619","is_ascension_mode":true,"campfire_choices":[{"data":"Bash","floor":6,"key":"SMITH"},{"floor":10,"key":"REST"},{"data":"Iron Wave","floor":12,"key":"SMITH"},{"data":"Cleave","floor":15,"key":"SMITH"},{"floor":24,"key":"REST"}],"circlet_count":0,"master_deck":["AscendersBane","Defend_R","Defend_R","Defend_R","Defend_R","Bash+1","Wild Strike","Iron Wave+1","Anger","Brutality","Blood for Blood","Sword Boomerang","Cleave+1","Feed","Feed","Offering","True Grit","Bite","Bite","Bite","Bite","Twin Strike","Combust+1","Power Through"],"relics":["Burning Blood","Gambling Chip","Akabeko","Juzu Bracelet","Lee\u0027s Waffle","Frozen Egg 2","Cursed Key","MawBank","Bottled Flame","Shuriken"],"acts_visited":["Exordium","TheCity"],"potions_floor_usage":[16,28],"damage_taken":[{"damage":14,"enemies":"Jaw Worm","floor":1,"turns":4},{"damage":4,"enemies":"Small Slimes","floor":3,"turns":4},{"damage":1,"enemies":"Cultist","floor":4,"turns":3},{"damage":16,"enemies":"Exordium Thugs","floor":7,"turns":4},{"damage":32,"enemies":"3 Sentries","floor":8,"turns":8},{"damage":32,"enemies":"Gremlin Nob","floor":14,"turns":4},{"damage":42,"enemies":"Hexaghost","floor":16,"turns":5},{"damage":18,"enemies":"Shell Parasite","floor":18,"turns":3},{"damage":16,"enemies":"2 Thieves","floor":22,"turns":3},{"damage":73,"enemies":"Book of Stabbing","floor":23,"turns":5},{"damage":32,"enemies":"Gremlin Leader","floor":25,"turns":5},{"damage":45,"enemies":"Cultist and Chosen","floor":28,"turns":4}],"seed_played":"-4914762446487207135","potions_obtained":[{"floor":7,"key":"FairyPotion"},{"floor":8,"key":"PowerPotion"},{"floor":25,"key":"SpeedPotion"}],"is_trial":false,"path_per_floor":["M","?","M","M","?","R","M","E","T","R","$","R","?","E","R","B",null,"M","?","?","?","M","E","R","E","T","$","M"],"character_chosen":"IRONCLAD","items_purchased":["Lee\u0027s Waffle","Power Through","SteroidPotion"],"campfire_rested":2,"item_purchase_floors":[11,27,27],"current_hp_per_floor":[42,42,44,49,49,49,39,13,13,35,82,82,82,56,56,20,67,58,58,58,58,57,21,40,31,31,31,0,0],"gold":20,"neow_bonus":"ONE_RARE_RELIC","is_daily":false,"chose_seed":false,"campfire_upgraded":3,"win_rate":0.0,"timestamp":1614300979,"path_taken":["M","?","M","M","?","R","M","E","T","R","$","R","?","E","R","BOSS","M","?","?","?","M","E","R","E","T","?","M"],"items_purchased_type":["Relic","Card","Potion"],"build_version":"2020-12-22","purchased_purges":1,"victory":false,"max_hp_per_floor":[75,75,75,75,75,75,75,75,75,75,82,82,82,82,82,82,82,85,59,59,59,65,65,65,68,68,68,71,71],"card_choices":[{"not_picked":["Body Slam","Flex"],"picked":"Wild Strike","floor":1},{"not_picked":["Intimidate","Armaments"],"picked":"Iron Wave","floor":3},{"not_picked":["Clothesline","Flex"],"picked":"Anger","floor":4},{"not_picked":["Thunderclap","Metallicize"],"picked":"Sword Boomerang","floor":7},{"not_picked":["Intimidate","Searing Blow"],"picked":"Cleave","floor":8},{"not_picked":["Body Slam","Reckless Charge"],"picked":"Feed","floor":14},{"not_picked":["Feed","Bludgeon"],"picked":"Offering","floor":16},{"not_picked":["Cleave","Wild Strike"],"picked":"True Grit","floor":18},{"not_picked":["Heavy Blade","Juggernaut+1"],"picked":"Twin Strike","floor":22},{"not_picked":["Twin Strike","Armaments","Anger"],"picked":"SKIP","floor":23},{"not_picked":["Burning Pact","Heavy Blade"],"picked":"Combust+1","floor":25}],"player_experience":1892118,"relics_obtained":[{"floor":8,"key":"Akabeko"},{"floor":9,"key":"Juzu Bracelet"},{"floor":14,"key":"Frozen Egg 2"},{"floor":23,"key":"MawBank"},{"floor":25,"key":"Bottled Flame"},{"floor":26,"key":"Shuriken"}],"event_choices":[{"damage_healed":0,"gold_gain":0,"player_choice":"Ignored","damage_taken":0,"max_hp_gain":0,"max_hp_loss":0,"event_name":"Shining Light","floor":2,"gold_loss":0},{"damage_healed":0,"gold_gain":0,"player_choice":"2 cards matched","damage_taken":0,"max_hp_gain":0,"max_hp_loss":0,"event_name":"Match and Keep!","floor":5,"gold_loss":0,"cards_obtained":["Brutality","Blood for Blood"]},{"damage_healed":0,"gold_gain":0,"cards_transformed":["Strike_R"],"player_choice":"Transformed","damage_taken":0,"max_hp_gain":0,"max_hp_loss":0,"event_name":"Transmorgrifier","floor":13,"gold_loss":0,"cards_obtained":["Feed"]},{"damage_healed":0,"gold_gain":0,"player_choice":"Became a vampire","damage_taken":0,"max_hp_gain":0,"max_hp_loss":26,"event_name":"Vampires","floor":19,"gold_loss":0,"cards_obtained":["Bite","Bite","Bite","Bite","Bite"]},{"damage_healed":0,"gold_gain":50,"player_choice":"Stole From Cult","damage_taken":0,"max_hp_gain":0,"max_hp_loss":0,"event_name":"Nest","floor":20,"gold_loss":0},{"cards_removed":["Bite"],"damage_healed":0,"gold_gain":0,"player_choice":"Gave Gold","damage_taken":0,"max_hp_gain":0,"max_hp_loss":0,"event_name":"Beggar","floor":21,"gold_loss":75}],"is_beta":false,"boss_relics":[{"not_picked":["Empty Cage","Runic Dome"],"picked":"Cursed Key"}],"items_purged_floors":[27],"is_endless":false,"potions_floor_spawned":[7,8,14,25],"killed_by":"Cultist and Chosen","ascension_level":20}}