{"host":"oehe2dxjvdgux73m","time":1614348363,"event":{"mods":["AchievementEnabler","BaseMod","Colored Map","Colored Powertips","DeckTracker","Keyboard Shortcuts","Minty Spire (QoL Compilation)","Permanent Neow","Quick Restart","StSLib","SuperFastMode"],"gold_per_floor":[117,65,81,81,91,91,91,91,91,118,129,129,148,162,162,162,162],"floor_reached":16,"language":"KOR","playtime":321,"items_purged":[],"score":204,"play_id":"439f2986-c72f-4ab8-84ca-452a2ee16107","local_time":"20210226230603","is_ascension_mode":true,"campfire_choices":[{"floor":6.0,"key":"DIG"},{"data":"Cloak And Dagger","floor":8.0,"key":"SMITH"},{"data":"Blade Dance","floor":12.0,"key":"SMITH"},{"floor":15.0,"key":"REST"}],"circlet_count":0,"master_deck":["AscendersBane","Strike_G","Strike_G","Strike_G","Strike_G","Strike_G","Defend_G","Defend_G","Defend_G","Defend_G","Defend_G","Survivor","Neutralize","Backflip","Blade Dance+1","Cloak And Dagger","Cloak And Dagger+1","Glass Knife","Terror"],"relics":["Ring of the Snake","Shovel","The Courier","Singing Bowl","Omamori"],"acts_visited":["Exordium"],"potions_floor_usage":[16],"damage_taken":[{"damage":0.0,"enemies":"Jaw Worm","floor":1.0,"turns":6.0},{"damage":1.0,"enemies":"2 Louse","floor":3.0,"turns":2.0},{"damage":0.0,"enemies":"Cultist","floor":5.0,"turns":4.0},{"damage":20.0,"enemies":"Gremlin Nob","floor":10.0,"turns":4.0},{"damage":11.0,"enemies":"Gremlin Gang","floor":11.0,"turns":5.0},{"damage":2.0,"enemies":"2 Fungi Beasts","floor":13.0,"turns":3.0},{"damage":0.0,"enemies":"Exordium Wildlife","floor":14.0,"turns":3.0},{"damage":41,"enemies":"Slime Boss","floor":16,"turns":7}],"seed_played":"630945660182918079","potions_obtained":[{"floor":1.0,"key":"Poison Potion"},{"floor":5.0,"key":"Swift Potion"},{"floor":10.0,"key":"EssenceOfSteel"}],"is_trial":false,"path_per_floor":["M","$","M","?","M","R","?","R","T","E","M","R","M","M","R","B"],"character_chosen":"THE_SILENT","items_purchased":["Blade Dance"],"campfire_rested":1,"item_purchase_floors":[2],"current_hp_per_floor":[44,44,43,48,48,48,48,48,48,28,17,17,17,19,41,0,0],"gold":162,"neow_bonus":"ONE_RARE_RELIC","is_daily":false,"chose_seed":false,"campfire_upgraded":2,"win_rate":0.0,"timestamp":1614348363,"path_taken":["M","$","M","?","M","R","?","R","T","E","M","R","M","M","R","BOSS"],"items_purchased_type":["Card"],"build_version":"2020-12-22","purchased_purges":0,"victory":false,"max_hp_per_floor":[66,66,66,71,71,71,71,71,71,71,71,71,73,75,75,75,75],"card_choices":[{"not_picked":["Accuracy","Deflect"],"picked":"Backflip","floor":1.0},{"not_picked":["PiercingWail","Poisoned Stab"],"picked":"Cloak And Dagger","floor":3.0},{"not_picked":["Caltrops","Sucker Punch"],"picked":"Cloak And Dagger","floor":5.0},{"not_picked":["Calculated Gamble","Deflect"],"picked":"Glass Knife","floor":10.0},{"not_picked":["Caltrops","Crippling Poison"],"picked":"Terror","floor":11.0},{"not_picked":["Flying Knee","Backflip","Dodge and Roll"],"picked":"Singing Bowl","floor":13.0},{"not_picked":["Crippling Poison","Choke","Deflect"],"picked":"Singing Bowl","floor":14.0}],"player_experience":506187,"relics_obtained":[{"floor":6.0,"key":"The Courier"},{"floor":9.0,"key":"Singing Bowl"},{"floor":10.0,"key":"Omamori"}],"event_choices":[{"damage_healed":0.0,"max_hp_gain":5.0,"max_hp_loss":0.0,"gold_gain":0.0,"event_name":"Big Fish","player_choice":"Donut","floor":4.0,"gold_loss":0.0,"damage_taken":0.0},{"damage_healed":0.0,"max_hp_gain":0.0,"max_hp_loss":0.0,"gold_gain":0.0,"event_name":"Scrap Ooze","player_choice":"Fled","floor":7.0,"gold_loss":0.0,"damage_taken":0.0}],"is_beta":false,"boss_relics":[],"items_purged_floors":[],"is_endless":false,"potions_floor_spawned":[1,5,10],"killed_by":"Slime Boss","ascension_level":20}}