{"host":"ishme5wb80o83upk","time":1614331428,"event":{"mods":["Act Like it!","BaseMod","HololiveMod","Minty Spire (QoL Compilation)","StSLib"],"gold_per_floor":[79,94,107,32,32,60,83,110,133,107,142,142,172,191,191,268,268,280,297,308,336,395,425,425,475,522,558,558,558,583,609,609,698,698,725,725,742,775,785,858,882,951,998,1346,1346,1360,1392,1422,1434,1449,1479,1491,1503,1207,1251,1256,1256],"floor_reached":56,"language":"KOR","playtime":4036,"items_purged":["Hololive_Defend","Hololive_Strike+1"],"score":3152,"play_id":"7143c89f-fb8e-4396-b299-0832fdd5026f","local_time":"20210226182348","is_ascension_mode":true,"campfire_choices":[{"data":"Hololive_IdolExercise","floor":15,"key":"SMITH"},{"data":"Hololive_CallSakuraMiko","floor":24,"key":"SMITH"},{"data":"Hololive_CallArtia","floor":28,"key":"SMITH"},{"data":"Hololive_RecruitS","floor":32,"key":"SMITH"},{"floor":45,"key":"RECALL"},{"data":"Hololive_CallHimemoriLuna","floor":49,"key":"SMITH"},{"data":"Hololive_CallFriendA","floor":53,"key":"SMITH"}],"circlet_count":0,"master_deck":["AscendersBane","Hololive_RecruitS+1","Hololive_RecruitS","Hololive_RecruitS","Hololive_RecruitS+1","Hololive_CallHoushouMarine","Hololive_CallTokinoSora","Hololive_CallUruhaRushia","Hololive_IdolExercise+1","Hololive_CallFriendA+1","Hololive_CallArtia+1","Hololive_Thief+1","Hololive_CallAkaiHaato","Hololive_Recruit+1","Hololive_CallDoris+1","Hololive_CallSakuraMiko+1","Hololive_ILoveYou+1","Hololive_CallNatsuiroMatsuri","Hololive_CallHoshimachiSuisei","Hololive_DDD+1","Hololive_CallHimemoriLuna+1","Hololive_CallFriendA+1","Hololive_FlareMind+1","Hololive_CallKiryuuCoco","Hololive_CallRosalyn","Hololive_CallMurasakiShion+1","Hololive_CallCivia","Magnetism","Hololive_CallShirakamiFubuki+1"],"relics":["Hololive_TheStar","Hololive_YagooBigFamily","Singing Bowl","Toy Ornithopter","Odd Mushroom","Toxic Egg 2","Potion Belt","Strawberry","WarpedTongs","Bag of Preparation","Coffee Dripper","Mercury Hourglass","Blue Candle","Nunchaku","Gremlin Horn","Black Star","Question Card","Whetstone","Omamori","Oddly Smooth Stone","MealTicket","Old Coin","MawBank","InkBottle","StrikeDummy","Bottled Lightning"],"acts_visited":["Exordium","TheCity","TheBeyond","TheEnding"],"potions_floor_usage":[6,8,11,22,23,27,38,42,55,55,56,56],"damage_taken":[{"damage":0.0,"enemies":"Cultist","floor":1.0,"turns":5.0},{"damage":0.0,"enemies":"Jaw Worm","floor":2.0,"turns":3.0},{"damage":0.0,"enemies":"Small Slimes","floor":3.0,"turns":2.0},{"damage":0,"enemies":"3 Sentries","floor":6,"turns":6},{"damage":0,"enemies":"The Mushroom Lair","floor":7,"turns":4},{"damage":0,"enemies":"Gremlin Nob","floor":8,"turns":3},{"damage":7,"enemies":"Exordium Thugs","floor":10,"turns":4},{"damage":0,"enemies":"3 Sentries","floor":11,"turns":5},{"damage":0,"enemies":"Gremlin Nob","floor":13,"turns":4},{"damage":1,"enemies":"2 Fungi Beasts","floor":14,"turns":4},{"damage":1,"enemies":"Hexaghost","floor":16,"turns":6},{"damage":0,"enemies":"2 Thieves","floor":18,"turns":3},{"damage":1,"enemies":"Chosen","floor":19,"turns":3},{"damage":1,"enemies":"Snecko","floor":20,"turns":4},{"damage":0,"enemies":"Centurion and Healer","floor":21,"turns":4},{"damage":1,"enemies":"Cultist and Chosen","floor":22,"turns":6},{"damage":1,"enemies":"Gremlin Leader","floor":23,"turns":5},{"damage":2,"enemies":"Book of Stabbing","floor":25,"turns":4},{"damage":1,"enemies":"Slavers","floor":27,"turns":4},{"damage":0,"enemies":"Gremlin Leader","floor":30,"turns":5},{"damage":0,"enemies":"3 Cultists","floor":31,"turns":3},{"damage":0,"enemies":"Collector","floor":33,"turns":7},{"damage":0,"enemies":"3 Darklings","floor":35,"turns":3},{"damage":18,"enemies":"3 Shapes","floor":37,"turns":4},{"damage":0,"enemies":"Writhing Mass","floor":38,"turns":5},{"damage":6,"enemies":"4 Shapes","floor":39,"turns":4},{"damage":0,"enemies":"Giant Head","floor":40,"turns":6},{"damage":0,"enemies":"Jaw Worm Horde","floor":41,"turns":3},{"damage":0,"enemies":"Reptomancer","floor":42,"turns":5},{"damage":0,"enemies":"2 Orb Walkers","floor":44,"turns":4},{"damage":0,"enemies":"Writhing Mass","floor":46,"turns":5},{"damage":0,"enemies":"Giant Head","floor":47,"turns":7},{"damage":0,"enemies":"4 Shapes","floor":48,"turns":3},{"damage":0,"enemies":"Donu and Deca","floor":50,"turns":8},{"damage":0,"enemies":"Time Eater","floor":51,"turns":8},{"damage":11,"enemies":"Shield and Spear","floor":55,"turns":7},{"damage":67,"enemies":"The Heart","floor":56,"turns":9}],"seed_played":"3589957624653258291","potions_obtained":[{"floor":1.0,"key":"LiquidMemories"},{"floor":6,"key":"Strength Potion"},{"floor":7,"key":"FearPotion"},{"floor":10,"key":"DistilledChaos"},{"floor":13,"key":"SpeedPotion"},{"floor":14,"key":"Fruit Juice"},{"floor":21,"key":"Explosive Potion"},{"floor":22,"key":"PowerPotion"},{"floor":30,"key":"Ancient Potion"},{"floor":33,"key":"SmokeBomb"},{"floor":37,"key":"AttackPotion"},{"floor":39,"key":"Swift Potion"},{"floor":41,"key":"Fire Potion"},{"floor":42,"key":"EssenceOfSteel"},{"floor":44,"key":"PowerPotion"}],"is_trial":false,"path_per_floor":["M","M","M","$","T","E","?","E","T","M","E","?","E","M","R","B",null,"M","M","M","M","M","E","R","E","T","E","R","?","E","M","R","B",null,"M","?","M","M","M","E","M","E","T","?","R","M","E","M","R","B","B",null,"R","$","E","B"],"character_chosen":"Hololive_HololiveCharacter","items_purchased":["Magnetism"],"campfire_rested":0,"item_purchase_floors":[54],"current_hp_per_floor":[27,27,27,27,27,27,29,32,32,25,37,37,37,38,38,37,40,40,41,40,40,50,52,52,52,52,56,56,56,56,56,56,56,56,58,58,42,47,41,41,41,46,46,48,48,48,48,50,50,50,50,61,61,64,58,0,0],"gold":1256,"neow_bonus":"UPGRADE_CARD","is_daily":false,"chose_seed":false,"campfire_upgraded":6,"win_rate":0.0,"timestamp":1614331428,"path_taken":["M","M","M","$","?","E","?","E","T","M","E","?","E","M","R","BOSS","M","M","M","M","M","E","R","E","T","E","R","?","E","M","R","BOSS","M","?","M","M","M","E","?","E","T","?","R","M","E","M","R","BOSS","BOSS","R","$","E","BOSS"],"items_purchased_type":["Card"],"build_version":"2020-12-22","purchased_purges":2,"victory":false,"max_hp_per_floor":[30,30,30,30,30,30,32,32,32,32,39,39,39,41,41,41,41,41,43,43,43,50,52,52,54,54,56,56,56,56,56,56,56,56,58,58,60,60,60,60,60,60,60,62,62,62,62,64,64,64,64,64,64,64,64,64,64],"card_choices":[{"not_picked":["Hololive_CocoNews","Hololive_OvertimeWork","Hololive_CallCivia"],"picked":"Hololive_CallHoushouMarine","floor":1.0},{"not_picked":["Hololive_Trident","Hololive_FlyingPonyTail","Hololive_CocoNews"],"picked":"Hololive_CallTokinoSora","floor":2.0},{"not_picked":["Hololive_RevenueBasedLive","Hololive_Rebound","Hololive_Sequa"],"picked":"Hololive_CallUruhaRushia","floor":3.0},{"not_picked":["Hololive_StrengthChampion","Hololive_Sequa","Hololive_LuckPotion"],"picked":"Hololive_IdolExercise","floor":6},{"not_picked":["Hololive_Yoholoon","Hololive_Trident","Hololive_LuckPotion","Hololive_Breathe"],"picked":"Singing Bowl","floor":7},{"not_picked":["Hololive_CallUsadaPekora","Hololive_CallShiroganeNoel","Hololive_CallOmaruPolka"],"picked":"Hololive_CallFriendA","floor":8},{"not_picked":["Hololive_Rebound+1","Hololive_LuckPotion+1","Hololive_RevenueBasedLive+1"],"picked":"Hololive_CallArtia","floor":10},{"not_picked":["Hololive_CallAyundaRisu","Hololive_Breathe+1","Hololive_StrengthChampion"],"picked":"Hololive_Thief+1","floor":11},{"not_picked":["Hololive_ManjiGathering","Hololive_Psychosis","Hololive_CocoNews"],"picked":"Hololive_CallAkaiHaato","floor":13},{"not_picked":["Hololive_RevenueBasedLive+1","Hololive_Breathe+1","Hololive_Trident","Hololive_StrengthChampion"],"picked":"Singing Bowl","floor":14},{"not_picked":["Hololive_Thief+1","Hololive_MaximGun","Hololive_DiamondStrike"],"picked":"Hololive_Recruit+1","floor":16},{"not_picked":["Hololive_LuckPotion+1","Hololive_CallTokoyamiTowa","Hololive_ManjiGathering"],"picked":"Hololive_CallDoris+1","floor":18},{"not_picked":["Hololive_CallOmaruPolka","Hololive_CallShishiroBotan","Hololive_Breathe+1","Hololive_CallDoris"],"picked":"Singing Bowl","floor":19},{"not_picked":["Hololive_CallNatsuiroMatsuri","Hololive_Breathe+1","Hololive_Drill"],"picked":"Hololive_CallSakuraMiko","floor":20},{"not_picked":["Hololive_HuntDinosaur+1","Hololive_Breathe+1","Hololive_Trident"],"picked":"Hololive_ILoveYou+1","floor":21},{"not_picked":["Hololive_CocoNews","Hololive_Drill","Hololive_Rebound+1","Hololive_CallManoAloe"],"picked":"Singing Bowl","floor":22},{"not_picked":["Hololive_FlyingPonyTail+1","Hololive_Rebound+1","Hololive_CallSakuraMiko","Hololive_Psychosis"],"picked":"Singing Bowl","floor":23},{"not_picked":["Hololive_CallInugamiKorone","Hololive_SoulCatcher","Hololive_OvertimeWork","Hololive_DevilCharm+1"],"picked":"Singing Bowl","floor":25},{"not_picked":["Hololive_DiamondStrike","Hololive_Rebound+1","Hololive_Drill","Hololive_CallDoris"],"picked":"Singing Bowl","floor":27},{"not_picked":["Hololive_CallShiroganeNoel","Hololive_CallNekomataOkayu","Hololive_WolfAndLamb+1"],"picked":"Hololive_CallNatsuiroMatsuri","floor":30},{"not_picked":["Hololive_Sequa","Hololive_Watashimo+1","Hololive_CocoNews"],"picked":"Hololive_CallHoshimachiSuisei","floor":31},{"not_picked":["Hololive_DiamondStrike","Hololive_Recruit+1","Hololive_IdolExercise+1"],"picked":"Hololive_DDD+1","floor":33},{"not_picked":["Hololive_Sequa","Hololive_CocoNews","Hololive_CallUruhaRushia","Hololive_Drill+1"],"picked":"Singing Bowl","floor":35},{"not_picked":["Hololive_RevenueBasedLive+1","Hololive_Psychosis","Hololive_Sequa","Hololive_FlyingPonyTail+1"],"picked":"Singing Bowl","floor":37},{"not_picked":["Hololive_FlyingPonyTail+1","Hololive_Sequa","Hololive_LuckPotion+1"],"picked":"Hololive_CallHimemoriLuna","floor":38},{"not_picked":["Hololive_Trident+1","Hololive_Rebound+1","Hololive_CallNatsuiroMatsuri"],"picked":"Hololive_CallFriendA+1","floor":39},{"not_picked":["Hololive_Psychosis","Hololive_LuckPotion+1","Hololive_Sequa"],"picked":"Hololive_FlareMind+1","floor":40},{"not_picked":["Hololive_OvertimeWork+1","Hololive_LuckPotion+1","Hololive_DevilCharm+1","Hololive_Rebound+1"],"picked":"Hololive_CallKiryuuCoco","floor":41},{"not_picked":["Hololive_CallRoboco","Hololive_CallAyundaRisu","Hololive_Breathe+1","Hololive_ILoveYou+1"],"picked":"Hololive_CallRosalyn","floor":42},{"not_picked":["Hololive_FlyingPonyTail+1","Hololive_Drill","Hololive_CallAkiRosenthal","Hololive_Breathe+1","Hololive_CocoNews+1"],"picked":"Singing Bowl","floor":44},{"not_picked":["Hololive_CallInugamiKorone","Hololive_StrengthChampion","Hololive_RevenueBasedLive+1","Hololive_OvertimeWork+1"],"picked":"Hololive_CallMurasakiShion+1","floor":46},{"not_picked":["Hololive_HuntDinosaur+1","Hololive_CocoNews","Hololive_AWSL","Hololive_CallNatsuiroMatsuri"],"picked":"Hololive_CallCivia","floor":47},{"not_picked":["Hololive_HuntDinosaur+1","Hololive_CallAiraniIofifteen","Hololive_RevenueBasedLive+1","Hololive_Drill","Hololive_CallNatsuiroMatsuri+1"],"picked":"Singing Bowl","floor":48},{"not_picked":["Hololive_Psychosis","Hololive_CocoNews","Hololive_Drill","Hololive_CallHimemoriLuna"],"picked":"Hololive_CallShirakamiFubuki+1","floor":55}],"player_experience":1138865,"relics_obtained":[{"floor":5.0,"key":"Singing Bowl"},{"floor":6,"key":"Toy Ornithopter"},{"floor":7,"key":"Odd Mushroom"},{"floor":8,"key":"Toxic Egg 2"},{"floor":9,"key":"Potion Belt"},{"floor":11,"key":"Strawberry"},{"floor":13,"key":"Bag of Preparation"},{"floor":23,"key":"Mercury Hourglass"},{"floor":25,"key":"Blue Candle"},{"floor":27,"key":"Nunchaku"},{"floor":30,"key":"Gremlin Horn"},{"floor":40,"key":"Question Card"},{"floor":40,"key":"Whetstone"},{"floor":42,"key":"Omamori"},{"floor":42,"key":"Oddly Smooth Stone"},{"floor":43,"key":"MealTicket"},{"floor":44,"key":"Old Coin"},{"floor":47,"key":"MawBank"},{"floor":47,"key":"InkBottle"},{"floor":55,"key":"StrikeDummy"},{"floor":55,"key":"Bottled Lightning"}],"event_choices":[{"damage_healed":0,"gold_gain":0,"player_choice":"Fought Mushrooms","damage_taken":0,"max_hp_gain":0,"max_hp_loss":0,"event_name":"Mushrooms","floor":7,"gold_loss":0},{"damage_healed":0,"gold_gain":0,"player_choice":"Rummage","damage_taken":0,"relics_obtained":["WarpedTongs"],"max_hp_gain":0,"max_hp_loss":0,"event_name":"Accursed Blacksmith","floor":12,"gold_loss":0,"cards_obtained":["Pain"]},{"cards_removed":["Pain"],"damage_healed":0,"gold_gain":0,"player_choice":"Elegance","damage_taken":0,"max_hp_gain":0,"max_hp_loss":0,"event_name":"Back to Basics","floor":29,"gold_loss":0},{"damage_healed":0,"gold_gain":0,"player_choice":"Ignored","damage_taken":0,"max_hp_gain":0,"max_hp_loss":0,"event_name":"SecretPortal","floor":36,"gold_loss":0},{"damage_healed":0,"gold_gain":0,"player_choice":"Fight","damage_taken":0,"max_hp_gain":0,"max_hp_loss":0,"event_name":"Mysterious Sphere","floor":44,"gold_loss":0}],"is_beta":false,"boss_relics":[{"not_picked":["Hololive_Finger","Cursed Key"],"picked":"Coffee Dripper"},{"not_picked":["Empty Cage","Fusion Hammer"],"picked":"Black Star"}],"items_purged_floors":[4,54],"is_endless":false,"potions_floor_spawned":[1,6,7,10,13,14,21,22,30,33,37,39,41,42,44],"killed_by":"The Heart","ascension_level":20}}