{"host":"7s0ipaqx8m4pdduf","time":1614383658,"event":{"mods":["BaseMod","BetterRewards","Colored Map","Infinite Spire","Minty Spire (QoL Compilation)","StSLib","SuperFastMode"],"gold_per_floor":[117,192,192,50,64,64,93,111,158,133,144,156,181,211,211,211,211],"floor_reached":16,"language":"ENG","playtime":444,"items_purged":[],"score":312,"play_id":"85ef39ec-c2f5-47f4-8a45-0aa6dfd07007","local_time":"20210227005418","is_ascension_mode":true,"campfire_choices":[{"floor":6.0,"key":"REST"},{"floor":15,"key":"REST"}],"circlet_count":0,"master_deck":["AscendersBane","Strike_G","Strike_G","Strike_G","Strike_G","Defend_G","Defend_G","Defend_G","Defend_G","Defend_G","Survivor","Neutralize","Noxious Fumes","Dagger Spray","Slice","infinitespire:Neurotoxin","Noxious Fumes","Cloak And Dagger","Dash","Sucker Punch","Deadly Poison","Flying Knee","Poisoned Stab","A Thousand Cuts"],"relics":["Ring of the Snake","Bag of Marbles","CaptainsWheel","Omamori","Pen Nib","Smiling Mask","Blood Vial"],"acts_visited":["Exordium"],"potions_floor_usage":[13,16],"damage_taken":[{"damage":0.0,"enemies":"Small Slimes","floor":1.0,"turns":2.0},{"damage":0.0,"enemies":"2 Louse","floor":5.0,"turns":7.0},{"damage":15.0,"enemies":"3 Sentries","floor":7.0,"turns":6.0},{"damage":0.0,"enemies":"Cultist","floor":8.0,"turns":3.0},{"damage":6.0,"enemies":"2 Fungi Beasts","floor":11.0,"turns":3.0},{"damage":3.0,"enemies":"Blue Slaver","floor":12.0,"turns":4.0},{"damage":6,"enemies":"Lagavulin","floor":13,"turns":6},{"damage":40,"enemies":"Slime Boss","floor":16,"turns":9}],"seed_played":"2601211821955173380","potions_obtained":[{"floor":1.0,"key":"Poison Potion"},{"floor":5.0,"key":"EntropicBrew"},{"floor":11.0,"key":"Fire Potion"},{"floor":13,"key":"Energy Potion"}],"is_trial":false,"path_per_floor":["M","?","?","$","M","R","E","M","T","$","M","M","E","?","R","B"],"character_chosen":"THE_SILENT","items_purchased":["Noxious Fumes","Bag of Marbles","Omamori","Dagger Spray","Noxious Fumes","Cloak And Dagger","Deadly Poison"],"campfire_rested":2,"item_purchase_floors":[0,0,0,0,4,4,10],"current_hp_per_floor":[30,19,19,19,19,38,23,23,23,23,17,14,8,8,27,0,0],"gold":211,"neow_bonus":"","is_daily":false,"chose_seed":false,"campfire_upgraded":0,"win_rate":0.0,"timestamp":1614383658,"path_taken":["M","?","?","$","M","R","E","M","T","$","?","M","E","?","R","BOSS"],"items_purchased_type":["Card","Relic","Relic","Card","Card","Card","Card"],"build_version":"2020-12-22","purchased_purges":0,"victory":false,"max_hp_per_floor":[66,66,66,66,66,66,66,66,66,66,66,66,66,66,66,66,66],"card_choices":[{"not_picked":["Dodge and Roll","Prepared"],"picked":"Slice","floor":1.0},{"not_picked":["Backflip","Accuracy"],"picked":"Dash","floor":5.0},{"not_picked":["Cloak And Dagger","Tactician","Riddle With Holes"],"picked":"SKIP","floor":7.0},{"not_picked":["Outmaneuver","Backflip"],"picked":"Sucker Punch","floor":8.0},{"not_picked":["Blade Dance","Outmaneuver"],"picked":"Flying Knee","floor":11.0},{"not_picked":["Dagger Spray","Blade Dance"],"picked":"Poisoned Stab","floor":12.0},{"not_picked":["Quick Slash","Dodge and Roll"],"picked":"A Thousand Cuts","floor":13}],"player_experience":2148377,"relics_obtained":[{"floor":7.0,"key":"Pen Nib"},{"floor":9.0,"key":"Smiling Mask"},{"floor":13,"key":"Blood Vial"}],"event_choices":[{"damage_healed":0.0,"max_hp_gain":0.0,"max_hp_loss":0.0,"gold_gain":75.0,"event_name":"World of Goop","player_choice":"Gather Gold","floor":2.0,"gold_loss":0.0,"damage_taken":11.0},{"damage_healed":0.0,"max_hp_gain":0.0,"max_hp_loss":0.0,"gold_gain":0.0,"cards_transformed":["Strike_G"],"event_name":"Transmorgrifier","player_choice":"Transformed","floor":3.0,"gold_loss":0.0,"damage_taken":0.0,"cards_obtained":["infinitespire:Neurotoxin"]},{"damage_healed":0,"gold_gain":30,"player_choice":"Searched \u00271\u0027 times","damage_taken":0,"max_hp_gain":0,"max_hp_loss":0,"event_name":"Dead Adventurer","floor":14,"gold_loss":0}],"is_beta":false,"boss_relics":[],"items_purged_floors":[],"is_endless":false,"potions_floor_spawned":[1,5,11,13],"killed_by":"Slime Boss","ascension_level":19}}