{"host":"wppa8gky53tnknhf","time":1614354016,"event":{"mods":["AchievementEnabler","Act Like it!","BaseMod","Better Third Choice","BetterRewards","Card Forge","Colored Powertips","Hubris","Infinite Spire","Marked Mod","Minty Spire (QoL Compilation)","Permanent Neow","Quick Restart","Rare Cards Sparkle","Relic Stats","Reliquary","Remove Card Discount Mod","Replay The Spire","Spikes Relics","Spire Birthday Party","StSLib","Wandering Minibosses"],"gold_per_floor":[15,34,30,50,50,74,87,121,144,156,156,951,965,626,626,731,731,748,762,762,772,772,806,806,837,861,861,878,911,929,941,941,1043,1043,1060,1110,1130,1149,1149,1175,1125,1154,1154,1186,1186,1186,865,894,894,894,894,894,710,745,745],"floor_reached":56,"language":"ENG","playtime":1460,"items_purged":[],"score":1383,"play_id":"106035cb-1b78-46a9-9d8d-c3951e833b2a","local_time":"20210226154016","is_ascension_mode":true,"campfire_choices":[{"floor":15,"key":"RECALL"},{"floor":24,"key":"REST"},{"floor":27,"key":"REST"},{"floor":32,"key":"DIG"},{"floor":46,"key":"REST"},{"data":"Spot Weakness","floor":49,"key":"SMITH"},{"floor":52,"key":"REST"}],"circlet_count":0,"master_deck":["Strike_R+1","Strike_R+1","Strike_R+1","Strike_R+1","Strike_R+1","Defend_R+1","Defend_R+1","Defend_R+1","Defend_R+1","Bash+1","Demon Form+1","Perfected Strike+1","Body Slam+1","Heavy Blade+1","Inflame+1","Flex+1","Iron Wave+1","Pummel+1","Spot Weakness+1","Thunderclap+1","Perfected Strike+1","Demon Form+1","Iron Wave+1","Uppercut+1","Body Slam+1","Clash+1","Shrug It Off+1","Entrench+1","Infernal Blade+1","Body Slam+1","Berserk+1","Heavy Blade+1","Sword Boomerang+1","Perfected Strike+1","Body Slam+1","Heavy Blade+1","Spot Weakness+1","Metallicize+1","hubris:DuctTapeCard","Spot Weakness+1","Shrug It Off+1","Shrug It Off+1"],"relics":["Burning Blood","Hammer of Thor","Seething Fire","Anvil of the Gods","hubris:Towel","ReplayTheSpireMod:Spearhead","reliquary:Stiletto","wanderingMiniBosses:MasterThiefsPresence","Anchor","Toy Ornithopter","Painkiller Herb","Ancient Tea Set","Prayer Wheel","MealTicket","BrokenLever","HandDrill","hubris:EvacipatedBox","Vajra","infinitespire:Beetle Shell","reliquary:Knoch","Kunai","Pen Nib","hubris:Backtick","hubris:IronBody","hubris:Zylophone","Replay:Ringing Soul","Juzu Bracelet","reliquary:Firecrackers","hubris:DuctTape","DollysMirror","Snack Pack"],"acts_visited":["Exordium","TheCity","TheBeyond","TheEnding"],"potions_floor_usage":[4,6,7,10,23,23,23,30,48,55],"damage_taken":[{"damage":0,"enemies":"Cultist","floor":1,"turns":3},{"damage":5,"enemies":"Small Slimes","floor":2,"turns":3},{"damage":0,"enemies":"Jaw Worm","floor":3,"turns":6},{"damage":0,"enemies":"Exordium Thugs","floor":4,"turns":2},{"damage":16,"enemies":"3 Sentries","floor":6,"turns":6},{"damage":31,"enemies":"Gremlin Gang","floor":7,"turns":5},{"damage":8,"enemies":"Gremlin Nob","floor":8,"turns":3},{"damage":0,"enemies":"Large Slime","floor":10,"turns":3},{"damage":0,"enemies":"Exordium Wildlife","floor":12,"turns":6},{"damage":0,"enemies":"Red Slaver","floor":13,"turns":2},{"damage":28,"enemies":"Hexaghost","floor":16,"turns":5},{"damage":0,"enemies":"Chosen","floor":18,"turns":3},{"damage":0,"enemies":"Shell Parasite","floor":19,"turns":3},{"damage":0,"enemies":"Snake Plant","floor":21,"turns":2},{"damage":6,"enemies":"Gremlin Leader","floor":23,"turns":3},{"damage":12,"enemies":"Book of Stabbing","floor":25,"turns":3},{"damage":0,"enemies":"Centurion and Healer","floor":28,"turns":2},{"damage":1,"enemies":"Slavers","floor":29,"turns":3},{"damage":0,"enemies":"Shelled Parasite and Fungi","floor":30,"turns":2},{"damage":0,"enemies":"Cultist and Chosen","floor":31,"turns":2},{"damage":25,"enemies":"hubris:MusketHawk","floor":33,"turns":5},{"damage":0,"enemies":"3 Shapes","floor":35,"turns":4},{"damage":0,"enemies":"Mind Bloom Boss Battle","floor":36,"turns":3},{"damage":0,"enemies":"Orb Walker","floor":37,"turns":2},{"damage":4,"enemies":"Sphere and 2 Shapes","floor":38,"turns":5},{"damage":0,"enemies":"Nemesis","floor":40,"turns":3},{"damage":29,"enemies":"Reptomancer","floor":42,"turns":6},{"damage":1,"enemies":"R_Hoarder","floor":44,"turns":5},{"damage":3,"enemies":"Nemesis","floor":48,"turns":7},{"damage":6,"enemies":"Replay:Hell Engine","floor":50,"turns":6},{"damage":0,"enemies":"Shield and Spear","floor":54,"turns":3},{"damage":32,"enemies":"The Heart","floor":55,"turns":8}],"seed_played":"-1050042086076548137","potions_obtained":[{"floor":3,"key":"infinitespire:BlackPotion"},{"floor":4,"key":"Energy Potion"},{"floor":6,"key":"SkillPotion"},{"floor":8,"key":"HeartOfIron"},{"floor":12,"key":"Weak Potion"},{"floor":19,"key":"Dexterity Potion"},{"floor":21,"key":"ColorlessPotion"},{"floor":25,"key":"Block Potion"},{"floor":28,"key":"LiquidBronze"},{"floor":37,"key":"Fire Potion"},{"floor":42,"key":"Ancient Potion"},{"floor":48,"key":"ElixirPotion"}],"is_trial":false,"path_per_floor":["M","M","M","M","?","E","M","E","T","M","?","M","M","$","R","B",null,"?","?","?","?","T","E","T","E","T","T","?","E","?","?","T","B",null,"?","?","?","?","T","E","T","E","T","E","?","T","T","E","T","B",null,"T","T","E","B",null],"character_chosen":"IRONCLAD","items_purchased":["Anchor","Toy Ornithopter","Perfected Strike+1","Prayer Wheel","MealTicket","BrokenLever","HandDrill","hubris:EvacipatedBox","Body Slam","Metallicize","hubris:DuctTape","DollysMirror","Shrug It Off"],"campfire_rested":4,"item_purchase_floors":[14,14,14,22,22,22,22,22,41,47,47,53,53],"current_hp_per_floor":[80,80,80,80,80,70,45,43,43,49,49,55,61,61,61,39,80,80,80,80,80,6,21,45,39,39,63,69,74,80,80,80,61,80,80,80,80,80,80,83,86,66,66,74,51,78,95,95,95,95,95,95,98,98,74],"gold":745,"neow_bonus":"THREE_RARE_CARDS","is_daily":false,"chose_seed":false,"campfire_upgraded":1,"win_rate":0.0,"timestamp":1614354016,"path_taken":["M","M","M","?","?","E","M","E","T","M","?","M","M","$","R","BOSS","?","?","?","?","?","E","T","E","T","T","?","E","?","?","T","BOSS","?","?","?","?","T","E","T","E","T","E","?","T","?","E","T","BOSS","T","T","E","BOSS"],"items_purchased_type":["Relic","Relic","Card","Relic","Relic","Relic","Relic","Relic","Card","Card","Relic","Relic","Card"],"build_version":"2020-12-22","purchased_purges":0,"victory":true,"max_hp_per_floor":[80,80,80,80,80,80,80,80,80,80,80,80,80,80,80,80,80,80,80,80,80,80,80,80,80,80,80,80,80,80,80,80,80,80,80,80,80,80,80,83,86,89,89,92,92,92,95,95,95,95,95,95,98,98,98],"relic_stats":{"counters":[32,124],"Prayer Wheel":12,"MealTicket":14,"Pen Nib":[9],"HandDrill":[14],"Juzu Bracelet":0,"Kunai":[19],"obtain_stats":[{"reliquary:Firecrackers":43,"Vajra":23,"Painkiller Herb":17,"BrokenLever":22,"Hammer of Thor":0,"Juzu Bracelet":42,"Ancient Tea Set":20,"Burning Blood":0,"hubris:EvacipatedBox":22,"Replay:Ringing Soul":40,"hubris:Backtick":34,"DollysMirror":53,"Prayer Wheel":22,"MealTicket":22,"hubris:IronBody":34,"HandDrill":22,"Kunai":29,"hubris:DuctTape":47,"wanderingMiniBosses:MasterThiefsPresence":12,"infinitespire:Beetle Shell":25,"Pen Nib":32,"Seething Fire":0,"hubris:Towel":5,"hubris:Zylophone":36,"ReplayTheSpireMod:Spearhead":6,"Anchor":14,"Anvil of the Gods":0,"reliquary:Stiletto":8,"Snack Pack":54,"reliquary:Knoch":26,"Toy Ornithopter":14},{"reliquary:Firecrackers":27,"Vajra":15,"Painkiller Herb":11,"BrokenLever":14,"Hammer of Thor":0,"Juzu Bracelet":27,"Ancient Tea Set":13,"Burning Blood":0,"hubris:EvacipatedBox":14,"Replay:Ringing Soul":26,"hubris:Backtick":21,"DollysMirror":30,"Prayer Wheel":14,"MealTicket":14,"hubris:IronBody":21,"HandDrill":14,"Kunai":18,"hubris:DuctTape":28,"wanderingMiniBosses:MasterThiefsPresence":9,"infinitespire:Beetle Shell":16,"Pen Nib":20,"Seething Fire":0,"hubris:Towel":4,"hubris:Zylophone":23,"ReplayTheSpireMod:Spearhead":5,"Anchor":10,"Anvil of the Gods":0,"reliquary:Stiletto":7,"Snack Pack":31,"reliquary:Knoch":16,"Toy Ornithopter":10},{"reliquary:Firecrackers":95,"Vajra":55,"Painkiller Herb":44,"BrokenLever":52,"Hammer of Thor":0,"Juzu Bracelet":95,"Ancient Tea Set":50,"Burning Blood":0,"hubris:EvacipatedBox":52,"Replay:Ringing Soul":89,"hubris:Backtick":72,"DollysMirror":113,"Prayer Wheel":52,"MealTicket":52,"hubris:IronBody":72,"HandDrill":52,"Kunai":63,"hubris:DuctTape":100,"wanderingMiniBosses:MasterThiefsPresence":37,"infinitespire:Beetle Shell":58,"Pen Nib":67,"Seething Fire":0,"hubris:Towel":14,"hubris:Zylophone":79,"ReplayTheSpireMod:Spearhead":20,"Anchor":39,"Anvil of the Gods":0,"reliquary:Stiletto":28,"Snack Pack":116,"reliquary:Knoch":58,"Toy Ornithopter":39}],"Burning Blood":109,"Toy Ornithopter":20},"card_choices":[{"not_picked":["Exhume","Barricade"],"picked":"Demon Form","floor":0},{"not_picked":["Entrench","Pommel Strike"],"picked":"Flex","floor":1},{"not_picked":["Headbutt","Bloodletting"],"picked":"Perfected Strike","floor":2},{"not_picked":["Pummel","ReplayTheSpireMod:Strike From Hell"],"picked":"Body Slam","floor":3},{"not_picked":["True Grit","Headbutt"],"picked":"Heavy Blade","floor":4},{"not_picked":["Dropkick","Anger"],"picked":"Inflame","floor":6},{"not_picked":["Replay:Undeath\u0027s Touch","Armaments"],"picked":"Flex","floor":7},{"not_picked":["Warcry","Clothesline"],"picked":"Iron Wave","floor":8},{"not_picked":["Battle Trance","Massacre","Sentinel"],"picked":"SKIP","floor":10},{"not_picked":["Entrench","Battle Trance"],"picked":"Spot Weakness","floor":12},{"not_picked":["Hemokinesis","Warcry"],"picked":"Thunderclap","floor":13},{"not_picked":["Bludgeon","Reaper"],"picked":"Demon Form","floor":16},{"not_picked":["Havoc","True Grit"],"picked":"Iron Wave+1","floor":18},{"not_picked":["Pommel Strike+1","hubris:ReadiedAction"],"picked":"Uppercut","floor":19},{"not_picked":["Replay:Undeath\u0027s Touch","Blood for Blood"],"picked":"Body Slam+1","floor":21},{"not_picked":["Bloodletting","Feel No Pain"],"picked":"Clash+1","floor":23},{"not_picked":["Warcry","Clothesline"],"picked":"Shrug It Off","floor":25},{"not_picked":["Carnage+1","Armaments","Absolvement"],"picked":"SKIP","floor":28},{"not_picked":["hubris:ReadiedAction","Thunderclap","Run Through"],"picked":"SKIP","floor":28},{"not_picked":["Second Wind+1","Clash"],"picked":"Entrench","floor":29},{"not_picked":["Invigoration+1","ReplayTheSpireMod:Strike From Hell+1"],"picked":"Infernal Blade","floor":30},{"not_picked":["Flex","Sentinel+1","Warcry"],"picked":"SKIP","floor":30},{"not_picked":["Armaments","Clash+1"],"picked":"Body Slam+1","floor":31},{"not_picked":["Armaments","Rupture+1"],"picked":"Iron Wave+1","floor":31},{"not_picked":["Corruption","Demonic Infusion"],"picked":"Berserk","floor":33},{"not_picked":["Fire Breathing+1","Wild Strike+1"],"picked":"Heavy Blade","floor":35},{"not_picked":["hubris:SharpeningStone+1","Shrug It Off+1"],"picked":"Iron Wave+1","floor":35},{"not_picked":["Corruption","Wild Strike+1"],"picked":"Sword Boomerang","floor":36},{"not_picked":["Power Through","Warcry","Clothesline+1"],"picked":"SKIP","floor":37},{"not_picked":["Rupture+1","Armaments+1","Clash+1"],"picked":"SKIP","floor":37},{"not_picked":["Dual Wield","ReplayTheSpireMod:Strike From Hell+1","Fire Breathing+1"],"picked":"SKIP","floor":38},{"not_picked":["Replay:Undeath\u0027s Touch+1","ReplayReversal+1","Iron Wave"],"picked":"SKIP","floor":38},{"not_picked":["Warcry","Replay:Undeath\u0027s Touch+1"],"picked":"Perfected Strike","floor":40},{"not_picked":["Havoc+1","Dual Wield+1"],"picked":"Heavy Blade+1","floor":42},{"not_picked":["True Grit","Pommel Strike+1"],"picked":"Spot Weakness","floor":44},{"not_picked":["Iron Wave","Hemokinesis+1","Carnage"],"picked":"SKIP","floor":48},{"not_picked":["Wild Strike","Immolate","Perfected Strike"],"picked":"SKIP","floor":54}],"player_experience":739132,"relics_obtained":[{"floor":6,"key":"ReplayTheSpireMod:Spearhead"},{"floor":8,"key":"reliquary:Stiletto"},{"floor":12,"key":"wanderingMiniBosses:MasterThiefsPresence"},{"floor":23,"key":"Vajra"},{"floor":25,"key":"infinitespire:Beetle Shell"},{"floor":26,"key":"reliquary:Knoch"},{"floor":29,"key":"Kunai"},{"floor":32,"key":"Pen Nib"},{"floor":36,"key":"hubris:Zylophone"},{"floor":40,"key":"Replay:Ringing Soul"},{"floor":42,"key":"Juzu Bracelet"},{"floor":43,"key":"reliquary:Firecrackers"},{"floor":54,"key":"Snack Pack"}],"event_choices":[{"damage_healed":0,"gold_gain":0,"cards_transformed":["Flex"],"player_choice":"Change","damage_taken":0,"max_hp_gain":0,"max_hp_loss":0,"event_name":"Living Wall","floor":11,"gold_loss":0,"cards_obtained":["Pummel"]},{"damage_healed":0,"gold_gain":0,"player_choice":"Stole Relic","damage_taken":0,"relics_obtained":["Ancient Tea Set"],"max_hp_gain":0,"max_hp_loss":0,"event_name":"Addict","floor":20,"gold_loss":0,"cards_obtained":["Shame"]},{"damage_healed":0,"gold_gain":0,"player_choice":"Fight","damage_taken":0,"max_hp_gain":0,"max_hp_loss":0,"event_name":"MindBloom","floor":36,"gold_loss":0}],"is_beta":false,"boss_relics":[{"not_picked":["Runic Cube","Ectoplasm"],"picked":"Painkiller Herb"},{"not_picked":["Abe\u0027s Treasure","reliquary:Craggleroot","reliquary:RedPaperclip"],"picked":"hubris:Backtick"}],"items_purged_floors":[],"is_endless":false,"potions_floor_spawned":[3,4,6,8,12,19,21,25,28,37,42,44,48],"ascension_level":1}}