{"host":"bx8ylsmj2ob6hd5u","time":1614356325,"event":{"mods":["AchievementEnabler","Act Like it!","Aspiration","BaseMod","Colored Map","Downfall","Duelist Mod","Friendly Minions","Gensokyo","GifTheSpireLib","Hallownest","Hermit","HololiveMod","Hubris","Infinite Spire","Jorbs\u0027s Wanderer Trilogy","KinomotoSakuraMod(????)","Kiyohime????","Koishi","KomeijiMod","Lobotomy","LobotomyExtend","Marisa????????","Minty Spire (QoL Compilation)","Prisma Mod","Rare Cards Sparkle","Reimu??????","Remilia??????","Replay The Spire","StSLib","Td1madao Mod","The Administrix","The Animator","The Bug Knight","The Construct","The Cursed","The Disciple","The Hierophant","The Necromancer","The Poker Player","The Runesmith","The Senshi","The Servant 0.9.4","WarShipGirlsR/????R mod"],"gold_per_floor":[11,11,11,11,11,11,29,58,81,100,100,100,100,113,113,209,209,220,220,233,233,250,250,16,16,95,78,3,22,22,340,340,444,444,444,444],"floor_reached":35,"language":"ENG","playtime":2002,"items_purged":["Injury"],"score":378,"play_id":"7d35ba81-3a6f-45d0-9557-d4b0fa8bf7bc","local_time":"20210226181845","is_ascension_mode":false,"campfire_choices":[{"data":"construct:DefenseMode","floor":6,"key":"SMITH"},{"data":"construct:ReactiveShield","floor":11,"key":"SMITH"},{"data":"construct:Enhance","floor":13,"key":"SMITH"},{"data":"construct:Reinforce","floor":15,"key":"SMITH"},{"data":"construct:SpinDrive","floor":23,"key":"SMITH"},{"data":"Gensokyo:TurboGranny","floor":25,"key":"SMITH"},{"data":"construct:ClockworkEgg+1","floor":30,"key":"SMITH"},{"data":"construct:ClockworkEgg+2","floor":32,"key":"SMITH"}],"circlet_count":0,"master_deck":["construct:Strike_Gold","construct:Strike_Gold","construct:Strike_Gold","construct:Strike_Gold","construct:Strike_Gold","construct:Defend_Gold","construct:Defend_Gold","construct:Defend_Gold","construct:Defend_Gold","construct:Defend_Gold","construct:AttackMode+1","construct:DefenseMode+1","construct:PointDefense","construct:Enhance+1","construct:ReactiveShield+1","construct:SuppressiveFire","construct:Reinforce+1","construct:SpinDrive+1","construct:Autoturret+1","construct:FierceBash","construct:ChargeShot","Gensokyo:TurboGranny+1","construct:Analyze+1","construct:SiegeForm+1"],"relics":["construct:Cogwheel","LetterFromLob","Bird Faced Urn","Hololive_LightStick","SlaversCollar","Toxic Egg 2","Molten Egg 2","Frozen Egg 2","construct:ClockworkPhoenix","aspiration:SecretTechniqueScroll"],"acts_visited":["Exordium","Gensokyo:Gensokyo","TheBeyond"],"potions_floor_usage":[8,8,31,33],"damage_taken":[{"damage":2,"enemies":"Gensokyo:Gryphon","floor":1,"turns":6},{"damage":4,"enemies":"Gensokyo:2_Kodama","floor":7,"turns":5},{"damage":77,"enemies":"Gensokyo:Aya","floor":8,"turns":10},{"damage":3,"enemies":"Gensokyo:Python","floor":10,"turns":4},{"damage":0,"enemies":"Gensokyo:2_Rabbits","floor":14,"turns":5},{"damage":7,"enemies":"Gensokyo:Kokoro","floor":16,"turns":13},{"damage":0,"enemies":"Gensokyo:AngelMirror","floor":18,"turns":2},{"damage":34,"enemies":"Gensokyo:Chomper","floor":20,"turns":8},{"damage":56,"enemies":"Gensokyo:Slime_Group","floor":22,"turns":7},{"damage":11,"enemies":"Gensokyo:Wraith","floor":29,"turns":7},{"damage":22,"enemies":"Gensokyo:Chomper_and_Gloop","floor":31,"turns":8},{"damage":19,"enemies":"Gensokyo:Kaguya","floor":33,"turns":11},{"damage":74,"enemies":"3 Darklings","floor":35,"turns":7}],"seed_played":"-279832958464961864","potions_obtained":[{"floor":1,"key":"Strength Potion"},{"floor":7,"key":"CalmPotion"},{"floor":18,"key":"CultistPotion"},{"floor":29,"key":"Block Potion"}],"is_trial":false,"path_per_floor":["M","?","?","?","?","R","M","E","T","M","R","M","R","M","R","B",null,"M","?","M","?","M","R","COS","R","T","?","$","M","R","M","R","B",null,"M"],"character_chosen":"THE_CONSTRUCT_MOD","items_purchased":[],"campfire_rested":0,"item_purchase_floors":[],"current_hp_per_floor":[99,99,99,99,99,99,97,24,24,27,27,27,27,33,33,32,101,101,101,67,67,19,19,19,19,19,67,67,68,68,56,56,49,101,33,33],"gold":444,"neow_bonus":"TWENTY_PERCENT_HP_BONUS","is_daily":false,"chose_seed":false,"campfire_upgraded":8,"win_rate":0.0,"timestamp":1614356325,"path_taken":["M","?","?","?","?","R","M","E","T","M","R","M","R","M","R","BOSS","M","?","?","?","M","R","COS","R","T","?","?","M","R","M","R","BOSS","M"],"items_purchased_type":[],"build_version":"2020-12-22","purchased_purges":1,"victory":false,"max_hp_per_floor":[101,101,101,101,101,101,101,101,101,101,101,101,101,101,101,101,101,101,101,101,101,101,101,101,101,101,101,101,101,101,101,101,101,101,101,101],"card_choices":[{"not_picked":["construct:ScrapCannon","construct:Overcharge"],"picked":"construct:PointDefense","floor":1},{"not_picked":["construct:Isolate","construct:Anticipate"],"picked":"construct:Enhance","floor":7},{"not_picked":["construct:Impenetrable","construct:ForceCore"],"picked":"construct:ReactiveShield","floor":8},{"not_picked":["construct:SyphonStrike","construct:Reinforce"],"picked":"construct:SuppressiveFire","floor":10},{"not_picked":["construct:Forcefield","construct:Autoturret"],"picked":"construct:Reinforce","floor":14},{"not_picked":["construct:HyperBeam","construct:SiegeForm"],"picked":"construct:SpinDrive","floor":16},{"not_picked":["construct:Missile","construct:SaveState+1"],"picked":"construct:Autoturret+1","floor":18},{"not_picked":["construct:FocusedBeam+1","construct:Accumulate"],"picked":"construct:FierceBash","floor":20},{"not_picked":["construct:HardReboot+1","construct:FocusedBeam+1"],"picked":"construct:Reinforce+1","floor":22},{"not_picked":["construct:SaveState+1","construct:Backfire+1"],"picked":"construct:ClockworkEgg+1","floor":29},{"not_picked":["construct:ScrapCannon","construct:Dampening+1"],"picked":"construct:Analyze+1","floor":31},{"not_picked":["construct:ShieldGenerator+1","construct:LongRangeLance+1"],"picked":"construct:SiegeForm+1","floor":33}],"player_experience":1628033,"relics_obtained":[{"floor":1,"key":"LetterFromLob"},{"floor":8,"key":"Hololive_LightStick"},{"floor":26,"key":"Toxic Egg 2"}],"event_choices":[],"is_beta":false,"boss_relics":[{"not_picked":["aspiration:DefectSkillbook","aspiration:MobileForge"],"picked":"SlaversCollar"},{"not_picked":["Black Star","bronze:MakeshiftBattery"],"picked":"aspiration:SecretTechniqueScroll"}],"items_purged_floors":[28],"is_endless":false,"potions_floor_spawned":[1,7,18,29],"killed_by":"3 Darklings","ascension_level":0}}