{"host":"qustdn0y8cxl4low","time":1614340360,"event":{"mods":["Act Like it!","Ascension Reborn","BaseMod","Bestiary","BetterRewards","Colored Powertips","Downfall","Gensokyo","Lobotomy","Minty Spire (QoL Compilation)","Permanent Neow","Remilia（蕾米莉亚）","Replay The Spire","RumiaBox-露米娅的神秘盒子","Ryuuou龙王","Shop Mod","Spicy Shops","StSLib","TestMod","The Blue Laboratory","The Gatherer","Thieving Mod","Yakumo Yukari mod","Youmu（魂魄妖梦）","Yuyuko","everything is the same but u backflip on backflip","noobMod","篝火指南"],"gold_per_floor":[120,120,169,193,216,258,272,224,224,34,2,25,59,78,31,149,149,171,29,73,106,130,25,304,325,354,383,425,82,96,121,18,236,250,316,330,246,246,16,92,39,105,135,187,218,126,9,54,16,331,331],"floor_reached":52,"language":"ZHS","playtime":6311,"items_purged":["Hokma","Parasite"],"score":190,"play_id":"7e809122-450e-441c-9b8b-97e8239f7268","local_time":"20210226195240","is_ascension_mode":true,"campfire_choices":[],"circlet_count":0,"master_deck":["SpecialBullet","SpecialBullet","SpecialBullet","SpecialBullet","SpecialBullet","SpecialBullet","SpecialBullet","DisciplinaryCode","RecordCode","ControlCode","Noise+1","Regret_ego","Christmas","Reverberation","Noise+1","ScreamingWedge","testmod-RepeatForm","Gensokyo:AllTheWorldsEvil","testmod-Reverberation","Regret_ego","ParadiseLost","CurseOfTheBell","Hypocrisy+1","Regret_ego","ReplayTheSpireMod:Restless Dread","DaCapo+1","Strike_R+1","SomewhereSpear+1","DaCapo+1","testmod-Wormhole+1","InformationCode","Ecstasy+1","testmod-Mystery","DaCapo+1","testmod-DisillusionmentEcho+1","TT2Protocol","testmod-Reverberation+1"],"relics":["RabbitCall","ice","testmod-TestBox","testmod-RandomTest","testmod-BatchProcessingSystem","MerchantsRug","Replay:WaspNest","ReplayTheSpireMod:CursedCoin","The Courier","Bag of Marbles","Toxic Egg 2","Ice Cream","Membership Card","CeramicFish","Matryoshka","Replay:Baseball","Blood Vial","testmod-Acrobat","ReplayTheSpireMod:TigerMarble","Happy Flower","testmod-AssaultLearning","ScarletDevilRocket","testmod-Antiphasic","Gremlin Horn","ReplayFunnel","Omamori","Tiny Chest","testmod-TurbochargingSystem","Pet Ghost","Ginger","ClockworkSouvenir","Replay:Wax Seal","SSSystem","Replay:Bandana","Replay:Arrowhead","Coffee Dripper","testmod-IndustrialRevolution","Quantum Egg","Frozen Egg 2","Bronze Scales","testmod-EqualTreatment","Singing Bowl","Golden Egg","Replay:Rubber Ducky","Dream Catcher","Ancient Tea Set","ReplayTheSpireMod:Ninjato","testmod-ArcanaOfDestiny","Bottled Lightning","MagicDraw1","Molten Egg 2","White Beast Statue","InkBottle","testmod-TheFather"],"acts_visited":["Exordium","TheCity","TheCity"],"potions_floor_usage":[],"damage_taken":[{"damage":0,"enemies":"Gensokyo:3_Fairies","floor":1,"turns":2},{"damage":0,"enemies":"Gensokyo:2_Kodama","floor":4,"turns":2},{"damage":5,"enemies":"Gensokyo:Python","floor":5,"turns":3},{"damage":0,"enemies":"Gensokyo:Aya","floor":6,"turns":5},{"damage":6,"enemies":"Gensokyo:VengefulSpirit","floor":7,"turns":4},{"damage":2,"enemies":"Gensokyo:CorruptedTreant","floor":14,"turns":2},{"damage":16,"enemies":"Gensokyo:Reimu","floor":16,"turns":3},{"damage":26,"enemies":"3 Byrds","floor":18,"turns":3},{"damage":24,"enemies":"2 Thieves","floor":21,"turns":2},{"damage":18,"enemies":"Chosen and Byrds","floor":22,"turns":4},{"damage":0,"enemies":"Snecko","floor":24,"turns":2},{"damage":0,"enemies":"Centurion and Healer","floor":25,"turns":1},{"damage":0,"enemies":"Snake Plant","floor":27,"turns":1},{"damage":0,"enemies":"Shelled Parasite and Fungi","floor":28,"turns":1},{"damage":0,"enemies":"Pondfish","floor":33,"turns":3},{"damage":0,"enemies":"Gensokyo:AncientGuardian","floor":35,"turns":1},{"damage":0,"enemies":"Gensokyo:Doremy","floor":40,"turns":1},{"damage":0,"enemies":"Gensokyo:3_Boulders","floor":42,"turns":1},{"damage":0,"enemies":"Gensokyo:Dusk_and_Dawn","floor":44,"turns":1},{"damage":0,"enemies":"Gensokyo:4_Bats","floor":48,"turns":1},{"damage":0,"enemies":"Gensokyo:Yuyuko","floor":50,"turns":1}],"seed_played":"9202580063196498572","potions_obtained":[{"floor":1,"key":"PowerPotion"},{"floor":3,"key":"Swift Potion"},{"floor":4,"key":"Elixir"},{"floor":5,"key":"blueLaboratory:BottleOfVodka"},{"floor":5,"key":"blueLaboratory:BottleOfVodka"},{"floor":14,"key":"blueLaboratory:PhilterOfMotion"},{"floor":14,"key":"Strength Potion"},{"floor":16,"key":"blueLaboratory:FrostheartPotion"},{"floor":18,"key":"Swift Potion"},{"floor":18,"key":"blueLaboratory:TrueEctoplasm"},{"floor":21,"key":"Explosive Potion"},{"floor":21,"key":"SkillPotion"},{"floor":22,"key":"SkillPotion"},{"floor":24,"key":"BlessingOfTheForge"},{"floor":25,"key":"blueLaboratory:SavagePotion"},{"floor":27,"key":"DuplicationPotion"},{"floor":27,"key":"blueLaboratory:BottleOfRum"},{"floor":33,"key":"Fire Potion"},{"floor":35,"key":"blueLaboratory:FruitPreserves"},{"floor":40,"key":"Fire Potion"},{"floor":40,"key":"SkillPotion"},{"floor":42,"key":"blueLaboratory:CorrosionFlask"},{"floor":44,"key":"Explosive Potion"},{"floor":48,"key":"blueLaboratory:BubblePotion"},{"floor":48,"key":"blueLaboratory:PhilterOfMotion"}],"is_trial":false,"path_per_floor":["M","?","?","M","M","E","M","R","T","R","COS","R","$","M","R","B",null,"M","$","?","M","M","R","M","M","T","M","M","R","?","$","R","B",null,"M","?","$","?","COS","E","R","M","T","M","T","$","R","M","R","B",null,null],"character_chosen":"Angela","items_purchased":["MerchantsRug","testmod-RepeatForm","Replay:WaspNest","ReplayTheSpireMod:CursedCoin","testmod-Reverberation","The Courier","Membership Card","BargainBundle","AttackPotion","Fire Potion","testmod-TestPotion","ColorlessPotion","CeramicFish","Matryoshka","Replay:Baseball","testmod-Acrobat","ReplayTheSpireMod:TigerMarble","Happy Flower","testmod-AssaultLearning","testmod-Wormhole+1","Tiny Chest","MawBank","testmod-TurbochargingSystem","War Paint","Pet Ghost","Ginger","ClockworkSouvenir","Replay:Wax Seal","SSSystem","Replay:Bandana","testmod-Mystery","testmod-IndustrialRevolution","Quantum Egg","Frozen Egg 2","testmod-EqualTreatment","testmod-ArcanaOfDestiny","Bottled Lightning","DaCapo+1","MagicDraw1","testmod-DisillusionmentEcho+1","Molten Egg 2","White Beast Statue","InkBottle","testmod-Reverberation+1"],"campfire_rested":0,"item_purchase_floors":[8,10,12,13,13,15,19,19,19,19,19,19,19,19,19,23,23,23,23,23,29,29,29,29,29,29,29,32,32,32,32,37,37,37,41,46,46,46,47,47,47,47,49,49],"current_hp_per_floor":[70,70,70,70,65,65,59,59,59,59,59,59,59,57,57,42,70,44,44,44,20,2,2,5,8,8,11,14,14,8,8,8,11,67,67,67,67,67,67,67,67,71,78,80,80,80,80,82,82,82,82],"gold":331,"neow_bonus":"BOSS_RELIC","is_daily":false,"chose_seed":false,"campfire_upgraded":0,"win_rate":0.0,"timestamp":1614340360,"path_taken":["M","?","?","M","M","E","M","R","T","R","COS","R","$","M","R","BOSS","M","$","?","M","M","R","M","M","T","M","?","R","?","$","R","BOSS","M","?","$","?","COS","E","R","M","T","M","?","?","R","M","R","BOSS"],"items_purchased_type":["Relic","Card","Relic","Relic","Card","Relic","Relic","Relic","Potion","Potion","Potion","Potion","Relic","Relic","Relic","Relic","Relic","Relic","Relic","Card","Relic","Relic","Relic","Relic","Relic","Relic","Relic","Relic","Relic","Relic","Card","Relic","Relic","Relic","Relic","Relic","Relic","Card","Relic","Card","Relic","Relic","Relic","Card"],"build_version":"2020-12-22","purchased_purges":2,"victory":true,"max_hp_per_floor":[70,70,70,70,70,70,70,70,70,70,70,70,70,70,70,70,70,70,67,67,67,67,67,67,67,67,67,67,67,67,67,67,67,67,67,67,67,67,67,67,67,71,78,80,80,80,80,82,82,82,82],"card_choices":[{"not_picked":["Harmony"],"picked":"Noise","floor":1},{"not_picked":["GrinderMk4"],"picked":"Regret_ego","floor":3},{"not_picked":["Amita"],"picked":"Christmas","floor":4},{"not_picked":["Penitence"],"picked":"Reverberation","floor":5},{"not_picked":["WristCuter"],"picked":"Noise","floor":6},{"not_picked":["Pinks"],"picked":"ScreamingWedge","floor":7},{"not_picked":["Christmas"],"picked":"Regret_ego","floor":14},{"not_picked":["GoldRush"],"picked":"ParadiseLost","floor":16},{"not_picked":["Logging"],"picked":"Hypocrisy+1","floor":18},{"not_picked":["BloodyDesire+1"],"picked":"SomewhereSpear+1","floor":21},{"not_picked":["Discord+1"],"picked":"DaCapo+1","floor":22},{"not_picked":["Heaven+1","Horn"],"picked":"SKIP","floor":24},{"not_picked":["FrostShard+1","Heaven+1"],"picked":"SKIP","floor":25},{"not_picked":["Lamp+1","Laetitia_ego+1"],"picked":"SKIP","floor":27},{"not_picked":["BloodyDesire+1"],"picked":"Ecstasy+1","floor":28},{"not_picked":["SwordSharpenedByTears+1","Diffraction+1"],"picked":"SKIP","floor":35},{"not_picked":["Ecstasy+1","Discord+1"],"picked":"SKIP","floor":40},{"not_picked":["CENSORED_ego","Justitia"],"picked":"Singing Bowl","floor":42},{"not_picked":["RedEyes+1","InTheNameOfLoveAndHate+1"],"picked":"Singing Bowl","floor":42},{"not_picked":["Penitence+1","CherryBlossom+1"],"picked":"Singing Bowl","floor":44},{"not_picked":["Heaven+1","ShedSkin+1"],"picked":"Singing Bowl","floor":48}],"player_experience":228982,"relics_obtained":[{"floor":1,"key":"Anchor"},{"floor":3,"key":"Whetstone"},{"floor":6,"key":"Bottled Flame"},{"floor":9,"key":"Replay:Bottled Steam"},{"floor":9,"key":"Orichalcum"},{"floor":16,"key":"Replay:Kaleidoscope"},{"floor":17,"key":"Bag of Marbles"},{"floor":17,"key":"Toxic Egg 2"},{"floor":17,"key":"Ice Cream"},{"floor":22,"key":"Blood Vial"},{"floor":24,"key":"ScarletDevilRocket"},{"floor":26,"key":"testmod-Antiphasic"},{"floor":26,"key":"Gremlin Horn"},{"floor":26,"key":"ReplayFunnel"},{"floor":28,"key":"Omamori"},{"floor":33,"key":"Replay:Arrowhead"},{"floor":40,"key":"Bronze Scales"},{"floor":42,"key":"Golden Egg"},{"floor":43,"key":"Strawberry"},{"floor":43,"key":"Replay:Rubber Ducky"},{"floor":43,"key":"Dream Catcher"},{"floor":45,"key":"Ancient Tea Set"},{"floor":45,"key":"ReplayTheSpireMod:Ninjato"}],"event_choices":[{"damage_healed":0,"gold_gain":0,"player_choice":"4 cards matched","damage_taken":0,"max_hp_gain":0,"max_hp_loss":0,"event_name":"Match and Keep!","floor":20,"gold_loss":0,"cards_obtained":["Regret_ego","ReplayTheSpireMod:Restless Dread","DaCapo","Strike_R"]},{"damage_healed":0,"gold_gain":0,"player_choice":"Damaged","damage_taken":6,"max_hp_gain":0,"max_hp_loss":0,"event_name":"Wheel of Change","floor":30,"gold_loss":0},{"damage_healed":0,"gold_gain":0,"player_choice":"Swap Relic","damage_taken":0,"relics_obtained":["Simple Rune"],"max_hp_gain":0,"max_hp_loss":0,"event_name":"给自己的盒子","floor":38,"relics_lost":["Simple Rune"],"gold_loss":0}],"is_beta":false,"boss_relics":[{"not_picked":["testmod-SaigiyounoYou","Ring of Chaos"],"picked":"Calling Bell"},{"not_picked":["Replay:Wanted Poster","testmod-TimeTraveler"],"picked":"Coffee Dripper"}],"items_purged_floors":[15,19],"is_endless":false,"potions_floor_spawned":[5,14,18,21,27,40,48],"ascension_level":-20}}