{"host":"czzthkrvfe6r7fjf","time":1614329260,"event":{"mods":["ATMod(∞¢Ë™Mod)","Act Like it!","BaseMod","Downfall","GungeonMod","Marisa£®ÏF”Í°°ƒß¿Ì…≥£©","Minty Spire (QoL Compilation)","Quick Restart","StSLib","The Servant 0.9.4","Waifu the Spire","°æπ¶ƒ‹Mod°øªÏ„Á÷Æª∑–ﬁ∏¥≤π∂°"],"gold_per_floor":[114,38,38,38,54,85,99,99,151,151,170,199,213,138,138,235,235,255,225,225],"floor_reached":19,"language":"ZHS","playtime":385,"items_purged":["Regret"],"score":391,"play_id":"7824c2e7-fc75-48fd-aeca-2e5009125a79","local_time":"20210226164740","is_ascension_mode":true,"campfire_choices":[{"data":"AT_IchimonjiDouble","floor":10,"key":"SMITH"},{"data":"AT_Dispersion","floor":15,"key":"SMITH"}],"circlet_count":0,"master_deck":["AscendersBane","Bash","AT_IchimonjiDouble+1","Inflame","Flex","Thunderclap","Dropkick","AT_Dispersion+1","Fiend Fire","AT_CaressingTears","Intimidate","Limit Break","Warcry","Impervious","AT_CaressingTears","Juggernaut","Pommel Strike+1"],"relics":["Burning Blood","AT_ATBox","NeowsBlessing","DemoMod:MemoryAlloy","AT_Kusabimaru","Blood Vial","Mercury Hourglass","Pandora\u0027s Box"],"acts_visited":["Exordium","TheCity"],"potions_floor_usage":[16],"damage_taken":[{"damage":0,"enemies":"2 Louse","floor":1,"turns":1},{"damage":0,"enemies":"Jaw Worm","floor":5,"turns":1},{"damage":0,"enemies":"3 Sentries","floor":6,"turns":2},{"damage":2,"enemies":"Small Slimes","floor":7,"turns":2},{"damage":14,"enemies":"Looter","floor":11,"turns":3},{"damage":37,"enemies":"Lagavulin","floor":12,"turns":6},{"damage":0,"enemies":"Large Slime","floor":13,"turns":3},{"damage":0,"enemies":"Slime Boss","floor":16,"turns":5},{"damage":16,"enemies":"Shell Parasite","floor":18,"turns":4},{"damage":22,"enemies":"2 Thieves","floor":19,"turns":2}],"seed_played":"-5706513557987080935","potions_obtained":[{"floor":7,"key":"Fire Potion"},{"floor":11,"key":"SkillPotion"}],"is_trial":false,"path_per_floor":["M","$","?","?","M","E","M","?","T","R","M","E","M","$","R","B",null,"M","M"],"character_chosen":"IRONCLAD","items_purchased":["Inflame"],"campfire_rested":0,"item_purchase_floors":[2],"current_hp_per_floor":[78,78,62,55,61,67,71,71,71,71,65,36,44,44,44,52,73,65,45,45],"gold":225,"neow_bonus":"THREE_ENEMY_KILL","is_daily":false,"chose_seed":false,"campfire_upgraded":2,"win_rate":0.0,"timestamp":1614329260,"path_taken":["M","$","?","?","M","E","M","?","T","R","M","E","M","?","R","BOSS","M","M"],"items_purchased_type":["Card"],"build_version":"2020-12-22","purchased_purges":1,"victory":false,"max_hp_per_floor":[80,80,80,80,80,80,80,80,80,80,80,80,80,80,80,80,80,80,80,80],"card_choices":[{"not_picked":["Sword Boomerang","AT_ShrugMaster","AT_GerminateFire"],"picked":"SKIP","floor":1},{"not_picked":["Cleave","Headbutt"],"picked":"Flex","floor":5},{"not_picked":["Juggernaut","Sever Soul","Cleave"],"picked":"SKIP","floor":6},{"not_picked":["Armaments","Heavy Blade"],"picked":"Thunderclap","floor":7},{"not_picked":["Evolve","AT_IchimonjiDouble","Clash"],"picked":"SKIP","floor":11},{"not_picked":["Iron Wave","Armaments"],"picked":"Dropkick","floor":12},{"not_picked":["Entrench","Flex"],"picked":"AT_Dispersion","floor":13},{"not_picked":["Havoc+1","Bloodletting+1"],"picked":"Pommel Strike+1","floor":18}],"player_experience":160777,"relics_obtained":[{"floor":6,"key":"DemoMod:MemoryAlloy"},{"floor":9,"key":"Blood Vial"},{"floor":12,"key":"Mercury Hourglass"}],"event_choices":[{"damage_healed":0,"gold_gain":0,"player_choice":"Entered Light","damage_taken":16,"max_hp_gain":0,"max_hp_loss":0,"event_name":"Shining Light","floor":3,"gold_loss":0,"cards_upgraded":["Defend_R","Strike_R"]},{"cards_removed":["Strike_R"],"damage_healed":0,"gold_gain":0,"player_choice":"Card Removal","damage_taken":7,"max_hp_gain":0,"max_hp_loss":0,"event_name":"Golden Wing","floor":4,"gold_loss":0},{"damage_healed":0,"gold_gain":0,"player_choice":"Box","damage_taken":0,"relics_obtained":["AT_Kusabimaru"],"max_hp_gain":0,"max_hp_loss":0,"event_name":"Big Fish","floor":8,"gold_loss":0,"cards_obtained":["Regret"]}],"is_beta":false,"boss_relics":[{"not_picked":["Black Blood","Mark of Pain"],"picked":"Pandora\u0027s Box"}],"items_purged_floors":[14],"is_endless":false,"potions_floor_spawned":[7,11,12],"killed_by":"2 Thieves","ascension_level":11}}