{"host":"92wx9z21c4p52du4","time":1614377934,"event":{"mods":["Act Like it!","BaseMod","ChefMod","Downfall","Evolution","GungeonMod","Infinite Spire","Minty Spire (QoL Compilation)","Relic Stats","Reliquary","Replay The Spire","StSLib","SuperFastMode","The Hierophant","The Runesmith"],"gold_per_floor":[99,99,99,99,24,37,64,90,285,285,285,304,70,80,92,92,92,92],"floor_reached":16,"language":"ENG","playtime":893,"items_purged":["bronze:Strike"],"score":98,"play_id":"ab8c850d-8dae-4d7c-8837-8b584f7f98a8","local_time":"20210226161854","is_ascension_mode":false,"campfire_choices":[{"floor":1,"key":"RECALL"},{"data":"bronze:ForLoop","floor":11,"key":"SMITH"}],"circlet_count":0,"master_deck":["bronze:Strike","bronze:Strike","bronze:Defend","bronze:Defend","bronze:Defend","bronze:Defend","bronze:Replicate","bronze:Goto+1","bronze:WhirlingStrike","bronze:Optimize","bronze:MaxOutput+1","bronze:Safeguard","bronze:ForLoop+1","bronze:Safeguard","Clumsy","bronze:Shield","bronze:ChosenStrike","bronze:Allocate","bronze:BronzeArmor"],"relics":["bronze:BronzeCore","EVO:Axolotl","downfall:HeartsMalice","bronze:SilverBullet","Chemical X"],"acts_visited":["Exordium"],"potions_floor_usage":[15,16,16],"damage_taken":[{"damage":0,"enemies":"Small Slimes","floor":2,"turns":1},{"damage":0,"enemies":"Cultist","floor":3,"turns":1},{"damage":0,"enemies":"downfall:FleeingMerchant","floor":5,"turns":1},{"damage":0,"enemies":"Jaw Worm","floor":6,"turns":3},{"damage":17,"enemies":"Gremlin Nob","floor":8,"turns":5},{"damage":0,"enemies":"Large Slime","floor":12,"turns":6},{"damage":0,"enemies":"downfall:FleeingMerchant","floor":13,"turns":4},{"damage":2,"enemies":"Lots of Slimes","floor":14,"turns":3},{"damage":0,"enemies":"Blue Slaver","floor":15,"turns":3},{"damage":75,"enemies":"DF_ARCHETYPE_STREAMLINE","floor":16,"turns":14}],"seed_played":"-2598984123042180049","potions_obtained":[{"floor":12,"key":"champ:CounterPotion"},{"floor":14,"key":"Fire Potion"},{"floor":15,"key":"Block Potion"}],"is_trial":false,"path_per_floor":["R","M","M","?","$","M","T","E","?","?","R","M","$","M","M","B"],"character_chosen":"THE_AUTOMATON","items_purchased":["Chemical X","bronze:Allocate"],"campfire_rested":0,"item_purchase_floors":[13,13],"current_hp_per_floor":[70,70,70,70,70,70,70,53,36,36,36,36,36,34,34,0,0,0],"gold":92,"neow_bonus":"THREE_ENEMY_KILL","is_daily":false,"chose_seed":false,"campfire_upgraded":1,"win_rate":0.0,"timestamp":1614377934,"path_taken":["R","M","M","?","?","M","T","E","?","?","R","?","$","M","M","BOSS"],"items_purchased_type":["Relic","Card"],"build_version":"2020-12-22","purchased_purges":1,"victory":false,"max_hp_per_floor":[70,70,70,70,70,70,70,70,70,70,70,70,70,70,70,70,70,70],"relic_stats":{"counters":[10,38],"Chemical X":[4],"obtain_stats":[{"bronze:BronzeCore":0,"downfall:HeartsMalice":0,"DemoMod:GlassGuonStoneRelic":5,"EVO:Axolotl":0,"Chemical X":13,"bronze:SilverBullet":8},{"bronze:BronzeCore":0,"downfall:HeartsMalice":0,"DemoMod:GlassGuonStoneRelic":3,"EVO:Axolotl":0,"Chemical X":7,"bronze:SilverBullet":5},{"bronze:BronzeCore":0,"downfall:HeartsMalice":0,"DemoMod:GlassGuonStoneRelic":0,"EVO:Axolotl":0,"Chemical X":18,"bronze:SilverBullet":8}]},"card_choices":[{"not_picked":["bronze:FineTuning","bronze:Backtrace"],"picked":"bronze:WhirlingStrike","floor":2},{"not_picked":["bronze:Return","bronze:FineTuning"],"picked":"bronze:Optimize","floor":3},{"not_picked":["bronze:Branch","bronze:Separator"],"picked":"bronze:MaxOutput","floor":5},{"not_picked":["bronze:Turbo","bronze:Optimize"],"picked":"bronze:Safeguard","floor":6},{"not_picked":["bronze:Philosophize","bronze:Boost"],"picked":"bronze:ForLoop","floor":8},{"not_picked":["bronze:ForceShield","bronze:Branch"],"picked":"bronze:Safeguard","floor":9},{"not_picked":["bronze:DelayedGuard","bronze:Boost"],"picked":"bronze:Shield","floor":12},{"not_picked":["bronze:CutThrough","bronze:Safeguard"],"picked":"bronze:ChosenStrike","floor":13},{"not_picked":["bronze:Allocate","bronze:Overload","bronze:WildBeam"],"picked":"SKIP","floor":14},{"not_picked":["bronze:Deprecate","bronze:FineTuning"],"picked":"bronze:BronzeArmor","floor":15}],"player_experience":377022,"relics_obtained":[{"floor":8,"key":"bronze:SilverBullet"}],"event_choices":[{"cards_removed":["bronze:Strike"],"damage_healed":0,"gold_gain":0,"player_choice":"Offered Basic","damage_taken":0,"max_hp_gain":0,"max_hp_loss":0,"event_name":"Bonfire Elementals","floor":4,"gold_loss":0}],"is_beta":false,"boss_relics":[],"items_purged_floors":[5],"is_endless":false,"potions_floor_spawned":[12,14,15],"killed_by":"DF_ARCHETYPE_STREAMLINE","ascension_level":0}}