{"host":"lku4gktzilv18rfq","time":1614307225,"event":{"mods":["BaseMod","Minty Spire (QoL Compilation)","Permanent Neow","StSLib","thorton"],"gold_per_floor":[21,21,38,38,58,58,92,92,92,127,127,176,176,219,219,229,229,229],"floor_reached":16,"language":"ENG","playtime":30552,"items_purged":[],"score":121,"play_id":"333901db-91b8-4bd1-aff2-4715344ea97b","local_time":"20210225184025","is_ascension_mode":true,"campfire_choices":[{"data":"thethorton:Heckle","floor":6,"key":"SMITH"},{"data":"thethorton:WhirlingBriefcase","floor":8,"key":"SMITH"},{"data":"thethorton:SummonProfit","floor":15,"key":"SMITH"}],"circlet_count":0,"master_deck":["thethorton:Strike","thethorton:Strike","thethorton:Defend","thethorton:Defend","thethorton:Defend","thethorton:Defend","thethorton:Heckle+1","thethorton:CreditCard","thethorton:PocketChange","thethorton:PocketChange","thethorton:WhirlingBriefcase+1","thethorton:AdministrativeActions","thethorton:PowerUp","Juggernaut","thethorton:SummonProfit+1","thethorton:SicklyRun"],"relics":["thethorton:CouragePotion","Darkstone Periapt","Ornamental Fan","Golden Idol","Nunchaku"],"acts_visited":["Exordium"],"potions_floor_usage":[12,14,14],"damage_taken":[{"damage":3,"enemies":"Small Slimes","floor":1,"turns":5},{"damage":11,"enemies":"Cultist","floor":3,"turns":7},{"damage":14,"enemies":"Jaw Worm","floor":5,"turns":8},{"damage":25,"enemies":"Gremlin Nob","floor":7,"turns":5},{"damage":1,"enemies":"3 Louse","floor":10,"turns":4},{"damage":3,"enemies":"Lagavulin","floor":12,"turns":7},{"damage":14,"enemies":"Lots of Slimes","floor":14,"turns":3},{"damage":3,"enemies":"The Guardian","floor":16,"turns":4}],"seed_played":"-1698082275584345269","potions_obtained":[{"floor":1,"key":"Weak Potion"},{"floor":7,"key":"DistilledChaos"},{"floor":12,"key":"Fruit Juice"}],"is_trial":false,"path_per_floor":["M","?","M","$","M","R","E","R","T","M","?","E","?","M","R","B"],"character_chosen":"THE_THORT","items_purchased":[],"campfire_rested":0,"item_purchase_floors":[],"current_hp_per_floor":[65,65,54,54,40,40,15,15,15,14,14,11,11,2,2,0,0,0],"gold":229,"neow_bonus":"REMOVE_TWO","is_daily":false,"chose_seed":false,"campfire_upgraded":3,"win_rate":0.0,"timestamp":1614307225,"path_taken":["M","?","M","$","M","R","E","R","T","?","?","E","?","M","R","BOSS"],"items_purchased_type":[],"build_version":"2020-12-22","purchased_purges":0,"victory":false,"max_hp_per_floor":[68,68,68,68,68,68,68,68,68,68,63,63,63,68,68,68,68,68],"card_choices":[{"not_picked":["thethorton:FeelNoBrain","thethorton:TakeAccounts"],"picked":"thethorton:PocketChange","floor":1},{"not_picked":["thethorton:AngerMoment","thethorton:BusinessCard"],"picked":"thethorton:PocketChange","floor":3},{"not_picked":["thethorton:CallIn","thethorton:LastDitchEffort"],"picked":"thethorton:WhirlingBriefcase","floor":5},{"not_picked":["thethorton:FocusStrength","thethorton:FearfulRun"],"picked":"thethorton:AdministrativeActions","floor":7},{"not_picked":["thethorton:DoubleRun","thethorton:BookBash"],"picked":"thethorton:PowerUp","floor":10},{"not_picked":["After Image","thethorton:Hexaghostify"],"picked":"Juggernaut","floor":12},{"not_picked":["thethorton:AngerMoment","thethorton:BookBash"],"picked":"thethorton:SicklyRun","floor":14}],"player_experience":929150,"relics_obtained":[{"floor":7,"key":"Darkstone Periapt"},{"floor":9,"key":"Ornamental Fan"},{"floor":12,"key":"Nunchaku"}],"event_choices":[{"cards_removed":["thethorton:Strike"],"damage_healed":0,"gold_gain":0,"player_choice":"Purged","damage_taken":0,"max_hp_gain":0,"max_hp_loss":0,"event_name":"Purifier","floor":2,"gold_loss":0},{"damage_healed":0,"gold_gain":0,"player_choice":"Lose Max HP","damage_taken":0,"relics_obtained":["Golden Idol"],"max_hp_gain":0,"max_hp_loss":5,"event_name":"Golden Idol","floor":11,"gold_loss":0},{"damage_healed":0,"gold_gain":0,"player_choice":"1 cards matched","damage_taken":0,"max_hp_gain":0,"max_hp_loss":0,"event_name":"Match and Keep!","floor":13,"gold_loss":0,"cards_obtained":["thethorton:SummonProfit"]},{"damage_healed":0,"gold_gain":0,"player_choice":"1 cards matched","damage_taken":0,"max_hp_gain":0,"max_hp_loss":0,"event_name":"Match and Keep!","floor":13,"gold_loss":0,"cards_obtained":["thethorton:SummonProfit"]}],"is_beta":false,"boss_relics":[],"items_purged_floors":[],"is_endless":false,"potions_floor_spawned":[1,7,12],"killed_by":"The Guardian","ascension_level":2}}