{"host":"drl4gs3853zme1q6","time":1614363880,"event":{"mods":["AchievementEnabler","BaseMod","Colored Map","Colored Powertips","Hermit","Hubris","Infinite Spire","Minty Spire (QoL Compilation)","Replay The Spire","StSLib","The Cursed","The Hierophant"],"gold_per_floor":[113,124,124,170,184,212,223,223,250,250,266,301,301,314,314,415,415,432,445,460,460,480,480,480],"floor_reached":23,"language":"ENG","playtime":1031,"items_purged":[],"score":255,"play_id":"f12ceb0a-de64-4349-b2b6-3e92a091712b","local_time":"20210226122440","daily_mods":["Heirloom","Time Dilation"],"is_ascension_mode":false,"campfire_choices":[{"data":"Zap","floor":8,"key":"SMITH"},{"floor":15,"key":"REST"}],"circlet_count":0,"master_deck":["Strike_B","Strike_B","Strike_B","Strike_B","Defend_B","Defend_B","Defend_B","Defend_B","Zap+1","Streamline","Genetic Algorithm+1","Steam+1","Leap","Go for the Eyes","Cold Snap","Doom and Gloom","Static Discharge","Redo","Capacitor","Defragment+1","infinitespire:Punishment","Go for the Eyes"],"relics":["Cracked Core","infinitespire:Golems Mask","Pantograph","Replay:Wax Seal","MealTicket","Replay:Baseball","Raider\u0027s Mask"],"acts_visited":["Exordium","TheCity"],"potions_floor_usage":[16,16,16,20],"damage_taken":[{"damage":4,"enemies":"2 Louse","floor":1,"turns":3},{"damage":0,"enemies":"Small Slimes","floor":2,"turns":3},{"damage":0,"enemies":"Jaw Worm","floor":5,"turns":3},{"damage":16,"enemies":"3 Sentries","floor":6,"turns":7},{"damage":1,"enemies":"3 Louse","floor":7,"turns":3},{"damage":6,"enemies":"Lots of Slimes","floor":11,"turns":3},{"damage":2,"enemies":"Lagavulin","floor":12,"turns":5},{"damage":0,"enemies":"Exordium Thugs","floor":14,"turns":3},{"damage":0,"enemies":"Hexaghost","floor":16,"turns":6},{"damage":9,"enemies":"2 Thieves","floor":18,"turns":4},{"damage":7,"enemies":"Chosen","floor":19,"turns":4},{"damage":25,"enemies":"Snake Plant","floor":20,"turns":4},{"damage":10,"enemies":"Centurion and Healer","floor":22,"turns":5},{"damage":24,"enemies":"Book of Stabbing","floor":23,"turns":4}],"seed_played":"5874374590479728087","potions_obtained":[{"floor":6,"key":"Reflective Coating"},{"floor":11,"key":"Adrenaline Potion"},{"floor":12,"key":"Energy Potion"},{"floor":14,"key":"LifebloodPotion"},{"floor":16,"key":"Toxic Potion"},{"floor":18,"key":"FocusPotion"},{"floor":19,"key":"SpeedPotion"},{"floor":22,"key":"DuplicationPotion"}],"is_trial":true,"path_per_floor":["M","M","?","?","M","E","M","R","T","?","M","E","?","M","R","B",null,"M","M","M","AVR","M","E"],"character_chosen":"DEFECT","items_purchased":[],"campfire_rested":1,"item_purchase_floors":[],"current_hp_per_floor":[71,71,71,71,71,55,54,54,54,54,48,46,46,46,68,75,75,66,59,34,34,24,0,0],"gold":480,"neow_bonus":"","is_daily":false,"chose_seed":false,"campfire_upgraded":1,"win_rate":0.0,"timestamp":1614363880,"path_taken":["M","M","?","?","M","E","M","R","T","?","?","E","?","M","R","BOSS","M","M","M","AVR","M","E"],"items_purchased_type":[],"build_version":"2020-12-22","purchased_purges":0,"victory":false,"max_hp_per_floor":[75,75,75,75,75,75,75,75,75,75,75,75,75,75,75,75,75,75,75,75,75,75,75,75],"card_choices":[{"not_picked":["Turbo","Steam Power"],"picked":"Streamline","floor":1},{"not_picked":["Panic Button","Loop"],"picked":"Genetic Algorithm","floor":2},{"not_picked":["Panic Button","Consume"],"picked":"Leap","floor":4},{"not_picked":["Stack","Lockon"],"picked":"Go for the Eyes","floor":4},{"not_picked":["Recycle","Sunder"],"picked":"Cold Snap","floor":5},{"not_picked":["ReplaySort","Leap"],"picked":"Doom and Gloom","floor":6},{"not_picked":["Compile Driver","Steam","Time Bomb"],"picked":"SKIP","floor":7},{"not_picked":["Sunder","Conserve Battery"],"picked":"Static Discharge","floor":11},{"not_picked":["Aggregate","Barrage"],"picked":"Redo","floor":12},{"not_picked":["ReplayGash","Skim","Scrape"],"picked":"SKIP","floor":14},{"not_picked":["Redo","Scrape"],"picked":"Capacitor","floor":18},{"not_picked":["Streamline","Lockon","Force Field"],"picked":"SKIP","floor":19},{"not_picked":["Rip and Tear","Sunder"],"picked":"Defragment+1","floor":20},{"not_picked":["Sunder","ReplayGash"],"picked":"Go for the Eyes","floor":22}],"player_experience":407355,"relics_obtained":[{"floor":4,"key":"Pantograph"},{"floor":6,"key":"Replay:Wax Seal"},{"floor":9,"key":"MealTicket"},{"floor":12,"key":"Replay:Baseball"}],"event_choices":[{"damage_healed":0,"gold_gain":0,"player_choice":"Grow","damage_taken":0,"max_hp_gain":0,"max_hp_loss":0,"event_name":"Living Wall","floor":10,"gold_loss":0,"cards_upgraded":["Genetic Algorithm"]},{"damage_healed":0,"gold_gain":0,"player_choice":"Ignored","damage_taken":0,"max_hp_gain":0,"max_hp_loss":0,"event_name":"Transmorgrifier","floor":13,"gold_loss":0}],"is_beta":false,"boss_relics":[{"not_picked":["ReplayTheSpireMod:DimensionalGlitch","Velvet Choker","hubris:GrandSneckoEye"]}],"items_purged_floors":[],"is_endless":false,"potions_floor_spawned":[6,11,12,14,16,18,19,22],"killed_by":"Book of Stabbing","ascension_level":0}}