{"host":"0ke4ewd6kv0tgkyi","time":1614309750,"event":{"mods":["2.2 Compatiblity","Act Like it!","Aspiration","BaseMod","Conspire","Elementarium","Fox Events","Gensokyo","Gremlin Mod","Hallownest","Hermit","Highlight Path","Hubris","JesterMod","Menagerie","Minty Spire (QoL Compilation)","Pale of the Ancients","Permanent Neow","Quarter Circle Forward PUNCH!","Reliquary","Ruina","Shade Mod","StSLib","The Alterego","The Bug Knight","The Gatherer","The Judge","The Valiant","The Wild Card","The Witch","TheVacant","Yuri Mod","thorton"],"gold_per_floor":[116,130,60,60,77,77,92,92,92,119,119,148,161,86,86,86,86],"floor_reached":16,"language":"ENG","playtime":2170,"items_purged":["HollowMod:QuickDashStart"],"score":114,"play_id":"50f819bc-747c-498d-b941-0d61b185696c","local_time":"20210225192230","is_ascension_mode":true,"campfire_choices":[{"data":"HollowMod:GreatSlash","floor":6,"key":"SMITH"},{"data":"HollowMod:GreatSlash","floor":8,"key":"SMITH"},{"data":"HollowMod:PogoStrike","floor":11,"key":"SMITH"},{"data":"HollowMod:GoodIntentions","floor":15,"key":"SMITH"}],"circlet_count":0,"master_deck":["HollowMod:NailStrikeStart","HollowMod:QuickDashStart","HollowMod:QuickDashStart+1","HollowMod:QuickDashStart+1","HollowMod:FocusHealStart","HollowMod:PogoStrike+1","HollowMod:GreatSlash+1","HollowMod:GreatSlash+1","Heel Hook","Die Die Die","Bane","HollowMod:CornifersMapStart","HollowMod:GoodIntentions+1"],"relics":["HollowMod:VesselMask","Huge Egg","reliquary:SilkGlove"],"acts_visited":["Exordium"],"potions_floor_usage":[2,10,12,12,12,13],"damage_taken":[{"damage":3,"enemies":"Gensokyo:2_Kodama","floor":1,"turns":3},{"damage":0,"enemies":"Gensokyo:Python","floor":2,"turns":2},{"damage":0,"enemies":"Gensokyo:Gryphon","floor":5,"turns":3},{"damage":6,"enemies":"Gensokyo:CorruptedTreant","floor":7,"turns":3},{"damage":12,"enemies":"Gensokyo:Mamizou","floor":10,"turns":8},{"damage":28,"enemies":"conspire:MimicChest","floor":12,"turns":8},{"damage":6,"enemies":"Gensokyo:Gryphon_and_Rabbit","floor":13,"turns":3},{"damage":75,"enemies":"Gensokyo:Kokoro","floor":16,"turns":14}],"seed_played":"6057051171318229553","potions_obtained":[{"floor":0,"key":"EntropicBrew"},{"floor":0,"key":"Fire Potion"},{"floor":0,"key":"SteroidPotion"},{"floor":1,"key":"Dexterity Potion"},{"floor":2,"key":"Swift Potion"},{"floor":7,"key":"DistilledChaos"},{"floor":12,"key":"LiquidBronze"}],"is_trial":false,"path_per_floor":["M","M","?","?","M","R","M","R","T","E","R","?","M","$","R","B"],"character_chosen":"THE_BUGKNIGHT","items_purchased":[],"campfire_rested":0,"item_purchase_floors":[],"current_hp_per_floor":[72,72,72,72,75,75,69,69,69,63,63,41,41,41,41,0,0],"gold":86,"neow_bonus":"THREE_SMALL_POTIONS","is_daily":false,"chose_seed":false,"campfire_upgraded":4,"win_rate":0.0,"timestamp":1614309750,"path_taken":["M","M","?","?","?","R","M","R","T","E","R","?","M","$","R","BOSS"],"items_purchased_type":[],"build_version":"2020-12-22","purchased_purges":1,"victory":false,"max_hp_per_floor":[75,75,75,75,75,75,75,75,75,75,75,75,75,75,75,75,75],"card_choices":[{"not_picked":["HollowMod:SoulSplash","HollowMod:VengefulSpirit"],"picked":"HollowMod:GreatSlash","floor":1},{"not_picked":["HollowMod:SoulVessel","HollowMod:DashSlash"],"picked":"HollowMod:GreatSlash","floor":2},{"not_picked":["HollowMod:WraithStrike","HollowMod:SoulVessel","HollowMod:CornifersMapStart"],"picked":"SKIP","floor":5},{"not_picked":["HollowMod:NewLittleFool","HollowMod:HeavyBlow"],"picked":"HollowMod:CornifersMapStart","floor":7},{"not_picked":["HollowMod:SiblingsSouls","HollowMod:ShadowDash","HollowMod:SoulStrike"],"picked":"SKIP","floor":10},{"not_picked":["HollowMod:NewJinnsSoul","HollowMod:SoulSplash"],"picked":"HollowMod:GoodIntentions","floor":13}],"player_experience":1077486,"relics_obtained":[{"floor":10,"key":"Huge Egg"},{"floor":12,"key":"reliquary:SilkGlove"}],"event_choices":[],"is_beta":false,"boss_relics":[],"items_purged_floors":[14],"is_endless":false,"potions_floor_spawned":[1,2,5,7,12],"killed_by":"Gensokyo:Kokoro","ascension_level":3}}