{"host":"wri98rxht4656ll8","time":1614382377,"event":{"mods":["AchievementEnabler","BaseMod","Colored Map","Colored Powertips","Minty Spire (QoL Compilation)","Permanent Neow","StSLib"],"gold_per_floor":[112,112,124,136,159,202,225,250,288,300,312,357,223,239,239,342,342,353,353,369,369,380,414,446,3,84,98,198,226,226,242,242,342,342,360,460,472,488,498,498,527,544,544,544,569,582,611,626,626,626,626,626,109,139,139],"floor_reached":56,"language":"ENG","playtime":3398,"items_purged":[],"score":1774,"play_id":"9697d398-166d-4c2d-95c5-b569093fb521","local_time":"20210227003257","is_ascension_mode":true,"campfire_choices":[{"data":"Corruption","floor":11,"key":"SMITH"},{"data":"Whirlwind","floor":15,"key":"SMITH"},{"data":"Barricade","floor":30,"key":"SMITH"},{"floor":32,"key":"RECALL"},{"data":"Sentinel","floor":40,"key":"SMITH"},{"floor":44,"key":"REST"},{"data":"Body Slam","floor":49,"key":"SMITH"},{"data":"Flame Barrier","floor":52,"key":"SMITH"}],"circlet_count":0,"master_deck":["Defend_R","Defend_R","Bash+1","Corruption+1","Havoc","Ghostly Armor","True Grit","Sentinel+1","Whirlwind+1","Shrug It Off","Barricade+1","Sentinel+1","Whirlwind+1","Shrug It Off+1","Flame Barrier+1","Shrug It Off","Feed","Whirlwind+1","Burning Pact+1","Armaments+1","Shrug It Off","True Grit+1","Shrug It Off+1","Seeing Red+1","Body Slam+1","Body Slam+1"],"relics":["Burning Blood","Dead Branch","MawBank","Bronze Scales","Centennial Puzzle","Mercury Hourglass","Orrery","Empty Cage","Turnip","Red Mask","Singing Bowl","Whetstone","Meat on the Bone","Torii","Astrolabe","Eternal Feather","Pear","Sundial","InkBottle","White Beast Statue"],"acts_visited":["Exordium","TheCity","TheBeyond","TheEnding"],"potions_floor_usage":[55,55],"damage_taken":[{"damage":11,"enemies":"2 Louse","floor":1,"turns":4},{"damage":0,"enemies":"Small Slimes","floor":5,"turns":5},{"damage":58,"enemies":"Lagavulin","floor":6,"turns":10},{"damage":4,"enemies":"Cultist","floor":7,"turns":3},{"damage":8,"enemies":"Large Slime","floor":8,"turns":9},{"damage":17,"enemies":"Gremlin Nob","floor":12,"turns":4},{"damage":3,"enemies":"Exordium Thugs","floor":14,"turns":2},{"damage":12,"enemies":"Slime Boss","floor":16,"turns":6},{"damage":3,"enemies":"Shell Parasite","floor":18,"turns":3},{"damage":6,"enemies":"Chosen","floor":20,"turns":4},{"damage":6,"enemies":"Centurion and Healer","floor":22,"turns":2},{"damage":3,"enemies":"Book of Stabbing","floor":23,"turns":3},{"damage":0,"enemies":"Masked Bandits","floor":24,"turns":3},{"damage":6,"enemies":"Snecko","floor":27,"turns":3},{"damage":11,"enemies":"Gremlin Leader","floor":29,"turns":4},{"damage":6,"enemies":"3 Cultists","floor":31,"turns":1},{"damage":8,"enemies":"Collector","floor":33,"turns":9},{"damage":3,"enemies":"3 Darklings","floor":35,"turns":1},{"damage":5,"enemies":"3 Shapes","floor":37,"turns":3},{"damage":0,"enemies":"Jaw Worm Horde","floor":38,"turns":2},{"damage":6,"enemies":"3 Darklings","floor":39,"turns":2},{"damage":5,"enemies":"Reptomancer","floor":41,"turns":3},{"damage":36,"enemies":"4 Shapes","floor":42,"turns":4},{"damage":12,"enemies":"Nemesis","floor":45,"turns":7},{"damage":8,"enemies":"Maw","floor":46,"turns":7},{"damage":0,"enemies":"Giant Head","floor":47,"turns":6},{"damage":4,"enemies":"Spire Growth","floor":48,"turns":5},{"damage":29,"enemies":"Awakened One","floor":50,"turns":7},{"damage":4,"enemies":"Shield and Spear","floor":54,"turns":3},{"damage":1,"enemies":"The Heart","floor":55,"turns":5}],"seed_played":"-6070581060071564695","potions_obtained":[{"floor":1,"key":"PowerPotion"},{"floor":7,"key":"LiquidMemories"},{"floor":12,"key":"SneckoOil"},{"floor":14,"key":"Fire Potion"},{"floor":20,"key":"FairyPotion"},{"floor":47,"key":"Dexterity Potion"}],"is_trial":false,"path_per_floor":["M","?","?","$","M","E","M","M","T","?","R","E","$","M","R","B",null,"M","?","M","?","M","E","?","$","T","M","?","E","R","M","R","B",null,"M","?","M","M","M","R","E","M","T","R","E","M","E","M","R","B",null,"R","$","E","B",null],"character_chosen":"IRONCLAD","items_purchased":["Orrery","Flame Barrier","Singing Bowl","Whetstone","Sundial","InkBottle"],"campfire_rested":1,"item_purchase_floors":[13,25,25,25,53,53],"current_hp_per_floor":[75,72,72,72,78,26,28,26,26,80,80,69,69,72,72,66,77,80,80,80,80,80,80,80,80,80,80,80,77,77,79,79,77,82,84,84,86,88,90,90,90,62,62,89,87,85,103,105,108,85,102,108,108,108,108],"gold":139,"neow_bonus":"ONE_RARE_RELIC","is_daily":false,"chose_seed":false,"campfire_upgraded":6,"win_rate":0.0,"timestamp":1614382377,"path_taken":["M","?","?","$","M","E","M","?","T","?","R","E","$","M","R","BOSS","M","?","M","?","?","E","?","$","T","M","?","E","R","?","R","BOSS","M","?","?","M","M","R","E","M","T","R","E","M","E","M","R","BOSS","R","$","E","BOSS"],"items_purchased_type":["Relic","Card","Relic","Relic","Relic","Relic"],"build_version":"2020-12-22","purchased_purges":0,"victory":true,"max_hp_per_floor":[80,80,80,80,80,80,80,80,80,80,80,80,80,80,80,80,80,80,80,80,80,80,80,80,80,80,80,80,82,82,84,84,84,84,84,84,86,88,90,90,90,92,92,92,96,96,108,108,108,108,108,108,108,108,108],"card_choices":[{"not_picked":["Warcry","Inflame"],"picked":"Disarm","floor":1},{"not_picked":["Blood for Blood","Infernal Blade","Bloodletting"],"picked":"SKIP","floor":5},{"not_picked":["Clash","Cleave","Dual Wield"],"picked":"SKIP","floor":6},{"not_picked":["Hemokinesis","Flex","Rampage"],"picked":"SKIP","floor":7},{"not_picked":["Flame Barrier","Hemokinesis"],"picked":"Corruption","floor":8},{"not_picked":["Thunderclap","Flame Barrier"],"picked":"Havoc","floor":12},{"not_picked":["Pommel Strike","Wild Strike"],"picked":"Ghostly Armor","floor":13},{"not_picked":["Battle Trance","Disarm"],"picked":"True Grit","floor":13},{"not_picked":["Evolve","Pommel Strike"],"picked":"Sentinel","floor":13},{"not_picked":["Offering","Battle Trance"],"picked":"Whirlwind","floor":13},{"not_picked":["Clothesline","Dropkick"],"picked":"Shrug It Off","floor":14},{"not_picked":["Impervious","Brutality"],"picked":"Barricade","floor":16},{"not_picked":["Thunderclap+1","Rampage+1"],"picked":"Sentinel+1","floor":18},{"not_picked":["Cleave","Reckless Charge"],"picked":"Whirlwind+1","floor":20},{"not_picked":["Dropkick","Spot Weakness","Cleave"],"picked":"SKIP","floor":22},{"not_picked":["Blood for Blood","Iron Wave","Clothesline"],"picked":"SKIP","floor":23},{"not_picked":["Warcry","Havoc+1"],"picked":"Shrug It Off+1","floor":24},{"not_picked":["Clash+1","Twin Strike"],"picked":"Shrug It Off","floor":27},{"not_picked":["Warcry+1","Exhume","Sever Soul"],"picked":"Singing Bowl","floor":29},{"not_picked":["Disarm","Wild Strike","Rampage"],"picked":"Singing Bowl","floor":31},{"not_picked":["Exhume","Immolate"],"picked":"Feed","floor":33},{"not_picked":["Heavy Blade+1","Clothesline+1"],"picked":"Shrug It Off","floor":35},{"not_picked":["Twin Strike","Warcry","Clash"],"picked":"Singing Bowl","floor":37},{"not_picked":["True Grit","Thunderclap+1","Brutality"],"picked":"Singing Bowl","floor":38},{"not_picked":["Whirlwind","Armaments","Dropkick"],"picked":"Singing Bowl","floor":39},{"not_picked":["Metallicize+1","Rampage+1"],"picked":"True Grit+1","floor":41},{"not_picked":["Inflame","Clash","Thunderclap"],"picked":"Singing Bowl","floor":42},{"not_picked":["Perfected Strike+1","Cleave+1"],"picked":"Shrug It Off+1","floor":45},{"not_picked":["Reaper","Uppercut+1"],"picked":"Seeing Red+1","floor":46},{"not_picked":["Havoc","Cleave+1","Heavy Blade"],"picked":"Singing Bowl","floor":47},{"not_picked":["Combust+1","Clash+1"],"picked":"Body Slam","floor":48},{"not_picked":["Shockwave+1","Anger"],"picked":"Body Slam+1","floor":54}],"player_experience":251738,"relics_obtained":[{"floor":6,"key":"Bronze Scales"},{"floor":9,"key":"Centennial Puzzle"},{"floor":12,"key":"Mercury Hourglass"},{"floor":23,"key":"Turnip"},{"floor":24,"key":"Red Mask"},{"floor":26,"key":"Meat on the Bone"},{"floor":29,"key":"Torii"},{"floor":45,"key":"Eternal Feather"},{"floor":47,"key":"Pear"},{"floor":54,"key":"White Beast Statue"}],"event_choices":[{"damage_healed":0,"gold_gain":0,"player_choice":"Success","damage_taken":3,"relics_obtained":["MawBank"],"max_hp_gain":0,"max_hp_loss":0,"event_name":"Scrap Ooze","floor":2,"gold_loss":0},{"cards_removed":["Writhe"],"damage_healed":0,"gold_gain":0,"player_choice":"Purged","damage_taken":0,"max_hp_gain":0,"max_hp_loss":0,"event_name":"Purifier","floor":3,"gold_loss":0},{"cards_removed":["Disarm"],"damage_healed":54,"gold_gain":0,"player_choice":"Offered Uncommon","damage_taken":0,"max_hp_gain":0,"max_hp_loss":0,"event_name":"Bonfire Elementals","floor":10,"gold_loss":0},{"cards_removed":["Strike_R"],"damage_healed":0,"gold_gain":0,"player_choice":"Elegance","damage_taken":0,"max_hp_gain":0,"max_hp_loss":0,"event_name":"Back to Basics","floor":19,"gold_loss":0},{"cards_removed":["Strike_R"],"damage_healed":0,"gold_gain":0,"player_choice":"Purged","damage_taken":0,"max_hp_gain":0,"max_hp_loss":0,"event_name":"Purifier","floor":21,"gold_loss":0},{"damage_healed":0,"gold_gain":0,"player_choice":"Fought Bandits","damage_taken":0,"max_hp_gain":0,"max_hp_loss":0,"event_name":"Masked Bandits","floor":24,"gold_loss":0},{"damage_healed":0,"gold_gain":100,"player_choice":"Pray","damage_taken":0,"max_hp_gain":0,"max_hp_loss":0,"event_name":"Golden Shrine","floor":28,"gold_loss":0},{"damage_healed":0,"gold_gain":100,"player_choice":"Pray","damage_taken":0,"max_hp_gain":0,"max_hp_loss":0,"event_name":"Golden Shrine","floor":36,"gold_loss":0}],"is_beta":false,"boss_relics":[{"not_picked":["Philosopher\u0027s Stone","Runic Cube"],"picked":"Empty Cage"},{"not_picked":["Snecko Eye","Runic Pyramid"],"picked":"Astrolabe"}],"items_purged_floors":[],"is_endless":false,"potions_floor_spawned":[1,7,12,14,20,22,24,27,35,39,46,47,48,54],"ascension_level":5}}