{"host":"uv66p6go6cz1pwn8","time":1614357822,"event":{"mods":["BaseMod","Colored Map","Highlight Path","Minty Spire (QoL Compilation)","Permanent Neow","Rare Cards Sparkle","StSLib","UnlockEverythingMod"],"gold_per_floor":[18,18,41,60,80,80,104,144,144,144,144,183,183,201,201,332,332,353,388,688,715,715,746,418,436,463,484,609,609,630,666,666,785,785,809,886,886,951,964,964,984,984,1011,1026,410,451,476,32,32,32],"floor_reached":51,"language":"ENG","playtime":2966,"items_purged":["Strike_R","Shame"],"score":797,"play_id":"674ccdc9-a214-45ad-b43d-2b42f0a69e38","local_time":"20210226164342","is_ascension_mode":false,"campfire_choices":[{"data":"Power Through","floor":6.0,"key":"SMITH"},{"floor":11.0,"key":"REST"},{"data":"Carnage","floor":13.0,"key":"SMITH"},{"data":"True Grit","floor":15.0,"key":"SMITH"},{"floor":32,"key":"REST"},{"data":"Fire Breathing","floor":40,"key":"SMITH"},{"data":"Shame","floor":49,"key":"PURGE"}],"circlet_count":0,"master_deck":["Strike_R","Strike_R","Defend_R","Defend_R","Defend_R","Defend_R","Bash+1","Thunderclap","Power Through+1","Rupture","Seeing Red","Carnage+1","Intimidate+1","True Grit+1","Reaper+1","Shrug It Off","Fire Breathing+1","Mayhem","Battle Trance","Shockwave+1","Shrug It Off","Armaments","Inflame+1","Clothesline+1","Brutality+1","Disarm","Decay","Sword Boomerang+1","Mayhem+1","Sword Boomerang","Fire Breathing+1","Fire Breathing+1","Hemokinesis"],"relics":["Burning Blood","Golden Idol","Juzu Bracelet","Tiny Chest","Self Forming Clay","Spirit Poop","Darkstone Periapt","Cursed Key","Red Mask","Old Coin","Bag of Marbles","Nilry\u0027s Codex","Dream Catcher","Art of War","TungstenRod","Frozen Egg 2","Lizard Tail","Snecko Eye","Peace Pipe","Akabeko","Strange Spoon","War Paint","Pear","Whetstone","Chemical X"],"acts_visited":["Exordium","TheCity","TheBeyond"],"potions_floor_usage":[33,33,39,50],"damage_taken":[{"damage":8.0,"enemies":"Small Slimes","floor":1.0,"turns":4.0},{"damage":5.0,"enemies":"Jaw Worm","floor":4.0,"turns":4.0},{"damage":1.0,"enemies":"Cultist","floor":5.0,"turns":4.0},{"damage":22.0,"enemies":"Red Slaver","floor":7.0,"turns":7.0},{"damage":31.0,"enemies":"3 Sentries","floor":8.0,"turns":12.0},{"damage":28.0,"enemies":"Gremlin Nob","floor":12.0,"turns":5.0},{"damage":0.0,"enemies":"2 Fungi Beasts","floor":14.0,"turns":5.0},{"damage":41.0,"enemies":"Hexaghost","floor":16.0,"turns":13.0},{"damage":10.0,"enemies":"3 Byrds","floor":18.0,"turns":8.0},{"damage":32.0,"enemies":"Masked Bandits","floor":19.0,"turns":8.0},{"damage":21.0,"enemies":"Book of Stabbing","floor":23.0,"turns":7.0},{"damage":11.0,"enemies":"Chosen","floor":25.0,"turns":5.0},{"damage":8.0,"enemies":"3 Cultists","floor":27.0,"turns":4.0},{"damage":13.0,"enemies":"Colosseum Slavers","floor":28.0,"turns":6.0},{"damage":15.0,"enemies":"Colosseum Nobs","floor":28.0,"turns":5.0},{"damage":8,"enemies":"Sentry and Sphere","floor":30,"turns":5},{"damage":38,"enemies":"Gremlin Leader","floor":31,"turns":8},{"damage":37,"enemies":"Collector","floor":33,"turns":10},{"damage":30,"enemies":"3 Darklings","floor":35,"turns":7},{"damage":40,"enemies":"2 Orb Walkers","floor":38,"turns":5},{"damage":9,"enemies":"Orb Walker","floor":39,"turns":3},{"damage":27,"enemies":"Transient","floor":41,"turns":5},{"damage":21,"enemies":"Writhing Mass","floor":44,"turns":5},{"damage":19,"enemies":"Giant Head","floor":46,"turns":7},{"damage":8,"enemies":"Jaw Worm Horde","floor":47,"turns":3},{"damage":33,"enemies":"Time Eater","floor":50,"turns":12}],"seed_played":"6750447361825423221","potions_obtained":[{"floor":4.0,"key":"BlessingOfTheForge"},{"floor":5.0,"key":"Regen Potion"},{"floor":12.0,"key":"Fire Potion"},{"floor":18.0,"key":"LiquidBronze"},{"floor":19.0,"key":"EntropicBrew"},{"floor":28.0,"key":"AttackPotion"},{"floor":30,"key":"Weak Potion"},{"floor":31,"key":"Weak Potion"},{"floor":41,"key":"LiquidBronze"},{"floor":46,"key":"ElixirPotion"}],"is_trial":false,"path_per_floor":["M","?","T","M","M","R","M","E","T","?","R","E","R","M","R","B",null,"M","?","?","T","?","E","$","M","T","M","?","?","M","E","R","B",null,"M","T","?","?","M","R","M","?","T","M","$","E","M","$","R","B",null],"character_chosen":"IRONCLAD","items_purchased":["Mayhem","Battle Trance","Strange Spoon","War Paint","Mayhem+1","SpeedPotion","Fire Breathing+1","Hemokinesis","Whetstone","Chemical X"],"campfire_rested":2,"item_purchase_floors":[24,24,45,45,45,45,48,48,48,48],"current_hp_per_floor":[78,78,78,79,80,80,64,39,39,39,63,55,55,61,61,26,80,80,58,58,64,48,40,40,41,47,63,50,50,48,26,53,22,92,80,86,92,78,75,75,64,91,97,82,82,83,90,90,90,63],"gold":32,"neow_bonus":"REMOVE_TWO","is_daily":false,"chose_seed":false,"campfire_upgraded":4,"win_rate":0.0,"timestamp":1614357822,"path_taken":["M","?","?","M","M","R","M","E","T","?","R","E","R","M","R","BOSS","M","?","?","?","?","E","$","M","T","M","?","?","M","E","R","BOSS","M","?","?","?","M","R","M","?","T","M","$","E","M","$","R","BOSS"],"items_purchased_type":["Card","Card","Relic","Relic","Card","Potion","Card","Card","Relic","Relic"],"build_version":"2020-12-22","purchased_purges":2,"victory":true,"max_hp_per_floor":[80,80,80,80,80,80,80,80,80,80,80,80,80,80,80,80,80,80,80,80,86,86,86,86,86,92,92,92,92,92,92,92,92,92,92,98,104,104,104,104,104,91,97,97,97,107,107,107,107,107],"card_choices":[{"not_picked":["Body Slam","Seeing Red"],"picked":"Thunderclap","floor":1.0},{"not_picked":["Warcry","Flex"],"picked":"Power Through","floor":4.0},{"not_picked":["Headbutt","Wild Strike"],"picked":"Rupture","floor":5.0},{"not_picked":["Body Slam","Havoc"],"picked":"Seeing Red","floor":7.0},{"not_picked":["Clothesline","Dual Wield"],"picked":"Carnage","floor":8.0},{"not_picked":["Havoc","Iron Wave"],"picked":"Intimidate","floor":12.0},{"not_picked":["Intimidate","Pummel"],"picked":"True Grit","floor":14.0},{"not_picked":["Juggernaut","Feed"],"picked":"Reaper","floor":16.0},{"not_picked":["Thunderclap","Sever Soul"],"picked":"Shrug It Off","floor":18.0},{"not_picked":["Wild Strike","True Grit"],"picked":"Fire Breathing","floor":19.0},{"not_picked":["True Grit","Bloodletting","Warcry"],"picked":"SKIP","floor":23.0},{"not_picked":["Sentinel","Infernal Blade","Rupture"],"picked":"SKIP","floor":25.0},{"not_picked":["True Grit","Pommel Strike"],"picked":"Shockwave","floor":27.0},{"not_picked":["Bloodletting","Carnage+1"],"picked":"Shrug It Off","floor":28.0},{"not_picked":["Searing Blow+1","Clothesline"],"picked":"Armaments","floor":30},{"not_picked":["Sword Boomerang","Immolate"],"picked":"Inflame+1","floor":31},{"not_picked":["Burning Pact","Evolve+1"],"picked":"Clothesline+1","floor":32},{"not_picked":["Fiend Fire","Impervious"],"picked":"Brutality+1","floor":33},{"not_picked":["Pummel","Infernal Blade"],"picked":"Disarm","floor":35},{"not_picked":["Warcry+1","Entrench"],"picked":"Sword Boomerang+1","floor":39},{"not_picked":["Burning Pact+1","Headbutt+1","Shrug It Off+1"],"picked":"SKIP","floor":41},{"not_picked":["Body Slam+1","Heavy Blade+1","Blood for Blood"],"picked":"SKIP","floor":44},{"not_picked":["Impervious","Havoc"],"picked":"Sword Boomerang","floor":46},{"not_picked":["Reckless Charge+1","Uppercut+1"],"picked":"Fire Breathing+1","floor":47}],"player_experience":124099,"relics_obtained":[{"floor":3.0,"key":"Juzu Bracelet"},{"floor":8.0,"key":"Tiny Chest"},{"floor":9.0,"key":"Self Forming Clay"},{"floor":12.0,"key":"Darkstone Periapt"},{"floor":19.0,"key":"Red Mask"},{"floor":21.0,"key":"Bag of Marbles"},{"floor":22.0,"key":"Nilry\u0027s Codex"},{"floor":23.0,"key":"Dream Catcher"},{"floor":26.0,"key":"Art of War"},{"floor":28.0,"key":"TungstenRod"},{"floor":28.0,"key":"Frozen Egg 2"},{"floor":31,"key":"Lizard Tail"},{"floor":38,"key":"Peace Pipe"},{"floor":43,"key":"Akabeko"},{"floor":46,"key":"Pear"}],"event_choices":[{"damage_healed":0.0,"max_hp_gain":0.0,"max_hp_loss":0.0,"gold_gain":0.0,"event_name":"Golden Idol","player_choice":"Take Wound","floor":2.0,"gold_loss":0.0,"damage_taken":0.0,"relics_obtained":["Golden Idol"],"cards_obtained":["Injury"]},{"cards_removed":["Injury"],"damage_healed":0.0,"max_hp_gain":0.0,"max_hp_loss":0.0,"gold_gain":0.0,"event_name":"Bonfire Elementals","player_choice":"Offered Curse","floor":10.0,"gold_loss":0.0,"damage_taken":0.0,"relics_obtained":["Spirit Poop"]},{"damage_healed":0.0,"max_hp_gain":0.0,"max_hp_loss":0.0,"gold_gain":0.0,"event_name":"Masked Bandits","player_choice":"Fought Bandits","floor":19.0,"gold_loss":0.0,"damage_taken":0.0},{"damage_healed":0.0,"max_hp_gain":0.0,"max_hp_loss":0.0,"gold_gain":0.0,"event_name":"The Mausoleum","player_choice":"Opened","floor":20.0,"gold_loss":0.0,"damage_taken":0.0,"relics_obtained":["Old Coin"]},{"damage_healed":0.0,"max_hp_gain":0.0,"max_hp_loss":0.0,"gold_gain":0.0,"event_name":"Cursed Tome","player_choice":"Obtained Book","floor":22.0,"gold_loss":0.0,"damage_taken":16.0},{"damage_healed":0.0,"max_hp_gain":0.0,"max_hp_loss":0.0,"gold_gain":0.0,"event_name":"Colosseum","player_choice":"Fight","floor":28.0,"gold_loss":0.0,"damage_taken":0.0},{"damage_healed":0.0,"max_hp_gain":0.0,"max_hp_loss":0.0,"gold_gain":0.0,"event_name":"Colosseum","player_choice":"Fought Nobs","floor":28.0,"gold_loss":0.0,"damage_taken":0.0},{"cards_removed":["Pain","Regret"],"damage_healed":0.0,"max_hp_gain":0.0,"max_hp_loss":0.0,"gold_gain":0.0,"event_name":"Fountain of Cleansing","player_choice":"Removed Curses","floor":29.0,"gold_loss":0.0,"damage_taken":0.0},{"damage_healed":0,"gold_gain":0,"player_choice":"Cursed","damage_taken":0,"max_hp_gain":0,"max_hp_loss":0,"event_name":"Wheel of Change","floor":37,"gold_loss":0,"cards_obtained":["Decay"]},{"damage_healed":0,"gold_gain":0,"player_choice":"Fight","damage_taken":0,"max_hp_gain":0,"max_hp_loss":0,"event_name":"Mysterious Sphere","floor":38,"gold_loss":0},{"damage_healed":91,"gold_gain":0,"player_choice":"Heal","damage_taken":0,"max_hp_gain":0,"max_hp_loss":13,"event_name":"The Moai Head","floor":42,"gold_loss":0}],"is_beta":false,"boss_relics":[{"not_picked":["Runic Cube","Philosopher\u0027s Stone"],"picked":"Cursed Key"},{"not_picked":["Runic Pyramid","Sozu"],"picked":"Snecko Eye"}],"items_purged_floors":[24,45],"is_endless":false,"potions_floor_spawned":[4,5,12,18,19,28,30,31,41,46],"ascension_level":0}}