{"host":"7wi4qgm5yw4j7oz0","time":1614351970,"event":{"mods":["AchievementEnabler","BaseMod","Block Reminder","Colored Map","Colored Powertips","Highlight Path","Minty Spire (QoL Compilation)","Permanent Neow","Random Character Button","StSLib","SuperFastMode","everything is the same but u backflip on backflip"],"gold_per_floor":[114,39,39,54,71,71,71,104,159,177,187,187,187,99,99,175,175,185,28,28,32,32,32,32],"floor_reached":23,"language":"KOR","playtime":762,"items_purged":["Strike_R"],"score":359,"play_id":"658d5801-844a-4fda-ae6b-ab818469b8e5","local_time":"20210227000610","is_ascension_mode":true,"campfire_choices":[{"floor":7,"key":"REST"},{"data":"Blood for Blood","floor":12,"key":"SMITH"},{"data":"Dual Wield","floor":15,"key":"SMITH"}],"circlet_count":0,"master_deck":["AscendersBane","Strike_R","Strike_R","Strike_R","Strike_R","Defend_R","Defend_R","Defend_R","Defend_R","Bash","Blind","Pommel Strike","Hemokinesis","Shrug It Off","Blood for Blood+1","Spot Weakness","Cleave","Dual Wield+1","Reaper","Shrug It Off","Double Tap","Disarm","Power Through","Seeing Red","Ghostly","Ghostly","Ghostly","Evolve"],"relics":["Burning Blood","Bag of Marbles","Bag of Preparation","SacredBark","Orrery"],"acts_visited":["Exordium","TheCity"],"potions_floor_usage":[8,15,23],"damage_taken":[{"damage":19,"enemies":"Jaw Worm","floor":1,"turns":4},{"damage":8,"enemies":"2 Louse","floor":4,"turns":2},{"damage":23,"enemies":"Small Slimes","floor":5,"turns":3},{"damage":30,"enemies":"Gremlin Nob","floor":8,"turns":4},{"damage":5,"enemies":"Looter","floor":10,"turns":2},{"damage":10,"enemies":"Exordium Wildlife","floor":11,"turns":4},{"damage":22,"enemies":"The Guardian","floor":16,"turns":12},{"damage":36,"enemies":"Shell Parasite","floor":18,"turns":5},{"damage":10,"enemies":"2 Thieves","floor":21,"turns":5},{"damage":42,"enemies":"Slavers","floor":23,"turns":4}],"seed_played":"-1380201806351658178","potions_obtained":[{"floor":4,"key":"Weak Potion"},{"floor":10,"key":"Dexterity Potion"},{"floor":11,"key":"BloodPotion"},{"floor":16,"key":"CultistPotion"},{"floor":21,"key":"Energy Potion"}],"is_trial":false,"path_per_floor":["M","$","?","M","M","$","R","E","T","M","M","R","?","$","R","B",null,"M","$","?","M","?","E"],"character_chosen":"IRONCLAD","items_purchased":["Dual Wield","Orrery"],"campfire_rested":1,"item_purchase_floors":[14,19],"current_hp_per_floor":[55,55,55,53,36,36,58,34,34,35,31,31,31,31,46,30,64,40,40,37,37,37,0,0],"gold":32,"neow_bonus":"RANDOM_COLORLESS","is_daily":false,"chose_seed":false,"campfire_upgraded":2,"win_rate":0.0,"timestamp":1614351970,"path_taken":["M","$","?","M","M","?","R","E","T","?","M","R","?","$","R","BOSS","M","$","?","M","?","E"],"items_purchased_type":["Card","Relic"],"build_version":"2020-12-22","purchased_purges":1,"victory":false,"max_hp_per_floor":[75,75,75,75,75,75,75,75,75,75,75,75,75,75,75,75,75,75,75,37,37,37,37,37],"card_choices":[{"not_picked":["Dramatic Entrance","Enlightenment"],"picked":"Blind","floor":0},{"not_picked":["Dark Embrace","Pummel"],"picked":"Pommel Strike","floor":1},{"not_picked":["True Grit","Sword Boomerang"],"picked":"Hemokinesis","floor":4},{"not_picked":["Inflame","True Grit"],"picked":"Shrug It Off","floor":5},{"not_picked":["Ghostly Armor","Juggernaut"],"picked":"Blood for Blood","floor":8},{"not_picked":["Flex","Heavy Blade"],"picked":"Spot Weakness","floor":10},{"not_picked":["Twin Strike","Blood for Blood"],"picked":"Cleave","floor":11},{"not_picked":["Demon Form","Juggernaut"],"picked":"Reaper","floor":16},{"not_picked":["Pummel","Cleave"],"picked":"Shrug It Off","floor":18},{"not_picked":["Burning Pact","Sword Boomerang"],"picked":"Double Tap","floor":19},{"not_picked":["Shrug It Off","Reckless Charge"],"picked":"Disarm","floor":19},{"not_picked":["Shrug It Off","Clothesline+1"],"picked":"Power Through","floor":19},{"not_picked":["True Grit","Pommel Strike+1"],"picked":"Seeing Red","floor":19},{"not_picked":["Hemokinesis","Rupture","Sever Soul"],"picked":"SKIP","floor":21}],"player_experience":382123,"relics_obtained":[{"floor":8,"key":"Bag of Marbles"},{"floor":9,"key":"Bag of Preparation"}],"event_choices":[{"damage_healed":0,"gold_gain":0,"player_choice":"Ignored","damage_taken":0,"max_hp_gain":0,"max_hp_loss":0,"event_name":"Liars Game","floor":3,"gold_loss":0},{"damage_healed":0,"gold_gain":0,"player_choice":"Ignored","damage_taken":0,"max_hp_gain":0,"max_hp_loss":0,"event_name":"Shining Light","floor":13,"gold_loss":0},{"damage_healed":0,"gold_gain":0,"player_choice":"Became a Ghost","damage_taken":0,"max_hp_gain":0,"max_hp_loss":38,"event_name":"Ghosts","floor":20,"gold_loss":0,"cards_obtained":["Ghostly","Ghostly","Ghostly"]},{"damage_healed":0,"gold_gain":0,"player_choice":"Read","damage_taken":0,"max_hp_gain":0,"max_hp_loss":0,"event_name":"The Library","floor":22,"gold_loss":0,"cards_obtained":["Evolve"]}],"is_beta":false,"boss_relics":[{"not_picked":["Velvet Choker","Busted Crown"],"picked":"SacredBark"}],"items_purged_floors":[2],"is_endless":false,"potions_floor_spawned":[4,10,11,16,21],"killed_by":"Slavers","ascension_level":18}}