{"host":"nn0usk9aafse27ii","time":1614361186,"event":{"mods":["BaseMod","Colored Map","Downfall","Highlight Path","Minty Spire (QoL Compilation)","Shop Mod","StSLib"],"gold_per_floor":[99,118,135,135,148,18,18,18,193,21,21,46,46,46,59,159,159,59,69,81,81,181,207,207,207,207,207],"floor_reached":25,"language":"ENG","playtime":2543,"items_purged":[],"score":242,"play_id":"3afb8940-f4a7-4a17-8a2e-97f2ca2217fe","local_time":"20210226093946","is_ascension_mode":false,"campfire_choices":[{"floor":1.0,"key":"RECALL"},{"data":"Guardian:FuturePlans","floor":8.0,"key":"SMITH"},{"data":"Guardian:Clone","floor":11.0,"key":"SMITH"},{"data":"Guardian:Orbwalk","floor":13.0,"key":"SMITH"},{"data":"Guardian:StasisStrike","floor":18.0,"key":"SMITH"}],"circlet_count":0,"master_deck":["Guardian:Strike_Guardian+1","Guardian:Strike_Guardian","Guardian:Strike_Guardian","Guardian:Strike_Guardian","Guardian:Defend_Guardian","Guardian:Defend_Guardian+1","Guardian:Defend_Guardian","Guardian:Defend_Guardian","Guardian:CurlUp","Guardian:TwinSlam","Guardian:Incinerate+1","Guardian:ShieldCharger","downfall:Malfunctioning","Guardian:FuturePlans+1","Guardian:Clone+1","Guardian:Orbwalk+1","Doubt","Guardian:ChargeCore","Guardian:RevengeProtocol","Guardian:TimeBomb","Guardian:FastForward","Guardian:Emergency","Guardian:Clone+1","Guardian:ChargeCore","Guardian:StasisStrike+1","Guardian:PiercingHide","Guardian:PrimingBeam+1","Guardian:TimeCapacitor"],"relics":["Guardian:ModeShifter","Strawberry","WingedGreaves","Orrery","Potion Belt","Busted Crown","downfall:HeartBlessingRed","StoneCalendar","Pantograph","StrikeDummy","Molten Egg 2"],"acts_visited":["Exordium","TheCity"],"potions_floor_usage":[22,23,23],"damage_taken":[{"damage":9.0,"enemies":"2 Louse","floor":2.0,"turns":3.0},{"damage":7.0,"enemies":"Small Slimes","floor":3.0,"turns":4.0},{"damage":0.0,"enemies":"Cultist","floor":5.0,"turns":4.0},{"damage":0.0,"enemies":"downfall:FleeingMerchant","floor":6.0,"turns":4.0},{"damage":15.0,"enemies":"downfall:FleeingMerchant","floor":10.0,"turns":4.0},{"damage":0.0,"enemies":"Lagavulin","floor":12.0,"turns":7.0},{"damage":0.0,"enemies":"2 Fungi Beasts","floor":15.0,"turns":4.0},{"damage":22.0,"enemies":"SI_SHIV_ARCHETYPE","floor":16.0,"turns":11.0},{"damage":10.0,"enemies":"Spheric Guardian","floor":19.0,"turns":3.0},{"damage":9.0,"enemies":"3 Byrds","floor":20.0,"turns":5.0},{"damage":33,"enemies":"Colosseum Nobs","floor":22,"turns":4},{"damage":36,"enemies":"Book of Stabbing","floor":23,"turns":6},{"damage":14,"enemies":"Sentry and Sphere","floor":25,"turns":5}],"seed_played":"-5029161116572466368","potions_obtained":[{"floor":3.0,"key":"Energy Potion"},{"floor":5.0,"key":"Regen Potion"},{"floor":12.0,"key":"Guardian:DefensiveModePotion"},{"floor":16.0,"key":"Regen Potion"},{"floor":20.0,"key":"Guardian:AcceleratePotion"},{"floor":22,"key":"hexamod:SoulburnPotion"}],"is_trial":false,"path_per_floor":["R","M","M","?","M","$","T","R","?","$","R","E","R","?","M","B",null,"R","M","M","T","?","E","T","M"],"character_chosen":"GUARDIAN","items_purchased":["Guardian:Clone","Guardian:Orbwalk","Orrery"],"campfire_rested":0,"item_purchase_floors":[6,6,10],"current_hp_per_floor":[87,78,71,71,71,71,71,71,71,56,56,71,71,71,71,49,87,87,77,68,68,35,14,14,0,0,0],"gold":207,"neow_bonus":"RANDOM_COMMON_RELIC","is_daily":false,"chose_seed":false,"campfire_upgraded":4,"win_rate":0.0,"timestamp":1614361186,"path_taken":["R","M","M","?","M","$","T","R","?","$","R","E","R","?","M","BOSS","R","M","M","?","?","E","T","M"],"items_purchased_type":["Card","Card","Relic"],"build_version":"2020-12-22","purchased_purges":0,"victory":false,"max_hp_per_floor":[87,87,87,87,87,87,87,87,87,87,87,87,87,87,87,87,87,87,87,87,87,87,87,87,87,87,87],"card_choices":[{"not_picked":["Guardian:Suspension","Guardian:TemporalShield"],"picked":"Guardian:Incinerate","floor":2.0},{"not_picked":["Guardian:Suspension","Guardian:Incinerate"],"picked":"Guardian:ShieldCharger","floor":3.0},{"not_picked":["Guardian:PiercingHide","Guardian:Gem_Blue"],"picked":"Guardian:FuturePlans","floor":5.0},{"not_picked":["Guardian:WalkerClaw","Guardian:PrimingBeam"],"picked":"Guardian:Gem_Crimson","floor":6.0},{"not_picked":["Guardian:Incinerate","Guardian:Gem_Cyan"],"picked":"Guardian:ChargeCore","floor":10.0},{"not_picked":["Guardian:Incinerate","Guardian:PiercingHide"],"picked":"Guardian:RevengeProtocol","floor":10.0},{"not_picked":["Guardian:Reroute","Guardian:Recover"],"picked":"Guardian:TimeBomb","floor":10.0},{"not_picked":["Guardian:TemporalShield","Guardian:PrimingBeam"],"picked":"Guardian:FastForward","floor":10.0},{"not_picked":["Guardian:VentSteam","Guardian:FuturePlans"],"picked":"Guardian:Gem_Crimson","floor":10.0},{"not_picked":["Guardian:FastForward","Guardian:RollAttack"],"picked":"Guardian:Gem_Synthetic","floor":10.0},{"not_picked":["Guardian:DecasProtection","Guardian:Gem_White"],"picked":"Guardian:Emergency","floor":12.0},{"not_picked":["Guardian:PrimingBeam","Guardian:Harden"],"picked":"Guardian:ChargeCore","floor":15.0},{"not_picked":["Guardian:StasisField","Guardian:ExploitGems"],"picked":"Guardian:StasisStrike","floor":16.0},{"not_picked":[],"picked":"Guardian:PiercingHide","floor":19.0},{"not_picked":[],"picked":"Guardian:PrimingBeam+1","floor":20.0},{"not_picked":[],"picked":"Guardian:TimeCapacitor","floor":23}],"player_experience":836299,"relics_obtained":[{"floor":7.0,"key":"WingedGreaves"},{"floor":12.0,"key":"Potion Belt"},{"floor":22,"key":"StoneCalendar"},{"floor":22,"key":"Pantograph"},{"floor":23,"key":"StrikeDummy"},{"floor":24,"key":"Molten Egg 2"}],"event_choices":[],"is_beta":false,"boss_relics":[{"not_picked":["SlaversCollar","Sozu"],"picked":"Busted Crown"}],"items_purged_floors":[],"is_endless":false,"potions_floor_spawned":[3,5,12,16,20,22],"killed_by":"Sentry and Sphere","ascension_level":0}}