{"host":"njruw0b0uprlitpx","time":1614308639,"event":{"mods":["2.2 Compatiblity","Bartender","BaseMod","Better Altar","Better Match","Better Note","Better Sensory Stone","Better Skull","Better Third Choice","BetterRewards","Block Reminder","Colored Map","Colored Powertips","Curses Come First","Energized Spire","Jedi Mod","Keyboard Shortcuts","Minty Spire (QoL Compilation)","Quick Restart","Rare Cards Sparkle","Relic Stats","Replay The Spire","SacredBarkPlus","Spicy Shops","StSLib","SuperFastMode","The Blackbeard","The Mystic"],"gold_per_floor":[114,11,11,26,120,159,159,198,248,248,287,287,311,495,495,604,658,682,691,715,253,277,316,316,355,380,380,395,410,449,389,389,498,498,522,581,599,70,94,94,128,128,162,162,171,171,210,46,46,46],"floor_reached":51,"language":"ENG","playtime":2013,"items_purged":["Zap","Doubt","Pain","ReplayTheSpireMod:Restless Dread"],"score":995,"play_id":"38787536-37ef-4404-a0e1-bbfd931fcb79","local_time":"20210225210359","daily_mods":["Chimera","Time Dilation","Elite Swarm"],"is_ascension_mode":false,"campfire_choices":[{"floor":7,"key":"REST"},{"data":"Eruption","floor":10,"key":"SMITH"},{"floor":12,"key":"REST"},{"data":"Venomology","floor":15,"key":"SMITH"},{"floor":24,"key":"REST"},{"data":"Phantasmal Killer","floor":27,"key":"SMITH"},{"data":"Wraith Form v2","floor":27,"key":"SMITH"},{"floor":32,"key":"REST"},{"data":"A Thousand Cuts","floor":40,"key":"SMITH"},{"data":"Infinite Blades","floor":40,"key":"SMITH"},{"data":"Distraction","floor":42,"key":"SMITH"},{"data":"Chrysalis","floor":42,"key":"SMITH"},{"data":"jedi:studypoison","floor":44,"key":"SMITH"},{"data":"Malaise","floor":44,"key":"SMITH"},{"data":"Accuracy","floor":46,"key":"SMITH"},{"data":"ReplayTheSpireMod:From All Sides","floor":46,"key":"SMITH"},{"data":"Tools of the Trade","floor":49,"key":"SMITH"},{"data":"Noxious Fumes","floor":49,"key":"SMITH"}],"circlet_count":0,"master_deck":["Bash","Survivor","Eruption+1","Flying Knee","Skewer","Dagger Spray","Escape Plan","Flying Knee","Setup+1","Bullet Time+1","Unload","Venomology+1","Noxious Fumes+1","Malaise+1","Distraction+1","jedi:studypoison+1","Tools of the Trade","Expertise","ReplayTheSpireMod:From All Sides+1","Hidden Blade","Infinite Blades+1","RitualDagger","Dagger Throw","Wraith Form v2+1","Crippling Poison","Quick Slash","ReplayTheSpireMod:Private Reserves","Accuracy+1","Phantasmal Killer+1","Tools of the Trade+1","A Thousand Cuts+1","Storm of Steel","Dagger Throw+1","Escape Plan","Chrysalis+1","Deep Breath","Crippling Poison","ReplayTheSpireMod:Private Reserves","Replay:Poison Smokescreen+1","Doubt","ReplayTheSpireMod:From All Sides+1","Replay:Sssssssssstrike+1","Cloak And Dagger","Hidden Blade","Quick Slash+1"],"relics":["Ring of the Snake","Membership Card","Sling","CeramicFish","Simple Rune","Vajra","War Paint","Pandora\u0027s Box","Shuriken","Happy Flower","Dead Branch","Replay:Arrowhead","Art of War","Replay:Rubber Ducky","Cursed Key","Tough Bandages","Replay:Bottled Flurry","Replay:Baseball","jedi:purplefairy","Lantern","Replay:Wax Seal","Thread and Needle","Molten Egg 2","BargainBundle","Snake Skull","jedi:fakemustache","Sundial"],"acts_visited":["Exordium","TheCity","TheBeyond"],"potions_floor_usage":[8,11,11,16,16,16,18,18,23,23,25,25,30,33,33,33,36,36,39,47,47,50,50,50],"damage_taken":[{"damage":7,"enemies":"2 Louse","floor":1,"turns":3},{"damage":0,"enemies":"Small Slimes","floor":4,"turns":3},{"damage":13,"enemies":"Replay:BlueRogue","floor":6,"turns":4},{"damage":0,"enemies":"3 Sentries","floor":8,"turns":2},{"damage":13,"enemies":"Lagavulin","floor":11,"turns":3},{"damage":0,"enemies":"Jaw Worm","floor":13,"turns":2},{"damage":20,"enemies":"The Guardian","floor":16,"turns":6},{"damage":15,"enemies":"Spheric Guardian","floor":18,"turns":3},{"damage":0,"enemies":"3 Byrds","floor":20,"turns":3},{"damage":5,"enemies":"Cultist and Chosen","floor":22,"turns":3},{"damage":0,"enemies":"Gremlin Leader","floor":23,"turns":2},{"damage":16,"enemies":"Slavers","floor":25,"turns":3},{"damage":23,"enemies":"Shelled Parasite and Fungi","floor":28,"turns":3},{"damage":0,"enemies":"Snecko","floor":29,"turns":2},{"damage":11,"enemies":"Book of Stabbing","floor":30,"turns":3},{"damage":15,"enemies":"Automaton","floor":33,"turns":4},{"damage":8,"enemies":"3 Darklings","floor":35,"turns":3},{"damage":0,"enemies":"2 Orb Walkers","floor":36,"turns":3},{"damage":0,"enemies":"3 Shapes","floor":39,"turns":2},{"damage":7,"enemies":"R_Hoarder","floor":47,"turns":3},{"damage":0,"enemies":"Awakened One","floor":50,"turns":6}],"seed_played":"4728103701414758894","potions_obtained":[{"floor":6,"key":"SneckoOil"},{"floor":8,"key":"ColorlessPotion"},{"floor":16,"key":"Explosive Potion"},{"floor":22,"key":"Reflective Coating"},{"floor":23,"key":"Dexterity Potion"},{"floor":29,"key":"CunningPotion"},{"floor":33,"key":"Weak Potion"},{"floor":35,"key":"Dexterity Potion"},{"floor":47,"key":"ColorlessPotion"}],"is_trial":false,"path_per_floor":["M","$","?","M","?","E","R","E","T","R","E","R","M","?","R","B",null,"M","?","M","$","M","E","R","E","T","R","M","M","E","?","R","B",null,"M","?","?","$","M","R","T","R","T","R","T","R","E","$","R","B",null],"character_chosen":"THE_SILENT","items_purchased":["Membership Card","Skewer","Sling","Shuriken","Wraith Form v2","Happy Flower","Crippling Poison","Quick Slash","ReplayTheSpireMod:Private Reserves","Flashbang","Replay:Bottled Flurry","Replay:Baseball","jedi:purplefairy","Crippling Poison","Poison Potion","ColorlessPotion","ReplayTheSpireMod:Private Reserves","BargainBundle","Snake Skull","Block Potion","Strength Potion","jedi:fakemustache","Sundial","Replay:Sssssssssstrike+1","Cloak And Dagger","Hidden Blade","Quick Slash+1"],"campfire_rested":4,"item_purchase_floors":[2,2,2,21,21,21,21,21,21,21,38,38,38,38,38,38,38,48,48,48,48,48,48,48,48,48,48],"current_hp_per_floor":[63,63,68,68,38,25,47,47,47,47,34,56,56,56,56,36,75,60,54,54,54,49,49,71,55,55,55,32,32,21,21,43,28,75,67,67,67,67,67,73,73,75,75,75,75,75,68,75,75,75],"gold":46,"neow_bonus":"","is_daily":true,"chose_seed":false,"campfire_upgraded":14,"win_rate":0.0,"timestamp":1614308639,"path_taken":["M","$","?","M","?","E","R","E","T","R","E","R","M","?","R","BOSS","M","?","M","$","M","E","R","E","T","R","M","M","E","?","R","BOSS","M","?","?","$","M","R","?","R","T","R","?","R","E","?","R","BOSS"],"items_purchased_type":["Relic","Card","Relic","Relic","Card","Relic","Card","Card","Card","Potion","Relic","Relic","Relic","Card","Potion","Potion","Card","Relic","Relic","Potion","Potion","Relic","Relic","Card","Card","Card","Card"],"build_version":"2020-12-22","purchased_purges":4,"victory":true,"max_hp_per_floor":[70,70,75,75,75,75,75,75,75,75,75,75,75,75,75,75,75,75,75,75,75,75,75,75,75,75,75,75,75,75,75,75,75,75,75,75,75,75,75,75,75,75,75,75,75,75,75,75,75,75],"relic_stats":{"Happy Flower":[12],"counters":[21,66],"CeramicFish":351,"Dead Branch":[75],"Snake Skull":[10],"War Paint":["Bullet Time","Setup"],"Cursed Key":3,"Tough Bandages":[42],"Shuriken":[19],"Sundial":[0],"Pandora\u0027s Box":["Distraction","jedi:studypoison","Tools of the Trade","Expertise","ReplayTheSpireMod:From All Sides","Hidden Blade"],"Art of War":[1],"obtain_stats":[{"Lantern":41,"CeramicFish":6,"Vajra":9,"Snake Skull":48,"Sling":2,"Cursed Key":34,"Replay:Rubber Ducky":30,"Tough Bandages":36,"Sundial":48,"Replay:Bottled Flurry":38,"Replay:Wax Seal":43,"Ring of the Snake":0,"BargainBundle":48,"Happy Flower":21,"Dead Branch":23,"jedi:purplefairy":38,"Thread and Needle":45,"War Paint":11,"Replay:Arrowhead":25,"jedi:fakemustache":48,"Replay:Baseball":38,"Shuriken":21,"Simple Rune":8,"Pandora\u0027s Box":17,"Molten Egg 2":47,"Art of War":26,"Membership Card":2},{"Lantern":19,"CeramicFish":3,"Vajra":4,"Snake Skull":20,"Sling":1,"Cursed Key":16,"Replay:Rubber Ducky":15,"Tough Bandages":18,"Sundial":20,"Replay:Bottled Flurry":18,"Replay:Wax Seal":19,"Ring of the Snake":0,"BargainBundle":20,"Happy Flower":9,"Dead Branch":11,"jedi:purplefairy":18,"Thread and Needle":19,"War Paint":5,"Replay:Arrowhead":12,"jedi:fakemustache":20,"Replay:Baseball":18,"Shuriken":9,"Simple Rune":4,"Pandora\u0027s Box":7,"Molten Egg 2":20,"Art of War":12,"Membership Card":1},{"Lantern":57,"CeramicFish":10,"Vajra":12,"Snake Skull":60,"Sling":3,"Cursed Key":49,"Replay:Rubber Ducky":45,"Tough Bandages":55,"Sundial":60,"Replay:Bottled Flurry":55,"Replay:Wax Seal":57,"Ring of the Snake":0,"BargainBundle":60,"Happy Flower":29,"Dead Branch":34,"jedi:purplefairy":55,"Thread and Needle":57,"War Paint":15,"Replay:Arrowhead":37,"jedi:fakemustache":60,"Replay:Baseball":55,"Shuriken":29,"Simple Rune":12,"Pandora\u0027s Box":23,"Molten Egg 2":60,"Art of War":37,"Membership Card":3}],"Ring of the Snake":[42]},"card_choices":[{"not_picked":["Slice","Eviscerate"],"picked":"Flying Knee","floor":1},{"not_picked":["Reflex","Bane"],"picked":"Dagger Spray","floor":4},{"not_picked":["Eviscerate","Dagger Spray"],"picked":"Escape Plan","floor":5},{"not_picked":["Dagger Spray","PiercingWail"],"picked":"Flying Knee","floor":5},{"not_picked":["Cloak And Dagger","Underhanded Strike"],"picked":"Setup","floor":5},{"not_picked":["jedi:studyshivs","Burst"],"picked":"Bullet Time","floor":6},{"not_picked":["Poison Darts","Envenom"],"picked":"Unload","floor":8},{"not_picked":["Replay:Bag of Tricks","Unload"],"picked":"Venomology","floor":11},{"not_picked":["Dodge and Roll","jedi:pocketpoison"],"picked":"Noxious Fumes","floor":13},{"not_picked":["Bullet Time","Grand Finale"],"picked":"Malaise","floor":16},{"not_picked":["Distraction","Deflect"],"picked":"Infinite Blades","floor":18},{"not_picked":["Outmaneuver","Draining Mist"],"picked":"Dagger Throw","floor":20},{"not_picked":["Deflect","Outmaneuver"],"picked":"Accuracy","floor":22},{"not_picked":["Storm of Steel","jedi:rejectivetoxin"],"picked":"Phantasmal Killer","floor":23},{"not_picked":["Venomology","Grand Finale"],"picked":"Tools of the Trade","floor":25},{"not_picked":["Skewer","Cloak And Dagger","jedi:acidrain"],"picked":"SKIP","floor":28},{"not_picked":["Slice","Outmaneuver","ReplayTheSpireMod:The Works"],"picked":"SKIP","floor":29},{"not_picked":["Poison Darts","Burst"],"picked":"A Thousand Cuts","floor":30},{"not_picked":["jedi:brewingpoison","Atom Bomb"],"picked":"Storm of Steel","floor":33},{"not_picked":["Tactician","Deadly Poison+1"],"picked":"Dagger Throw+1","floor":35},{"not_picked":["Eviscerate","Fluid Movement"],"picked":"Escape Plan","floor":36},{"not_picked":["Madness","Bandage Up"],"picked":"Chrysalis","floor":37},{"not_picked":["Enlightenment","Bandage Up"],"picked":"Deep Breath","floor":37},{"not_picked":["Deadly Poison+1","Acrobatics"],"picked":"Replay:Poison Smokescreen+1","floor":39},{"not_picked":["Malaise","jedi:rejectivetoxin"],"picked":"ReplayTheSpireMod:From All Sides+1","floor":47}],"player_experience":1395255,"relics_obtained":[{"floor":6,"key":"CeramicFish"},{"floor":8,"key":"Simple Rune"},{"floor":9,"key":"Vajra"},{"floor":11,"key":"War Paint"},{"floor":23,"key":"Dead Branch"},{"floor":25,"key":"Replay:Arrowhead"},{"floor":26,"key":"Art of War"},{"floor":30,"key":"Replay:Rubber Ducky"},{"floor":36,"key":"Tough Bandages"},{"floor":41,"key":"Lantern"},{"floor":43,"key":"Replay:Wax Seal"},{"floor":45,"key":"Thread and Needle"},{"floor":47,"key":"Molten Egg 2"}],"event_choices":[{"damage_healed":0,"gold_gain":0,"player_choice":"Donut","damage_taken":0,"max_hp_gain":5,"max_hp_loss":0,"event_name":"Big Fish","floor":3,"gold_loss":0},{"damage_healed":0,"gold_gain":175,"player_choice":"AGREE","damage_taken":311,"max_hp_gain":0,"max_hp_loss":0,"event_name":"betterThird:BetterSerpent","floor":14,"gold_loss":0},{"damage_healed":0,"gold_gain":0,"player_choice":"Dagger","damage_taken":6,"max_hp_gain":0,"max_hp_loss":0,"event_name":"betterThird:BetterNest","floor":19,"gold_loss":0,"cards_obtained":["RitualDagger"]},{"damage_healed":0,"gold_gain":0,"player_choice":"Fight","damage_taken":0,"max_hp_gain":0,"max_hp_loss":0,"event_name":"Mysterious Sphere","floor":36,"gold_loss":0},{"damage_healed":0,"gold_gain":3,"player_choice":"1","damage_taken":0,"max_hp_gain":0,"max_hp_loss":0,"event_name":"betterStone:BetterStone","floor":37,"gold_loss":0}],"is_beta":false,"boss_relics":[{"not_picked":["ReplayTheSpireMod:DimensionalGlitch","Velvet Choker"],"picked":"Pandora\u0027s Box"},{"not_picked":["energizedSpire:HighHeels","SacredBark"],"picked":"Cursed Key"}],"items_purged_floors":[2,21,48,48],"is_endless":false,"potions_floor_spawned":[6,8,16,22,23,28,29,33,35,47],"ascension_level":0}}