{"host":"qrfkyfrpo74atslb","time":1614321022,"event":{"mods":["AchievementEnabler","Aspiration","Astrologer","Bartender","BaseMod","Beaked The Cultist","Better Note","Better Third Choice","BetterRewards","CapriCore","Colored Map","Colored Powertips","Conspire","DeckTracker","Downfall","Duelist Mod","GungeonMod","Halation","Hermit","Hero for Fun","Hubris","Koishi","LagranYue(???·?)","Mad Scientist","Marisa????????","Minty Spire (QoL Compilation)","Prisma Mod","Rare Cards Sparkle","Reimu??????","Remilia??????","Replay The Spire","Spicy Shops","StSLib","The Administrix","The Alterego","The Bladedancer","The Construct","The Cursed","The Disciple","The Gatherer","The Hierophant","The Immortal","The Mystic","The Necromancer","The Runesmith","The Senshi","The Servant 0.9.4","The Wild Card","TheSwordswoman","WarShipGirlsR/????R mod","Yakumo Yukari mod","Yuyuko"],"gold_per_floor":[118,138,138,138,156,156,171,171,171,199,216,216,229,248,248,248,248,346,346,357,557,557,567,581,581,581,581],"floor_reached":26,"language":"ENG","playtime":1726,"items_purged":[],"score":210,"play_id":"933b2fa2-717b-41ab-97a9-cc108f0459f8","local_time":"20210226193022","is_ascension_mode":false,"campfire_choices":[{"floor":6,"key":"REST"},{"floor":8,"key":"REST"},{"floor":17,"key":"REST"},{"floor":25,"key":"REST"}],"circlet_count":0,"master_deck":["Strike_Br","Strike_Br","Strike_Br","Strike_Br","Defend_Br","Defend_Br","Defend_Br","Defend_Br","SecondHand","PatternShift","ResonantCall","LockedBlood","LockedOrichalcum","LockedWarPaint+1","Allegro+1","FormalWear+1","Adagio+1","Adagio+1","LockedScales","LockedAnchor","LockedThread","Accelerando+1","CrunchTime","LockedMedicine","LockedBell+1","BiteCommand","AlternateTimeline","LockedUrn+1"],"relics":["Chronometer","LagranYue:RandomDrawCardRelic","Orrery","Matryoshka","Iron Hammer","halation:Yufonium"],"acts_visited":["Exordium","TheCity"],"potions_floor_usage":[10,18,26],"damage_taken":[{"damage":7,"enemies":"2 Louse","floor":1,"turns":3},{"damage":6,"enemies":"Small Slimes","floor":2,"turns":4},{"damage":23,"enemies":"Jaw Worm","floor":5,"turns":5},{"damage":0,"enemies":"2 Fungi Beasts","floor":7,"turns":4},{"damage":20,"enemies":"3 Sentries","floor":10,"turns":12},{"damage":3,"enemies":"Blue Slaver","floor":11,"turns":5},{"damage":14,"enemies":"3 Louse","floor":13,"turns":5},{"damage":1,"enemies":"Exordium Wildlife","floor":14,"turns":6},{"damage":32,"enemies":"The Guardian","floor":18,"turns":17},{"damage":14,"enemies":"3 Byrds","floor":20,"turns":4},{"damage":14,"enemies":"Shell Parasite","floor":23,"turns":10},{"damage":25,"enemies":"conspire:HollyBat","floor":24,"turns":15},{"damage":76,"enemies":"Centurion and Healer","floor":26,"turns":21}],"seed_played":"-2343487408035505964","potions_obtained":[{"floor":7,"key":"Adrenaline Potion"},{"floor":13,"key":"WardPotion"},{"floor":24,"key":"Swift Potion"}],"is_trial":false,"path_per_floor":["M","M","?","?","M","R","M","R","T","E","M","?","M","M","PTL","PTL","R","B",null,"M","?","?","M","M","R","M"],"character_chosen":"CHRONO_CLASS","items_purchased":["Orrery"],"campfire_rested":4,"item_purchase_floors":[0],"current_hp_per_floor":[60,54,54,41,18,37,37,56,56,36,33,30,22,27,27,27,46,23,65,51,51,51,45,29,48,0,0],"gold":581,"neow_bonus":"","is_daily":false,"chose_seed":false,"campfire_upgraded":0,"win_rate":0.0,"timestamp":1614321022,"path_taken":["M","M","?","?","M","R","M","R","T","E","M","?","M","M","PTL","PTL","R","BOSS","M","?","?","M","M","R","M"],"items_purchased_type":["Relic"],"build_version":"2020-12-22","purchased_purges":0,"victory":false,"max_hp_per_floor":[65,65,65,65,65,65,65,65,65,65,65,65,65,65,65,65,65,65,65,65,65,65,65,65,65,65,65],"card_choices":[{"not_picked":["BiteCommand","Engulf"],"picked":"Tempo","floor":0},{"not_picked":["ExoVibe","ReapSow"],"picked":"ResonantCall","floor":0},{"not_picked":["PrimeTime","WakeUpCall"],"picked":"LockedBlood","floor":0},{"not_picked":["SlimeSpray","VestedLegacy"],"picked":"LockedOrichalcum","floor":0},{"not_picked":["ReapSow","LockedMawBank"],"picked":"LockedWarPaint","floor":0},{"not_picked":["Flay","PrimeTime"],"picked":"Tempo","floor":1},{"not_picked":["EscortCommand","Accruing"],"picked":"FormalWear","floor":2},{"not_picked":["Backlash","HandsUpC"],"picked":"LockedScales","floor":5},{"not_picked":["PrimeTime","HandsUpB"],"picked":"LockedAnchor","floor":7},{"not_picked":["LockedBlood","Stagnate"],"picked":"LockedThread","floor":10},{"not_picked":["LockedPlans","VestedLegacy"],"picked":"Tempo","floor":11},{"not_picked":["ReapSow","BlueShift"],"picked":"CrunchTime","floor":13},{"not_picked":["AlternateTimeline","Engulf"],"picked":"LockedMedicine","floor":14},{"not_picked":["Echonomics","OverTime"],"picked":"LockedBell","floor":18},{"not_picked":["LockedScales","Parity"],"picked":"BiteCommand","floor":20},{"not_picked":["LockedMedicine+1","LockedAnchor"],"picked":"AlternateTimeline","floor":23},{"not_picked":["ReapSow","LockedMedicine"],"picked":"LockedUrn+1","floor":24}],"player_experience":153569,"relics_obtained":[{"floor":9,"key":"Matryoshka"},{"floor":10,"key":"Iron Hammer"}],"event_choices":[{"damage_healed":0,"gold_gain":0,"player_choice":"Grow","damage_taken":0,"max_hp_gain":0,"max_hp_loss":0,"event_name":"Living Wall","floor":3,"gold_loss":0,"cards_upgraded":["FormalWear"]},{"damage_healed":54,"gold_gain":0,"player_choice":"Upgrade","damage_taken":13,"max_hp_gain":0,"max_hp_loss":65,"event_name":"betterThird:BetterShining","floor":4,"gold_loss":0,"cards_upgraded":["LockedWarPaint","Tempo"]},{"damage_healed":0,"gold_gain":200,"player_choice":"Gold","damage_taken":0,"max_hp_gain":0,"max_hp_loss":0,"event_name":"Wheel of Change","floor":21,"gold_loss":0},{"damage_healed":0,"gold_gain":0,"player_choice":"Forge","damage_taken":0,"max_hp_gain":0,"max_hp_loss":0,"event_name":"Accursed Blacksmith","floor":22,"gold_loss":0,"cards_upgraded":["LockedBell"]}],"is_beta":false,"boss_relics":[{"not_picked":["aspiration:RunesmithSkillbook","conspire:SpecialSausage"],"picked":"halation:Yufonium"}],"items_purged_floors":[],"is_endless":false,"potions_floor_spawned":[7,13,24],"killed_by":"Centurion and Healer","ascension_level":0}}