{"host":"9oysz4knkucnjyyz","time":1614319491,"event":{"mods":["100% Spire Juice","2.2 Compatiblity","A Penny For Your Troubles","Act Like it!","BaseMod","Better Altar","Better Match","Better Note","Better Sensory Stone","Better Skull","Better Third Choice","BetterRewards","Displayed Cursed Tome","Downfall","Friendly Minions","Googly Eyes","GungeonMod","Hallownest","Hermit","Library of Ruina","Library of Ruina Extra","Lobotomy","LobotomyExtend","Minty Spire (QoL Compilation)","Reliquary","Spicy Shops","Spire Arcade","Spire Birthday Party","StSLib","The Bug Knight","Wide Potions","everything is the same but u backflip on backflip","slay the spire mod where everything is the same but ironclad has a cowboy hat"],"gold_per_floor":[110,120,132,146,166,166,192,192,192,227,237,237,237,248,248,347,347,360,372,372,372],"floor_reached":20,"language":"ENG","playtime":905,"items_purged":[],"score":274,"play_id":"0d16f023-c35f-45d2-bf37-11bfb83988fb","local_time":"20210226010451","is_ascension_mode":true,"campfire_choices":[{"data":"PreemptiveStrike","floor":6,"key":"SMITH"},{"data":"TendonChords","floor":8,"key":"SMITH"},{"floor":12,"key":"REST"},{"data":"FrontalAssault","floor":15,"key":"SMITH"}],"circlet_count":0,"master_deck":["Dodge","LightDefense","LightAttack","LightAttack","LightAttack","LightDefense","LightDefense","LightDefense","ChargeAndCover","FocusedStrikes","FrontalAssault","LongBird","PreemptiveStrike+1","MHz","Parry2","Bloodbath","CumulusWall","TendonChords+1","Scorched","ViolentFlame+1","BigBird","FrontalAssault+1","Cruelty","WallGazer","Unlock1","ViolentFlame+1"],"relics":["PageOfLibrarian","CogitoBucket","RabbitCall","LetterFromLob","reliquary:PorcupineQuills","Mercury Hourglass","Frozen Egg 2","SkinProphecy","Cursed Key"],"acts_visited":["Exordium","TheCity"],"potions_floor_usage":[16,20,20],"damage_taken":[{"damage":7,"enemies":"Jaw Worm","floor":1,"turns":6},{"damage":0,"enemies":"Small Slimes","floor":2,"turns":3},{"damage":0,"enemies":"Cultist","floor":3,"turns":3},{"damage":6,"enemies":"3 Louse","floor":4,"turns":2},{"damage":7,"enemies":"Large Slime","floor":5,"turns":4},{"damage":5,"enemies":"3 Sentries","floor":7,"turns":5},{"damage":20,"enemies":"Lagavulin","floor":10,"turns":5},{"damage":8,"enemies":"Looter","floor":11,"turns":3},{"damage":0,"enemies":"Lots of Slimes","floor":14,"turns":1},{"damage":11,"enemies":"Slime Boss","floor":16,"turns":7},{"damage":0,"enemies":"3 Byrds","floor":18,"turns":4},{"damage":5,"enemies":"Chosen","floor":19,"turns":3},{"damage":76,"enemies":"Shelled Parasite and Fungi","floor":20,"turns":4}],"seed_played":"-6600955696437873227","potions_obtained":[{"floor":1,"key":"Dexterity Potion"},{"floor":3,"key":"Block Potion"},{"floor":11,"key":"PowerPotion"},{"floor":16,"key":"AttackPotion"}],"is_trial":false,"path_per_floor":["M","M","M","M","M","R","E","R","T","E","M","R","$","M","R","B",null,"M","M","M"],"character_chosen":"Librarian","items_purchased":[],"campfire_rested":1,"item_purchase_floors":[],"current_hp_per_floor":[53,53,53,47,41,41,40,40,40,25,21,46,46,42,42,34,90,89,80,0,0],"gold":372,"neow_bonus":"","is_daily":false,"chose_seed":false,"campfire_upgraded":3,"win_rate":0.0,"timestamp":1614319491,"path_taken":["M","M","M","M","M","R","E","R","T","E","M","R","$","M","R","BOSS","M","M","M"],"items_purchased_type":[],"build_version":"2020-12-22","purchased_purges":0,"victory":false,"max_hp_per_floor":[68,68,68,68,68,68,68,68,68,84,84,84,84,88,88,90,90,92,94,98,98],"card_choices":[{"not_picked":["BeautyBeast","UniverseFragment","GalaxyChild"],"picked":"Singing Bowl","floor":1},{"not_picked":["WaitUp","EnergyCycle","MindWhip","RhinoRam","Multislash","Standoff","PreemptiveStrike","SinglePointStab"],"picked":"FrontalAssault","floor":1},{"not_picked":["VoidDream","CherryBlossoms","SpiderBud"],"picked":"Singing Bowl","floor":2},{"not_picked":["Variant","Murderer"],"picked":"LongBird","floor":2},{"not_picked":["ShockRound","SomberProcuration","TheArtOfRapidSteps","Parry2","GuidanceOfTheGears","SmokingPipe","SummaryJudgment","SunsetBlade"],"picked":"PreemptiveStrike","floor":2},{"not_picked":["UniverseFragment","CherryBlossoms"],"picked":"MHz","floor":3},{"not_picked":["SparkingSpear","Brawl","TheArtOfRapidSteps","Unlock1","Parry","UndertakePrescript","RushDown","RagingStormLove"],"picked":"Parry2","floor":3},{"not_picked":["UniverseFragment","LittleHelper"],"picked":"Bloodbath","floor":4},{"not_picked":["UnavoidableGaze","Gamble","MultiHit","ShockRound","Transpierce","EnergyCycle","HighKick","RushDown"],"picked":"CumulusWall","floor":4},{"not_picked":["SnowQueen","FairyFestival","CherryBlossoms"],"picked":"Singing Bowl","floor":5},{"not_picked":["Preparation","Parry2","DarkCloud","SnakesPrey","HighKick","StructuralAnalysis","GroundSmash","GuardingStance"],"picked":"TendonChords","floor":5},{"not_picked":["MeatLantern","OldLady"],"picked":"Scorched","floor":7},{"not_picked":["UpbeatPerformance","WillOfThePrescript","BurningFlash","Parry","EmotionalTurbulence","HighKick","Parry2","ReadyUp","FleetEdge"],"picked":"SKIP","floor":7},{"not_picked":["CrumblingArmor","BlackSwan","WhitesApple"],"picked":"Singing Bowl","floor":10},{"not_picked":["Parry2+1","BurningFlash","ReadyUp","Clone","Rampage_lor","BoundaryOfDeath","Retaliate","DesperateStruggle"],"picked":"ViolentFlame+1","floor":10},{"not_picked":["SpiderBud","BeautyBeast","CrumblingArmor"],"picked":"Singing Bowl","floor":11},{"not_picked":["HiddenBlade","DarkCloud+1","HeavyPeaks","BlowItUp","Parry2+1","EnergyShield","SuppressingShot","Wallop_lor","ElectricShock"],"picked":"SKIP","floor":11},{"not_picked":["LittleHelper","MeatLantern"],"picked":"BigBird","floor":14},{"not_picked":["WillProduceFineSilk","SinglePointStab","HandleRequest","ChiWen","Wallop_lor","OpportunitySpotted","YouOnlyLiveOnce","Parry2+1"],"picked":"FrontalAssault","floor":14},{"not_picked":["BlackSwan","VoidDream","CherryBlossoms"],"picked":"Singing Bowl","floor":16},{"not_picked":["Commandeering","FleshFillet"],"picked":"Cruelty","floor":16},{"not_picked":["PunishingBird","OldLady"],"picked":"WallGazer","floor":18},{"not_picked":["AssaultOrder","Reload","Wallop_lor","BackAttack","DefenseOrder","EnergyStrike+1","GrazeTheGrass","FleetFootsteps"],"picked":"Unlock1","floor":18},{"not_picked":["FairyFestival","VoidDream","DreamingCurrent"],"picked":"Singing Bowl","floor":19},{"not_picked":["EmotionalTurbulence","Rewind","Standoff","Unlock1+1","SuppressingShot","Leap_lor+1","WillBeTasty","FleetEdge+1"],"picked":"ViolentFlame+1","floor":19}],"player_experience":395306,"relics_obtained":[{"floor":1,"key":"LetterFromLob"},{"floor":7,"key":"reliquary:PorcupineQuills"},{"floor":9,"key":"Mercury Hourglass"},{"floor":10,"key":"Frozen Egg 2"}],"event_choices":[],"is_beta":false,"boss_relics":[{"not_picked":["Runic Pyramid","Ectoplasm"],"picked":"Cursed Key"}],"items_purged_floors":[],"is_endless":false,"potions_floor_spawned":[1,3,11,16],"killed_by":"Shelled Parasite and Fungi","ascension_level":1}}