{"host":"ln38befi3ugo1bsw","time":1614302178,"event":{"mods":["BaseMod","BetterRewards","Colored Map","Colored Powertips","Downfall","Hermit","Jorbs\u0027s Wanderer Trilogy","Lobotomy","Minty Spire (QoL Compilation)","StSLib","SuperFastMode"],"gold_per_floor":[110,121,137,137,148,182,182,207,207,239,254,254,270,287,287,287,287],"floor_reached":16,"language":"ENG","playtime":1111,"items_purged":[],"score":130,"play_id":"744ed3f7-4cfe-4c85-9c55-b4416fce1f50","local_time":"20210225201618","is_ascension_mode":true,"campfire_choices":[{"floor":7,"key":"REST"},{"floor":12,"key":"REST"},{"floor":15,"key":"REST"}],"circlet_count":0,"master_deck":["Strike_B","Strike_B","Strike_B","Strike_B","Defend_B","Defend_B","Defend_B","Defend_B","Zap","Dualcast","Leap","Leap+1","Sweeping Beam","Hologram","Stack","Coolheaded","Steam Power","Conserve Battery","Turbo","Beam Cell"],"relics":["Cracked Core","NeowsBlessing","FossilizedHelix","Pocketwatch","Turnip"],"acts_visited":["Exordium"],"potions_floor_usage":[16,16,16],"damage_taken":[{"damage":0,"enemies":"Cultist","floor":1,"turns":1},{"damage":0,"enemies":"Jaw Worm","floor":2,"turns":1},{"damage":0,"enemies":"2 Louse","floor":3,"turns":1},{"damage":1,"enemies":"Looter","floor":5,"turns":3},{"damage":27,"enemies":"Lagavulin","floor":6,"turns":7},{"damage":44,"enemies":"Gremlin Nob","floor":8,"turns":6},{"damage":7,"enemies":"Lagavulin","floor":10,"turns":10},{"damage":0,"enemies":"2 Fungi Beasts","floor":11,"turns":3},{"damage":0,"enemies":"Blue Slaver","floor":13,"turns":4},{"damage":0,"enemies":"Exordium Thugs","floor":14,"turns":7},{"damage":71,"enemies":"Hexaghost","floor":16,"turns":18}],"seed_played":"-6254825750610133265","potions_obtained":[{"floor":3,"key":"DuplicationPotion"},{"floor":5,"key":"CultistPotion"},{"floor":11,"key":"Block Potion"},{"floor":13,"key":"Regen Potion"}],"is_trial":false,"path_per_floor":["M","M","M","?","M","E","R","E","T","E","M","R","M","M","R","B"],"character_chosen":"DEFECT","items_purchased":[],"campfire_rested":3,"item_purchase_floors":[],"current_hp_per_floor":[75,75,75,75,74,47,69,25,25,18,18,40,40,40,62,0,0],"gold":287,"neow_bonus":"THREE_ENEMY_KILL","is_daily":false,"chose_seed":false,"campfire_upgraded":0,"win_rate":0.0,"timestamp":1614302178,"path_taken":["M","M","M","?","M","E","R","E","T","E","M","R","M","M","R","BOSS"],"items_purchased_type":[],"build_version":"2020-12-22","purchased_purges":0,"victory":false,"max_hp_per_floor":[75,75,75,75,75,75,75,75,75,75,75,75,75,75,75,75,75],"card_choices":[{"not_picked":["Streamline","Barrage"],"picked":"Leap","floor":1},{"not_picked":["Recycle","Tempest"],"picked":"Leap","floor":2},{"not_picked":["Stack","Steam"],"picked":"Sweeping Beam","floor":3},{"not_picked":["Rip and Tear","Multi-Cast"],"picked":"Hologram","floor":5},{"not_picked":["Amplify","Storm"],"picked":"Stack","floor":6},{"not_picked":["Undo","Stack"],"picked":"Coolheaded","floor":8},{"not_picked":["Redo","Force Field"],"picked":"Steam Power","floor":10},{"not_picked":["Storm","Static Discharge"],"picked":"Conserve Battery","floor":11},{"not_picked":["Redo","Sweeping Beam"],"picked":"Turbo","floor":13},{"not_picked":["Streamline","Biased Cognition"],"picked":"Beam Cell","floor":14}],"player_experience":80983,"relics_obtained":[{"floor":6,"key":"FossilizedHelix"},{"floor":8,"key":"Pocketwatch"},{"floor":10,"key":"Turnip"}],"event_choices":[{"damage_healed":0,"gold_gain":0,"player_choice":"Grow","damage_taken":0,"max_hp_gain":0,"max_hp_loss":0,"event_name":"Living Wall","floor":4,"gold_loss":0,"cards_upgraded":["Leap"]}],"is_beta":false,"boss_relics":[],"items_purged_floors":[],"is_endless":false,"potions_floor_spawned":[3,5,11,13],"killed_by":"Hexaghost","ascension_level":1}}