{"host":"h3yie3u3olngyjol","time":1614320759,"event":{"mods":["BaseMod","Colored Powertips","Downfall","Highlight Path","Infinite Spire","Lobotomy","LobotomyExtend","Marked Mod","Minty Spire (QoL Compilation)","Prisma Mod","Replay The Spire","RumiaBox-露米娅的神秘盒子","Shop Mod","StSLib","The Hierophant","The Runesmith"],"gold_per_floor":[116,131,131,141,141,141,161,161,161,161,180,210,210,210,210,306,306,317,330,330,330,346,261,278,31,54,54,71,103,103,114,114,219,219,229,129,144,144,164,164,179,179,179,229,229,229,240,259,259,259],"floor_reached":51,"language":"ZHS","playtime":2156,"items_purged":["downfall:Bewildered","Delirium","Defend_G","Defend_G"],"score":1019,"play_id":"4ada1aeb-4183-464f-b79a-044f4c8c9787","local_time":"20210226142559","is_ascension_mode":true,"campfire_choices":[{"data":"Dagger Spray","floor":6.0,"key":"SMITH"},{"data":"Deadly Poison","floor":8.0,"key":"SMITH"},{"data":"Neutralize","floor":10.0,"key":"SMITH"},{"data":"Deadly Poison","floor":13.0,"key":"SMITH"},{"floor":15.0,"key":"REST"},{"floor":32.0,"key":"REST"},{"data":"Envenom","floor":40.0,"key":"SMITH"},{"data":"Catalyst","floor":42.0,"key":"SMITH"},{"data":"Calculated Gamble","floor":45,"key":"SMITH"},{"data":"Accuracy","floor":49,"key":"SMITH"}],"circlet_count":0,"master_deck":["Strike_G","Strike_G","Strike_G","Strike_G","Strike_G","Defend_G","Defend_G","Defend_G","Survivor","Neutralize+1","PanicButton","Deadly Poison+1","Dagger Spray+1","Accuracy","Deadly Poison+1","Envenom+1","Blade Dance","Accuracy+1","Calculated Gamble+1","Catalyst+1","Noxious Fumes","Cloak And Dagger+1","Hidden Blade+1","ReplayTheSpireMod:Faulty Equipment","Blade Dance","Blade Dance+1","Prepared"],"relics":["Ring of the Serpent","LetterFromLob","Onion Ring","infinitespire:ShieldingShard","Torii","Cursed Key","sneckomod:BabySnecko","Snack Pack","BargainBundle","infinitespire:PuzzleCube","GodSword6","SSSystem","Sozu","Mango","Question Card","Dead Branch"],"acts_visited":["Exordium","TheCity","TheBeyond"],"potions_floor_usage":[],"damage_taken":[{"damage":0.0,"enemies":"2 Louse","floor":1.0,"turns":3.0},{"damage":3.0,"enemies":"Jaw Worm","floor":2.0,"turns":5.0},{"damage":0.0,"enemies":"Small Slimes","floor":4.0,"turns":3.0},{"damage":0.0,"enemies":"3 Louse","floor":7.0,"turns":3.0},{"damage":4.0,"enemies":"2 Fungi Beasts","floor":11.0,"turns":3.0},{"damage":20.0,"enemies":"Fading Forest","floor":16.0,"turns":11.0},{"damage":0.0,"enemies":"Chosen","floor":18.0,"turns":4.0},{"damage":0.0,"enemies":"3 Byrds","floor":19.0,"turns":4.0},{"damage":7.0,"enemies":"Snake Plant","floor":22.0,"turns":3.0},{"damage":19.0,"enemies":"Cultist and Chosen","floor":24.0,"turns":5.0},{"damage":0.0,"enemies":"Centurion and Healer","floor":28.0,"turns":3.0},{"damage":16.0,"enemies":"Slavers","floor":29.0,"turns":4.0},{"damage":0.0,"enemies":"Shelled Parasite and Fungi","floor":31.0,"turns":3.0},{"damage":47.0,"enemies":"Champ","floor":33.0,"turns":10.0},{"damage":6.0,"enemies":"3 Shapes","floor":35.0,"turns":3.0},{"damage":7.0,"enemies":"Orb Walker","floor":37.0,"turns":3.0},{"damage":0.0,"enemies":"Jaw Worm Horde","floor":39.0,"turns":3.0},{"damage":15.0,"enemies":"Maw","floor":41.0,"turns":6.0},{"damage":0.0,"enemies":"Mind Bloom Boss Battle","floor":44.0,"turns":4.0},{"damage":0,"enemies":"Spire Growth","floor":47,"turns":3},{"damage":1,"enemies":"Writhing Mass","floor":48,"turns":3},{"damage":40,"enemies":"Donu and Deca","floor":50,"turns":4}],"seed_played":"-5218871774430410754","potions_obtained":[{"floor":2.0,"key":"Fruit Juice"},{"floor":4.0,"key":"Fire Potion"},{"floor":11.0,"key":"Adrenaline Potion"},{"floor":18.0,"key":"Swift Potion"},{"floor":28.0,"key":"SteroidPotion"}],"is_trial":false,"path_per_floor":["M","M","?","M","?","R","M","R","T","R","M","?","R","M","R","B",null,"M","M","?","?","M","?","M","$","T","?","M","E","AVR","M","R","B",null,"M","$","M","AVR","M","R","M","R","T","?","R","?","M","M","R","B",null],"character_chosen":"THE_SILENT","items_purchased":["BargainBundle","Fruit Juice","Explosive Potion","SpeedPotion","Die Die Die"],"campfire_rested":2,"item_purchase_floors":[25,25,25,25,25],"current_hp_per_floor":[63,65,65,65,65,65,65,65,65,65,61,43,43,43,65,61,72,72,72,72,72,65,65,50,55,55,55,57,45,59,61,89,54,84,80,80,73,73,79,79,70,70,70,78,78,104,104,104,104,74],"gold":259,"neow_bonus":"RANDOM_COLORLESS","is_daily":false,"chose_seed":false,"campfire_upgraded":8,"win_rate":0.0,"timestamp":1614320759,"path_taken":["M","M","?","M","?","R","M","R","T","R","M","?","R","M","R","BOSS","M","M","?","?","M","?","M","$","T","?","M","E","AVR","?","R","BOSS","M","$","M","AVR","M","R","M","R","T","?","R","?","M","M","R","BOSS"],"items_purchased_type":["Relic","Potion","Potion","Potion","Card"],"build_version":"2020-12-22","purchased_purges":4,"victory":true,"max_hp_per_floor":[70,75,75,75,75,75,75,75,75,75,75,75,75,75,75,75,75,75,75,75,75,75,75,75,80,80,80,80,80,94,94,94,94,94,94,94,94,94,94,94,94,94,94,94,94,104,104,104,104,104],"card_choices":[{"not_picked":["Mind Blast","Swift Strike"],"picked":"PanicButton","floor":0.0},{"not_picked":["Blur","ReplayTheSpireMod:Exploit Weakness"],"picked":"Deadly Poison","floor":1.0},{"not_picked":["Leg Sweep","Expertise"],"picked":"Dagger Spray","floor":2.0},{"not_picked":["Quick Slash","Underhanded Strike"],"picked":"Accuracy","floor":4.0},{"not_picked":["Outmaneuver","Sucker Punch","Reflex"],"picked":"SKIP","floor":7.0},{"not_picked":["Quick Slash","Heel Hook"],"picked":"Deadly Poison","floor":11.0},{"not_picked":["Bullet Time","Doppelganger"],"picked":"Envenom","floor":16.0},{"not_picked":["Acrobatics","Sneak Up"],"picked":"Blade Dance","floor":18.0},{"not_picked":["PiercingWail","Slice","Finisher"],"picked":"SKIP","floor":19.0},{"not_picked":["Blur","All Out Attack+1","Outmaneuver"],"picked":"SKIP","floor":22.0},{"not_picked":["ReplayTheSpireMod:The Works","Poisoned Stab","Deflect+1"],"picked":"SKIP","floor":24.0},{"not_picked":["Footwork","Dodge and Roll+1"],"picked":"Calculated Gamble","floor":28.0},{"not_picked":["Dagger Throw+1","Dodge and Roll"],"picked":"Catalyst","floor":29.0},{"not_picked":["Fluid Movement+1","Quick Slash","ReplayTheSpireMod:Shiv Toss"],"picked":"SKIP","floor":31.0},{"not_picked":["Deflect","Concentrate+1"],"picked":"Noxious Fumes","floor":35.0},{"not_picked":["Sucker Punch","Dagger Spray+1","ReplayTheSpireMod:Scrap Shanks"],"picked":"SKIP","floor":37.0},{"not_picked":["Outmaneuver","Dagger Spray+1"],"picked":"Cloak And Dagger+1","floor":39.0},{"not_picked":["Flechettes+1","Eviscerate"],"picked":"Hidden Blade+1","floor":41.0},{"not_picked":["Deflect","Dagger Spray+1","Toxin Wave"],"picked":"Blade Dance","floor":44.0},{"not_picked":["PiercingWail+1","Quick Slash+1","Prepared+1"],"picked":"Blade Dance+1","floor":47},{"not_picked":["Doppelganger","Bane+1","Deflect"],"picked":"Prepared","floor":48}],"player_experience":478840,"relics_obtained":[{"floor":1.0,"key":"LetterFromLob"},{"floor":3.0,"key":"Onion Ring"},{"floor":9.0,"key":"infinitespire:ShieldingShard"},{"floor":12.0,"key":"Torii"},{"floor":26.0,"key":"infinitespire:PuzzleCube"},{"floor":29.0,"key":"SSSystem"},{"floor":43.0,"key":"Question Card"},{"floor":44.0,"key":"Dead Branch"}],"event_choices":[{"damage_healed":0.0,"max_hp_gain":0.0,"max_hp_loss":0.0,"gold_gain":0.0,"event_name":"The Library","player_choice":"Read","floor":20.0,"gold_loss":0.0,"damage_taken":0.0,"cards_obtained":["Accuracy"]},{"damage_healed":0.0,"max_hp_gain":0.0,"max_hp_loss":0.0,"gold_gain":0.0,"event_name":"Addict","player_choice":"Obtained Relic","floor":23.0,"gold_loss":85.0,"damage_taken":0.0,"relics_obtained":["Snack Pack"]},{"damage_healed":0.0,"max_hp_gain":0.0,"max_hp_loss":0.0,"gold_gain":0.0,"event_name":"WeMeetAgain","player_choice":"Gave Potion","floor":27.0,"gold_loss":0.0,"damage_taken":0.0,"relics_obtained":["GodSword6"]},{"damage_healed":0.0,"max_hp_gain":0.0,"max_hp_loss":0.0,"gold_gain":0.0,"event_name":"MindBloom","player_choice":"Fight","floor":44.0,"gold_loss":0.0,"damage_taken":0.0},{"cards_removed":["Die Die Die"],"damage_healed":16,"gold_gain":0,"player_choice":"Offered Rare","damage_taken":0,"max_hp_gain":10,"max_hp_loss":0,"event_name":"Bonfire Elementals","floor":46,"gold_loss":0}],"is_beta":false,"boss_relics":[{"not_picked":["Painkiller Herb","Ring of Chaos"],"picked":"Cursed Key"},{"not_picked":["Replay:Drink Me","HoveringKite"],"picked":"Ring of the Serpent"}],"items_purged_floors":[25,30,36,38],"is_endless":false,"potions_floor_spawned":[2,4,11,18,28,31,39,44,48],"ascension_level":9}}