{"host":"zmr8u29ebzxwermy","time":1614325189,"event":{"mods":["BaseMod","BetterRewards","Colored Map","DeckTracker","Minty Spire (QoL Compilation)","Quick Restart","Replay The Spire","Shop Mod","StSLib","SuperFastMode","everything is the same but u backflip on backflip"],"gold_per_floor":[114,114,114,128,149,149,191,258,270,282,38,50,105,138,150,276,288,321,358,386,90,189,189,225,225,251,287,305,330,357,377,377,490,490,502,502,502,528,222,257,257,257,257,296,296,296,318,333,333,333,333,333,8,47,51,51],"floor_reached":55,"language":"KOR","playtime":1190,"items_purged":["Bash","Defend_R","Strike_R+1"],"score":1483,"play_id":"01bab9e6-078c-4cf2-8169-74ddfdcd89f5","local_time":"20210226163949","is_ascension_mode":false,"campfire_choices":[{"data":"Strike_R+2","floor":6.0,"key":"SMITH"},{"data":"Strike_R+4","floor":10.0,"key":"SMITH"},{"data":"Strike_R","floor":15.0,"key":"SMITH"},{"data":"Strike_R+5","floor":23.0,"key":"SMITH"},{"data":"Strike_R+6","floor":25.0,"key":"SMITH"},{"data":"Strike_R+7","floor":32.0,"key":"SMITH"},{"data":"Strike_R+8","floor":42.0,"key":"SMITH"},{"data":"Demon Form","floor":45.0,"key":"SMITH"},{"data":"Dual Wield","floor":49,"key":"SMITH"},{"data":"Strike_R+8","floor":52,"key":"SMITH"}],"circlet_count":0,"master_deck":["Defend_R+1","Defend_R+1","Dual Wield+1","Demon Form+1","Strike_R+9"],"relics":["Burning Blood","The Courier","Replay:WaspNest","Centennial Puzzle","MerchantsRug","Red Skull","Replay:Wax Seal","Pantograph","Mercury Hourglass","Potion Belt","Blue Doll","Pear","Paper Frog","Counterbalance","Replay:PocketPolymizer","Anchor","Happy Flower","ReplayFunnel","Torii","Darkstone Periapt","Guide Book","Du-Vu Doll","Eternal Feather","Pondfish Scales","Replay:Towering Pillar of Hats","Sundial","Mirror","Turnip","MealTicket","Blood Vial","Question Card","Boot","Akabeko","Ice Cream","Tiny Chest","Bag of Marbles","Simple Rune","White Beast Statue","Ancient Tea Set","Oddly Smooth Stone","Iron Hammer","Nunchaku","StrikeDummy","Replay:Baseball","Kunai","Replay:Bandana","Replay:Accelerometer","Ornamental Fan","Art of War","DollysMirror","TungstenRod","Letter Opener","Thread and Needle","MawBank","Whetstone","Gremlin Horn","WingedGreaves","Bronze Scales","CultistMask","Snack Pack","Black Star","FossilizedHelix","Ginger","Replay:Ringing Soul","Strawberry","Replay:Rubber Ducky","Lantern","SlaversCollar","Replay:Bottled Steam","Onion Ring","Bird Faced Urn","Pen Nib","Omamori","Replay:Mystery Machine","Orichalcum","Membership Card","Vajra","HornCleat","War Paint","King of Hearts"],"acts_visited":["Exordium","TheCity","TheBeyond","TheEnding"],"potions_floor_usage":[50,50,50,55,55,55,55,55,55,55],"damage_taken":[{"damage":0.0,"enemies":"Cultist","floor":1.0,"turns":1.0},{"damage":0.0,"enemies":"Small Slimes","floor":4.0,"turns":1.0},{"damage":0.0,"enemies":"2 Louse","floor":5.0,"turns":1.0},{"damage":0.0,"enemies":"3 Sentries","floor":7.0,"turns":3.0},{"damage":0.0,"enemies":"Gremlin Nob","floor":11.0,"turns":2.0},{"damage":0.0,"enemies":"3 Sentries","floor":13.0,"turns":2.0},{"damage":0.0,"enemies":"Exordium Thugs","floor":14.0,"turns":1.0},{"damage":0.0,"enemies":"Fading Forest","floor":16.0,"turns":11.0},{"damage":0.0,"enemies":"3 Byrds","floor":18.0,"turns":2.0},{"damage":0.0,"enemies":"Spheric Guardian","floor":19.0,"turns":2.0},{"damage":0.0,"enemies":"Shelled Parasite and Fungi","floor":20.0,"turns":1.0},{"damage":0.0,"enemies":"Book of Stabbing","floor":24.0,"turns":1.0},{"damage":0.0,"enemies":"Slavers","floor":27.0,"turns":1.0},{"damage":0.0,"enemies":"Snake Plant","floor":28.0,"turns":1.0},{"damage":0.0,"enemies":"3 Cultists","floor":29.0,"turns":1.0},{"damage":0.0,"enemies":"Snecko","floor":31.0,"turns":1.0},{"damage":0.0,"enemies":"Pondfish","floor":33.0,"turns":3.0},{"damage":0.0,"enemies":"Orb Walker","floor":35.0,"turns":1.0},{"damage":0.0,"enemies":"3 Darklings","floor":38.0,"turns":1.0},{"damage":0.0,"enemies":"R_Hoarder","floor":40.0,"turns":1.0},{"damage":0.0,"enemies":"Giant Head","floor":44.0,"turns":1.0},{"damage":0,"enemies":"Transient","floor":47,"turns":5},{"damage":0,"enemies":"Writhing Mass","floor":48,"turns":5},{"damage":0,"enemies":"Donu and Deca","floor":50,"turns":23},{"damage":0,"enemies":"Shield and Spear","floor":54,"turns":1},{"damage":40,"enemies":"The Heart","floor":55,"turns":14}],"seed_played":"5978272540385344707","potions_obtained":[{"floor":1.0,"key":"LiquidMemories"},{"floor":4.0,"key":"BlessingOfTheForge"},{"floor":5.0,"key":"FearPotion"},{"floor":7.0,"key":"BloodPotion"},{"floor":54,"key":"Explosive Potion"}],"is_trial":false,"path_per_floor":["M","$","?","M","M","R","E","T","T","R","E","?","E","M","R","B",null,"M","M","M","$","?","R","E","R","T","E","M","M","T","M","R","B",null,"M","?","?","M","$","E","T","R","T","E","R","?","M","M","R","B",null,"R","$","E","B"],"character_chosen":"IRONCLAD","items_purchased":["Replay:WaspNest","Centennial Puzzle","MerchantsRug","Red Skull","Replay:Wax Seal","Pantograph","Mercury Hourglass","Potion Belt","Blue Doll","Pear","Paper Frog","Counterbalance","Replay:PocketPolymizer","Anchor","Happy Flower","ReplayFunnel","Torii","Darkstone Periapt","FairyPotion","Guide Book","Du-Vu Doll","Eternal Feather","Pondfish Scales","Replay:Towering Pillar of Hats","Sundial","Mirror","Turnip","MealTicket","Blood Vial","Question Card","Boot","Akabeko","Ice Cream","Tiny Chest","Bag of Marbles","Simple Rune","White Beast Statue","Ancient Tea Set","Oddly Smooth Stone","Iron Hammer","Nunchaku","StrikeDummy","Replay:Baseball","Kunai","Replay:Bandana","Replay:Accelerometer","Ornamental Fan","Art of War","DollysMirror","TungstenRod","Letter Opener","Thread and Needle","FossilizedHelix","Dual Wield","Replay:Bottled Steam","Membership Card","Vajra","HornCleat","EntropicBrew"],"campfire_rested":0,"item_purchase_floors":[0,0,0,0,0,0,0,0,0,0,0,0,0,0,0,0,0,0,0,0,0,0,0,0,0,0,0,0,0,0,0,0,0,0,0,0,0,0,0,0,0,0,0,0,0,0,0,0,0,0,0,0,21,21,39,53,53,53,53],"current_hp_per_floor":[270,270,270,270,270,270,270,270,270,270,270,10,10,10,10,10,10,10,10,10,10,10,10,10,13,13,20,20,20,20,20,23,23,23,23,23,23,23,23,23,23,26,26,26,26,26,26,29,29,29,29,29,29,29,0,0],"gold":51,"neow_bonus":"","is_daily":false,"chose_seed":false,"campfire_upgraded":10,"win_rate":0.0,"timestamp":1614325189,"path_taken":["M","?","?","M","?","R","E","?","T","R","E","?","E","M","R","BOSS","M","M","?","$","?","R","E","R","T","E","M","M","?","M","R","BOSS","M","?","?","?","$","E","?","R","T","E","R","?","?","M","R","BOSS","R","$","E","BOSS"],"items_purchased_type":["Relic","Relic","Relic","Relic","Relic","Relic","Relic","Relic","Relic","Relic","Relic","Relic","Relic","Relic","Relic","Relic","Relic","Relic","Potion","Relic","Relic","Relic","Relic","Relic","Relic","Relic","Relic","Relic","Relic","Relic","Relic","Relic","Relic","Relic","Relic","Relic","Relic","Relic","Relic","Relic","Relic","Relic","Relic","Relic","Relic","Relic","Relic","Relic","Relic","Relic","Relic","Relic","Relic","Card","Relic","Relic","Relic","Relic","Potion"],"build_version":"2020-12-22","purchased_purges":3,"victory":false,"max_hp_per_floor":[270,270,270,270,270,270,270,270,270,270,270,10,10,10,10,10,10,10,10,10,10,10,10,10,13,13,20,20,20,20,20,23,23,23,23,23,23,23,23,23,23,26,26,26,26,26,26,29,29,29,29,29,29,29,29,29],"card_choices":[{"not_picked":["Armaments","Battle Trance+1","Cleave","Iron Wave+1"],"picked":"SKIP","floor":47},{"not_picked":["ReplayTheSpireMod:Strike From Hell","ReplayTheSpireMod:LeadingStrike","Pommel Strike","Heavy Blade+1"],"picked":"SKIP","floor":54}],"player_experience":413295,"relics_obtained":[{"floor":7.0,"key":"MawBank"},{"floor":8.0,"key":"Whetstone"},{"floor":9.0,"key":"Gremlin Horn"},{"floor":11.0,"key":"Bronze Scales"},{"floor":13.0,"key":"Snack Pack"},{"floor":24.0,"key":"Ginger"},{"floor":24.0,"key":"Replay:Ringing Soul"},{"floor":27.0,"key":"Strawberry"},{"floor":27.0,"key":"Replay:Rubber Ducky"},{"floor":30.0,"key":"Lantern"},{"floor":40.0,"key":"Onion Ring"},{"floor":40.0,"key":"Bird Faced Urn"},{"floor":41.0,"key":"Pen Nib"},{"floor":43.0,"key":"Omamori"},{"floor":44.0,"key":"Replay:Mystery Machine"},{"floor":44.0,"key":"Orichalcum"},{"floor":54,"key":"War Paint"},{"floor":54,"key":"King of Hearts"}],"event_choices":[{"damage_healed":0.0,"max_hp_gain":0.0,"max_hp_loss":0.0,"gold_gain":0.0,"event_name":"Match and Keep!","player_choice":"0 cards matched","floor":3.0,"gold_loss":0.0,"damage_taken":0.0,"cards_obtained":[]},{"damage_healed":0.0,"max_hp_gain":0.0,"max_hp_loss":0.0,"gold_gain":0.0,"event_name":"FaceTrader","player_choice":"Trade","floor":12.0,"gold_loss":0.0,"damage_taken":0.0,"relics_obtained":["CultistMask"]},{"damage_healed":0.0,"max_hp_gain":0.0,"max_hp_loss":0.0,"gold_gain":99.0,"event_name":"Nest","player_choice":"Stole From Cult","floor":22.0,"gold_loss":0.0,"damage_taken":0.0},{"damage_healed":0.0,"max_hp_gain":0.0,"max_hp_loss":0.0,"gold_gain":0.0,"event_name":"NoteForYourself","player_choice":"Ignored","floor":37.0,"gold_loss":0.0,"damage_taken":0.0},{"damage_healed":0.0,"max_hp_gain":0.0,"max_hp_loss":0.0,"gold_gain":0.0,"event_name":"Lab","player_choice":"Got Potions","floor":46.0,"gold_loss":0.0,"damage_taken":0.0}],"is_beta":false,"boss_relics":[{"not_picked":["Replay:Wanted Poster","Painkiller Herb"],"picked":"Black Star"},{"not_picked":["Electric Blood","Astrolabe"],"picked":"SlaversCollar"}],"items_purged_floors":[0,0,39],"is_endless":false,"potions_floor_spawned":[1,4,5,7,11,13,14,16,18,19,20,24,27,28,29,31,33,35,38,40,44,47,48,54],"killed_by":"The Heart","ascension_level":0}}