{"host":"o3b7ow6d1xe49css","time":1614333151,"event":{"mods":["Act Like it!","Aspiration","BaseMod","Bestiary","Better Altar","Better Match","Better Note","Better Sensory Stone","Better Skull","Better Third Choice","Colored Powertips","Conspire","Energized Spire","Force Act Four","GifTheSpireLib","Halation","Hermit","Hubris","Infinite Spire","Lobotomy","Minty Spire (QoL Compilation)","Quick Restart","Rare Cards Sparkle","Relic Filter Mod","Reliquary","Replay The Spire","Spicy Shops","Spikes Relics","StSLib","Stuff the Spire","The Blue Laboratory","The Jungle","Wandering Minibosses"],"gold_per_floor":[119,134,150,150,200,231,231,261,310,335,375,402,4,4,4,80,80,95,106,106,118,147,147,173,173,200,231,261,291,291,291,291,389,389,425,471,471,514,70,101,101,140,140,174,174,174,33,33,33,112,192,192,192,10,39,115],"floor_reached":57,"language":"ENG","playtime":3090,"items_purged":["Strike_R","Strike_R","Strike_R","Strike_R+1","Bash"],"score":3576,"play_id":"7984629f-5198-40ce-8e12-678996487e5c","local_time":"20210226005231","daily_mods":["Heirloom","Flight"],"is_ascension_mode":true,"campfire_choices":[{"data":"Anger","floor":7,"key":"SMITH"},{"data":"Pain","floor":15,"key":"SMITH"},{"data":"AscendersBane","floor":23,"key":"SMITH"},{"floor":25,"key":"RECALL"},{"data":"1","floor":32,"key":"LIFT"},{"floor":41,"key":"REST"},{"data":"2","floor":46,"key":"LIFT"},{"data":"Juggernaut","floor":53,"key":"SMITH"}],"circlet_count":0,"master_deck":["Defend_R","Defend_R+2","Defend_R","Shrug It Off","Anger+1","StuffTheSpire:Slingshot","Twin Strike","Replay:Undeath\u0027s Touch","UniverseFragment","Anger","True Grit","Rage+1","Feel No Pain","ReplayTheSpireMod:Stacked","Corruption","Thunderclap","hubris:StunningStrike","Disarm+1","Replay:Undeath\u0027s Touch+1","Pommel Strike","Juggernaut+1","Sword Boomerang","infinitespire:NeuralNetwork+1","Flame Barrier","Pot Of Greed","Pot Of Greed","Pot Of Greed","Hemokinesis+1","StuffTheSpire:Incineration","StuffTheSpire:Incineration","infinitespire:Execution"],"relics":["Burning Blood","Ring of Chaos","Mango","CogitoBucket","Champion Belt","Thread and Needle","hubris:BundleOfHerbs","halation:Pancakes","Onion Ring","halation:PrussianBluePaint","reliquary:RedPaperclip","SkinProphecy","Red Mask","reliquary:IridiumChain","SuspiciousGoo","Girya","StuffTheSpire:Mouthbags","Meat on the Bone","halation:EternalFortune","infinitespire:EvilPickle","aspiration:FrozenJewel","SpikesRelics:DaevaFist","Grinning Jar","reliquary:Firecrackers","Simple Rune","TheAbacus","Empty Cage","energizedSpire:NeverEndingSparkler","Ring of Chaos","Quantum Egg"],"acts_visited":["Exordium","TheCity","TheBeyond","Exordium","TheEnding"],"potions_floor_usage":[8,10,12,19,21,33,36,40,44,50,55],"damage_taken":[{"damage":7,"enemies":"Cultist","floor":1,"turns":4},{"damage":1,"enemies":"2 Louse","floor":2,"turns":3},{"damage":4,"enemies":"Jaw Worm","floor":3,"turns":4},{"damage":41,"enemies":"Lagavulin","floor":6,"turns":8},{"damage":16,"enemies":"3 Sentries","floor":8,"turns":8},{"damage":15,"enemies":"Lagavulin","floor":10,"turns":6},{"damage":4,"enemies":"3 Sentries","floor":12,"turns":9},{"damage":37,"enemies":"The Guardian","floor":16,"turns":10},{"damage":0,"enemies":"Spheric Guardian","floor":18,"turns":3},{"damage":4,"enemies":"conspire:FuzzyDice","floor":19,"turns":8},{"damage":4,"enemies":"Centurion and Healer","floor":21,"turns":7},{"damage":2,"enemies":"Masked Bandits","floor":22,"turns":5},{"damage":10,"enemies":"Nightmare","floor":24,"turns":6},{"damage":1,"enemies":"Book of Stabbing","floor":27,"turns":5},{"damage":20,"enemies":"Slavers","floor":28,"turns":8},{"damage":0,"enemies":"conspire:SneckoGhost","floor":29,"turns":9},{"damage":15,"enemies":"Pondfish","floor":33,"turns":9},{"damage":0,"enemies":"3 Darklings","floor":35,"turns":5},{"damage":3,"enemies":"Orb Walker","floor":36,"turns":4},{"damage":15,"enemies":"Maw","floor":38,"turns":5},{"damage":19,"enemies":"Giant Head","floor":40,"turns":6},{"damage":3,"enemies":"Reptomancer","floor":42,"turns":5},{"damage":4,"enemies":"Nemesis","floor":44,"turns":7},{"damage":16,"enemies":"infinitespire:MassOfShapes","floor":50,"turns":12},{"damage":26,"enemies":"Time Eater","floor":51,"turns":9},{"damage":6,"enemies":"Shield and Spear","floor":55,"turns":5},{"damage":39,"enemies":"The Heart","floor":56,"turns":7}],"seed_played":"-8487733586997442369","potions_obtained":[{"floor":3,"key":"blueLaboratory:AbyssPotion"},{"floor":8,"key":"blueLaboratory:SavagePotion"},{"floor":11,"key":"blueLaboratory:EntrenchedPotion"},{"floor":19,"key":"Cursed Concoction"},{"floor":24,"key":"Milkshake"},{"floor":28,"key":"DuplicationPotion"},{"floor":33,"key":"BlessingOfTheForge"},{"floor":36,"key":"HeartOfIron"},{"floor":38,"key":"DuplicationPotion"},{"floor":42,"key":"blueLaboratory:StoneskinPotion"}],"is_trial":true,"path_per_floor":["M","M","M","T","?","E","R","E","T","E","?","E","$","?","R","B",null,"M","M","$","M","?","R","NM","R","T","E","E","E","AVR","?","R","B",null,"M","M","?","M","$","E","R","E","T","E","AVR","R","$","?","R","B","B",null,"R","$","E","B",null],"character_chosen":"IRONCLAD","items_purchased":["halation:PrussianBluePaint","Feel No Pain","ReplayTheSpireMod:Stacked","Fire Potion","Flame Barrier","aspiration:FrozenJewel","StuffTheSpire:Incineration","blueLaboratory:FruitPunch"],"campfire_rested":1,"item_purchase_floors":[13,13,13,13,39,39,47,54],"current_hp_per_floor":[81,86,88,88,80,45,45,35,35,26,73,75,75,75,75,44,78,84,82,82,80,80,80,72,72,72,73,55,57,57,60,60,59,96,94,93,64,63,63,58,93,92,92,90,90,90,90,90,116,102,78,118,118,118,116,79],"gold":115,"neow_bonus":"","is_daily":false,"chose_seed":false,"campfire_upgraded":4,"win_rate":0.0,"timestamp":1614333151,"path_taken":["M","M","M","?","?","E","R","E","T","E","?","E","$","?","R","BOSS","M","M","$","?","?","R","NM","R","T","E","E","E","AVR","?","R","BOSS","M","M","?","M","$","E","R","E","T","E","AVR","R","$","?","R","BOSS","BOSS","R","$","E","BOSS"],"items_purchased_type":["Relic","Card","Card","Potion","Card","Relic","Card","Potion"],"build_version":"2020-12-22","purchased_purges":5,"victory":true,"max_hp_per_floor":[89,89,89,89,89,89,89,89,89,89,89,89,89,89,89,89,89,89,91,91,93,95,95,97,97,97,99,101,103,103,106,106,108,108,112,114,114,116,116,118,118,120,120,122,122,122,122,116,116,118,120,120,120,120,124,126],"card_choices":[{"not_picked":["Second Wind","Searing Blow"],"picked":"Shrug It Off","floor":1},{"not_picked":["OldLady","SpiderBud","Murderer"],"picked":"Singing Bowl","floor":1},{"not_picked":["Body Slam","Havoc"],"picked":"Anger","floor":2},{"not_picked":["PunishingBird","WallGazer","Laetitia"],"picked":"Singing Bowl","floor":2},{"not_picked":["Inflame","Carnage"],"picked":"StuffTheSpire:Slingshot","floor":3},{"not_picked":["FairyFestival","CrumblingArmor","WallGazer"],"picked":"Singing Bowl","floor":3},{"not_picked":["Perfected Strike","hubris:SharpeningStone"],"picked":"Twin Strike","floor":6},{"not_picked":["CENSORED","OldLady","LittlePrince"],"picked":"Singing Bowl","floor":6},{"not_picked":["StuffTheSpire:RockThrow","Havoc"],"picked":"Replay:Undeath\u0027s Touch","floor":8},{"not_picked":["MeatLantern","NakedNest"],"picked":"UniverseFragment","floor":8},{"not_picked":["Wild Strike","Sentinel"],"picked":"Anger","floor":10},{"not_picked":["MeatLantern","Variant","WallGazer"],"picked":"Singing Bowl","floor":10},{"not_picked":["Carnage","StuffTheSpire:RockThrow"],"picked":"True Grit","floor":11},{"not_picked":["True Grit","Massacre"],"picked":"Rage","floor":11},{"not_picked":["Havoc","infinitespire:OneForAll","Flex"],"picked":"SKIP","floor":12},{"not_picked":["Bludgeon","Berserk"],"picked":"Corruption","floor":16},{"not_picked":["GalaxyChild","HappyTeddy","WhiteNight"],"picked":"Singing Bowl","floor":18},{"not_picked":["Shrug It Off","Invigoration"],"picked":"Replay:Undeath\u0027s Touch+1","floor":18},{"not_picked":["True Grit","Replay:Undeath\u0027s Touch"],"picked":"Thunderclap","floor":19},{"not_picked":["Bloodbath","CherryBlossoms","Scarecrow"],"picked":"Singing Bowl","floor":21},{"not_picked":["Pummel","hubris:CleavingFinish","ReplayTheSpireMod:LeadingStrike"],"picked":"SKIP","floor":21},{"not_picked":["ReplayTheSpireMod:Stacked","Combust"],"picked":"hubris:StunningStrike","floor":24},{"not_picked":["Wellcheers","Funeral","Scarecrow"],"picked":"Singing Bowl","floor":24},{"not_picked":["Juggernaut","Wild Strike"],"picked":"Disarm+1","floor":27},{"not_picked":["Armaments","ReplayTheSpireMod:Strike From Hell","Abandon"],"picked":"SKIP","floor":28},{"not_picked":["Defy Death","Rage"],"picked":"Pommel Strike","floor":29},{"not_picked":["Feed","Double Tap"],"picked":"Juggernaut","floor":33},{"not_picked":["Shrug It Off","conspire:Charge"],"picked":"Sword Boomerang","floor":35},{"not_picked":["GreedKing","BigBird","Bloodbath"],"picked":"Singing Bowl","floor":35},{"not_picked":["ReplayTheSpireMod:Corrosion Curse","StuffTheSpire:Pyroclast","Body Slam"],"picked":"SKIP","floor":36},{"not_picked":["ReplayTheSpireMod:??????????????????????","hubris:Fate"],"picked":"infinitespire:NeuralNetwork","floor":37},{"not_picked":["Feel No Pain","Dark Embrace","Carnage"],"picked":"SKIP","floor":38},{"not_picked":["Power Through","Wild Strike","hubris:ReadiedAction+1"],"picked":"SKIP","floor":40},{"not_picked":["StuffTheSpire:Resist","hubris:CleavingFinish+1","Abandon+1"],"picked":"SKIP","floor":42},{"not_picked":["Clothesline","Absolvement","Hemokinesis+1"],"picked":"SKIP","floor":44},{"not_picked":["Clothesline","Absolvement"],"picked":"Hemokinesis+1","floor":44},{"not_picked":["infinitespire:NeuralNetwork","ReplayTheSpireMod:??????????????????????"],"picked":"infinitespire:Execution","floor":52},{"not_picked":["Flex","Pommel Strike","ReplayTheSpireMod:LeadingStrike"],"picked":"SKIP","floor":55}],"player_experience":1503794,"relics_obtained":[{"floor":4,"key":"Champion Belt"},{"floor":6,"key":"Thread and Needle"},{"floor":8,"key":"hubris:BundleOfHerbs"},{"floor":9,"key":"Lantern"},{"floor":10,"key":"Juzu Bracelet"},{"floor":11,"key":"halation:Pancakes"},{"floor":12,"key":"Onion Ring"},{"floor":22,"key":"Red Mask"},{"floor":24,"key":"reliquary:IridiumChain"},{"floor":27,"key":"SuspiciousGoo"},{"floor":28,"key":"Girya"},{"floor":29,"key":"StuffTheSpire:Mouthbags"},{"floor":40,"key":"SpikesRelics:DaevaFist"},{"floor":42,"key":"Grinning Jar"},{"floor":43,"key":"reliquary:Firecrackers"},{"floor":44,"key":"Simple Rune"},{"floor":55,"key":"Quantum Egg"}],"event_choices":[{"damage_healed":0,"gold_gain":50,"player_choice":"Touch","damage_taken":8,"max_hp_gain":0,"max_hp_loss":0,"event_name":"FaceTrader","floor":5,"gold_loss":0},{"damage_healed":0,"gold_gain":1,"player_choice":"1","damage_taken":0,"max_hp_gain":0,"max_hp_loss":0,"event_name":"betterStone:BetterStone","floor":14,"gold_loss":0},{"damage_healed":0,"gold_gain":0,"player_choice":"Fought Bandits","damage_taken":0,"max_hp_gain":0,"max_hp_loss":0,"event_name":"Masked Bandits","floor":22,"gold_loss":0},{"damage_healed":0,"gold_gain":0,"player_choice":"Max HP","damage_taken":0,"max_hp_gain":0,"max_hp_loss":6,"event_name":"Winding Halls","floor":48,"gold_loss":0}],"is_beta":false,"boss_relics":[{"not_picked":["Electric Blood","Black Blood"],"picked":"reliquary:RedPaperclip"},{"not_picked":["Painkiller Herb","aspiration:PoetsPen_weak","hubris:RunicObelisk"]},{"not_picked":["halation:Yufonium","halation:PlatinumPhoenix"],"picked":"energizedSpire:NeverEndingSparkler"}],"items_purged_floors":[30,39,45,47,54],"is_endless":true,"potions_floor_spawned":[3,8,19,24,28,33,36,38,42],"ascension_level":20}}