{"host":"trw84khdytc0ixrp","time":1614362832,"event":{"mods":["BaseMod","Downfall","Hermit","Jorbs\u0027s Wanderer Trilogy","Minty Spire (QoL Compilation)","StSLib","The Cursed","The Disciple"],"gold_per_floor":[118,133,133,145,420,28,56,76,76,76,95,95,115,142,142,243,243,263,282,282,282],"floor_reached":20,"language":"ENG","playtime":3575,"items_purged":[],"score":230,"play_id":"26bbc65b-fed9-483f-88b7-b3ba214e4e7c","local_time":"20210226190712","is_ascension_mode":true,"campfire_choices":[{"data":"TheCursedMod:AntiAging","floor":10,"key":"SMITH"},{"data":"TheCursedMod:Grudge","floor":12,"key":"SMITH"},{"floor":15,"key":"REST"}],"circlet_count":0,"master_deck":["TheCursedMod:Strike_TheCursed","TheCursedMod:Strike_TheCursed","TheCursedMod:Strike_TheCursed","TheCursedMod:Strike_TheCursed","TheCursedMod:Defend_TheCursed","TheCursedMod:Defend_TheCursed","TheCursedMod:Defend_TheCursed","TheCursedMod:Defend_TheCursed","TheCursedMod:CursedWand","TheCursedMod:CleanUpWorkshop","TheCursedMod:Dregs","TheCursedMod:Dregs","TheCursedMod:AntiAging+1","TheCursedMod:SurpriseAttack","TheCursedMod:Grudge+1","TheCursedMod:CursedBlade","Regret","TheCursedMod:Obscuration","TheCursedMod:SoulReap+1","TheCursedMod:DemonicPact","TheCursedMod:Obscuration","TheCursedMod:FleshFromBone","TheCursedMod:CollectTribute","TheCursedMod:CircleOfCorruption","TheCursedMod:ReleasedStrength+1"],"relics":["TheCursedMod:BlackMagic101","Lizard Tail","Molten Egg 2","Medical Kit","TheCursedMod:DemonicMark","Torii","WingedGreaves","TheCursedMod:OminousMark"],"acts_visited":["Exordium","TheCity"],"potions_floor_usage":[7,14,14,18],"damage_taken":[{"damage":8,"enemies":"2 Louse","floor":1,"turns":4},{"damage":1,"enemies":"Cultist","floor":2,"turns":4},{"damage":32,"enemies":"Jaw Worm","floor":4,"turns":8},{"damage":13,"enemies":"3 Sentries","floor":7,"turns":10},{"damage":15,"enemies":"Large Slime","floor":8,"turns":9},{"damage":3,"enemies":"Blue Slaver","floor":11,"turns":4},{"damage":10,"enemies":"Exordium Wildlife","floor":13,"turns":6},{"damage":40,"enemies":"Lagavulin","floor":14,"turns":11},{"damage":49,"enemies":"Slime Boss","floor":16,"turns":19},{"damage":6,"enemies":"3 Byrds","floor":18,"turns":7},{"damage":23,"enemies":"Shell Parasite","floor":19,"turns":8},{"damage":33,"enemies":"Centurion and Healer","floor":20,"turns":12}],"seed_played":"3289865508245012166","potions_obtained":[{"floor":2,"key":"champ:CounterPotion"},{"floor":7,"key":"GamblersBrew"},{"floor":8,"key":"DuplicationPotion"},{"floor":16,"key":"LiquidBronze"},{"floor":19,"key":"PowerPotion"}],"is_trial":false,"path_per_floor":["M","M","?","M","?","$","E","M","T","R","M","R","M","E","R","B",null,"M","M","M"],"character_chosen":"THE_CURSED","items_purchased":["Molten Egg 2","Medical Kit"],"campfire_rested":1,"item_purchase_floors":[6,6],"current_hp_per_floor":[69,70,52,22,22,22,11,42,42,42,47,47,47,24,52,10,94,91,80,57,57],"gold":282,"neow_bonus":"THREE_RARE_CARDS","is_daily":false,"chose_seed":false,"campfire_upgraded":2,"win_rate":0.0,"timestamp":1614362832,"path_taken":["M","M","?","M","?","$","E","M","T","R","?","R","M","E","R","BOSS","M","M","M"],"items_purchased_type":["Relic","Relic"],"build_version":"2020-12-22","purchased_purges":0,"victory":false,"max_hp_per_floor":[77,79,79,81,81,81,83,85,85,85,88,88,91,94,94,94,94,97,100,103,103],"card_choices":[{"not_picked":["TheCursedMod:StunningStrike","TheCursedMod:CircleOfAbyss"],"picked":"TheCursedMod:AntiAging","floor":0},{"not_picked":["TheCursedMod:CircleOfAmplification","TheCursedMod:CircleOfCorruption"],"picked":"TheCursedMod:SurpriseAttack","floor":1},{"not_picked":["TheCursedMod:Torture","TheCursedMod:Mangle"],"picked":"TheCursedMod:Grudge","floor":2},{"not_picked":["TheCursedMod:SpitefulPray","TheCursedMod:Obscuration"],"picked":"TheCursedMod:CursedBlade","floor":4},{"not_picked":["TheCursedMod:TroublousMinions","TheCursedMod:Stretching"],"picked":"TheCursedMod:Obscuration","floor":7},{"not_picked":["TheCursedMod:RapidMovement","TheCursedMod:Stretching"],"picked":"TheCursedMod:SoulReap+1","floor":8},{"not_picked":["TheCursedMod:SurpriseAttack+1","TheCursedMod:SaltUponWound"],"picked":"TheCursedMod:DemonicPact","floor":11},{"not_picked":["TheCursedMod:RapidMovement","TheCursedMod:SaltUponWound"],"picked":"TheCursedMod:Obscuration","floor":13},{"not_picked":["TheCursedMod:RapidMovement","TheCursedMod:ParallelWorld"],"picked":"TheCursedMod:FleshFromBone","floor":14},{"not_picked":["TheCursedMod:DemonSword+1","TheCursedMod:UltimatePain"],"picked":"TheCursedMod:CollectTribute","floor":16},{"not_picked":["TheCursedMod:CircleOfFocus","TheCursedMod:AbyssShockwave+1"],"picked":"TheCursedMod:CircleOfCorruption","floor":18},{"not_picked":["TheCursedMod:CircleOfWindfury","TheCursedMod:CircleOfAmplification"],"picked":"TheCursedMod:ReleasedStrength+1","floor":19}],"player_experience":186196,"relics_obtained":[{"floor":7,"key":"TheCursedMod:DemonicMark"},{"floor":9,"key":"Torii"},{"floor":14,"key":"WingedGreaves"}],"event_choices":[{"damage_healed":0,"gold_gain":0,"player_choice":"Success","damage_taken":18,"relics_obtained":["Lizard Tail"],"max_hp_gain":0,"max_hp_loss":0,"event_name":"Scrap Ooze","floor":3,"gold_loss":0},{"damage_healed":0,"gold_gain":275,"player_choice":"Desecrate","damage_taken":0,"max_hp_gain":0,"max_hp_loss":0,"event_name":"Golden Shrine","floor":5,"gold_loss":0,"cards_obtained":["Regret"]}],"is_beta":false,"boss_relics":[{"not_picked":["TheCursedMod:BlackMagicAdvanced","Busted Crown"],"picked":"TheCursedMod:OminousMark"}],"items_purged_floors":[],"is_endless":false,"potions_floor_spawned":[2,7,8,16,19],"killed_by":"Centurion and Healer","ascension_level":2}}