{"host":"6b00v7211em4ihns","time":1614348474,"event":{"mods":["BaseMod","Bestiary","Better Match","Minty Spire (QoL Compilation)","Relic Stats","Spicy Shops","StSLib"],"gold_per_floor":[112,128,128,140,157,157,184,184,184,184,215,232,250,275,275,275,275],"floor_reached":16,"language":"ENG","playtime":855,"items_purged":[],"score":244,"play_id":"0a520420-8f11-4325-bce9-dcbb35da1ba4","local_time":"20210226140754","is_ascension_mode":true,"campfire_choices":[{"data":"Bash","floor":6,"key":"SMITH"},{"data":"Inflame","floor":8,"key":"SMITH"},{"data":"Anger","floor":10,"key":"SMITH"},{"floor":15,"key":"REST"}],"circlet_count":0,"master_deck":["AscendersBane","Strike_R","Strike_R","Strike_R","Strike_R","Defend_R","Defend_R","Defend_R","Defend_R","Bash+1","Pommel Strike","Anger+1","Havoc","Thunderclap","Inflame+1","Dark Embrace","Sentinel","True Grit","Rage"],"relics":["Burning Blood","Darkstone Periapt","White Beast Statue","Sundial","Molten Egg 2"],"acts_visited":["Exordium"],"potions_floor_usage":[11,12,14,14,16],"damage_taken":[{"damage":3,"enemies":"2 Louse","floor":1,"turns":4},{"damage":6,"enemies":"Cultist","floor":2,"turns":3},{"damage":4,"enemies":"Small Slimes","floor":4,"turns":3},{"damage":11,"enemies":"Blue Slaver","floor":5,"turns":4},{"damage":20,"enemies":"Lagavulin","floor":7,"turns":7},{"damage":11,"enemies":"Gremlin Nob","floor":11,"turns":3},{"damage":34,"enemies":"Gremlin Gang","floor":12,"turns":4},{"damage":7,"enemies":"Looter","floor":13,"turns":4},{"damage":19,"enemies":"3 Sentries","floor":14,"turns":4},{"damage":41,"enemies":"Hexaghost","floor":16,"turns":9}],"seed_played":"-7925080820669844132","potions_obtained":[{"floor":4,"key":"Fire Potion"},{"floor":11,"key":"EssenceOfSteel"},{"floor":12,"key":"AttackPotion"},{"floor":13,"key":"SteroidPotion"},{"floor":14,"key":"FearPotion"}],"is_trial":false,"path_per_floor":["M","M","?","M","M","R","E","R","T","R","E","M","M","E","R","B"],"character_chosen":"IRONCLAD","items_purchased":[],"campfire_rested":1,"item_purchase_floors":[],"current_hp_per_floor":[78,78,78,80,75,75,61,61,61,61,56,28,27,14,38,0,0],"gold":275,"neow_bonus":"TEN_PERCENT_HP_BONUS","is_daily":false,"chose_seed":false,"campfire_upgraded":3,"win_rate":0.0,"timestamp":1614348474,"path_taken":["M","M","?","M","M","R","E","R","T","R","E","?","M","E","R","BOSS"],"items_purchased_type":[],"build_version":"2020-12-22","purchased_purges":0,"victory":false,"max_hp_per_floor":[82,82,82,82,82,82,82,82,82,82,82,82,82,82,82,82,82],"relic_stats":{"Darkstone Periapt":0,"counters":[10,45],"Sundial":[2],"obtain_stats":[{"Darkstone Periapt":7,"Sundial":11,"Molten Egg 2":14,"Burning Blood":0,"White Beast Statue":9},{"Darkstone Periapt":5,"Sundial":6,"Molten Egg 2":9,"Burning Blood":0,"White Beast Statue":5},{"Darkstone Periapt":21,"Sundial":24,"Molten Egg 2":36,"Burning Blood":0,"White Beast Statue":21}],"Burning Blood":54},"card_choices":[{"not_picked":["Sword Boomerang","Rage"],"picked":"Pommel Strike","floor":1},{"not_picked":["Warcry","Bloodletting"],"picked":"Anger","floor":2},{"not_picked":["Rupture","Blood for Blood"],"picked":"Havoc","floor":4},{"not_picked":["Pommel Strike","Heavy Blade"],"picked":"Thunderclap","floor":5},{"not_picked":["Sever Soul","Dual Wield"],"picked":"Inflame","floor":7},{"not_picked":["Thunderclap","Armaments"],"picked":"Dark Embrace","floor":11},{"not_picked":["Warcry","Infernal Blade"],"picked":"Sentinel","floor":12},{"not_picked":["Sentinel","Flex"],"picked":"True Grit","floor":13},{"not_picked":["Havoc","Rampage+1"],"picked":"Rage","floor":14}],"player_experience":2500479,"relics_obtained":[{"floor":7,"key":"Darkstone Periapt"},{"floor":9,"key":"White Beast Statue"},{"floor":11,"key":"Sundial"},{"floor":14,"key":"Molten Egg 2"}],"event_choices":[{"cards_removed":["Strike_R"],"damage_healed":0,"gold_gain":0,"player_choice":"Offered Basic","damage_taken":0,"max_hp_gain":0,"max_hp_loss":0,"event_name":"Bonfire Elementals","floor":3,"gold_loss":0}],"is_beta":false,"boss_relics":[],"items_purged_floors":[],"is_endless":false,"potions_floor_spawned":[4,11,12,13,14],"killed_by":"Hexaghost","ascension_level":20}}