{"host":"8vqkh0x3c7vpgzzm","time":1614371533,"event":{"mods":["AchievementEnabler","BaseMod","Colored Map","Colored Powertips","Curses Come First","DeckTracker","Highlight Path","Minty Spire (QoL Compilation)","Permanent Neow","Quick Restart","Random Character Mod","Rare Cards Sparkle","Relic Sorter","Relic Stats","StSLib","SuperFastMode","Unceasing Turn Reminder","egg","everything is the same but u backflip on backflip"],"gold_per_floor":[109,127,127,52,12,12,27,27,77,94,122,136,136,136,136,136,136],"floor_reached":16,"language":"ENG","playtime":430,"items_purged":[],"score":200,"play_id":"8e771197-2ab4-4218-9821-59f456193797","local_time":"20210226213213","is_ascension_mode":true,"campfire_choices":[{"data":"A Thousand Cuts","floor":6,"key":"SMITH"},{"data":"Neutralize","floor":8,"key":"SMITH"},{"floor":13,"key":"REST"},{"floor":15,"key":"REST"}],"circlet_count":0,"master_deck":["AscendersBane","Strike_G","Strike_G+1","Strike_G","Strike_G","Strike_G+1","Defend_G+1","Defend_G","Defend_G","Defend_G+1","Survivor","Neutralize+1","A Thousand Cuts+1","Caltrops","PiercingWail","Dagger Spray","Cloak And Dagger","Corpse Explosion","Cloak And Dagger"],"relics":["Ring of the Snake","War Paint","Blue Candle"],"acts_visited":["Exordium"],"potions_floor_usage":[10,11,16],"damage_taken":[{"damage":3,"enemies":"2 Louse","floor":1,"turns":4},{"damage":10,"enemies":"Small Slimes","floor":2,"turns":6},{"damage":2,"enemies":"Cultist","floor":7,"turns":5},{"damage":18,"enemies":"Exordium Wildlife","floor":10,"turns":4},{"damage":13,"enemies":"3 Sentries","floor":11,"turns":5},{"damage":3,"enemies":"Looter","floor":12,"turns":4},{"damage":33,"enemies":"Slime Boss","floor":16,"turns":10}],"seed_played":"-6037123110219815466","potions_obtained":[{"floor":5,"key":"Energy Potion"},{"floor":5,"key":"Explosive Potion"},{"floor":10,"key":"LiquidBronze"}],"is_trial":false,"path_per_floor":["M","M","?","?","?","R","M","R","T","M","E","M","R","?","R","B"],"character_chosen":"THE_SILENT","items_purchased":[],"campfire_rested":2,"item_purchase_floors":[],"current_hp_per_floor":[56,46,46,46,46,46,44,44,44,26,13,10,29,9,28,0,0],"gold":136,"neow_bonus":"ONE_RANDOM_RARE_CARD","is_daily":false,"chose_seed":false,"campfire_upgraded":2,"win_rate":0.0,"timestamp":1614371533,"path_taken":["M","M","?","?","?","R","M","R","T","M","E","?","R","?","R","BOSS"],"items_purchased_type":[],"build_version":"2020-12-22","purchased_purges":0,"victory":false,"max_hp_per_floor":[66,66,66,66,66,66,66,66,66,66,66,66,66,66,66,66,66],"relic_stats":{"counters":[7,38],"Blue Candle":[0],"War Paint":["Defend_G","Defend_G"],"obtain_stats":[{"Blue Candle":11,"War Paint":9,"Ring of the Snake":0},{"Blue Candle":5,"War Paint":3,"Ring of the Snake":0},{"Blue Candle":24,"War Paint":15,"Ring of the Snake":0}],"Ring of the Snake":[14]},"card_choices":[{"not_picked":["Quick Slash","Riddle With Holes"],"picked":"Caltrops","floor":1},{"not_picked":["Quick Slash","Deadly Poison"],"picked":"PiercingWail","floor":2},{"not_picked":["Bane","Outmaneuver"],"picked":"Dagger Spray","floor":7},{"not_picked":["Dagger Spray","Infinite Blades"],"picked":"Cloak And Dagger","floor":10},{"not_picked":["Underhanded Strike","Slice"],"picked":"Corpse Explosion","floor":11},{"not_picked":["Quick Slash","Dagger Spray"],"picked":"Cloak And Dagger","floor":12}],"player_experience":664729,"relics_obtained":[{"floor":9,"key":"War Paint"},{"floor":11,"key":"Blue Candle"}],"event_choices":[{"damage_healed":0,"gold_gain":0,"player_choice":"Ignored","damage_taken":0,"max_hp_gain":0,"max_hp_loss":0,"event_name":"Liars Game","floor":3,"gold_loss":0},{"cards_removed":["Defend_G"],"damage_healed":0,"gold_gain":0,"player_choice":"Card Removal","damage_taken":0,"max_hp_gain":0,"max_hp_loss":0,"event_name":"The Cleric","floor":4,"gold_loss":75},{"damage_healed":0,"gold_gain":0,"player_choice":"Bought 3 Potions","damage_taken":0,"max_hp_gain":0,"max_hp_loss":0,"event_name":"The Woman in Blue","floor":5,"gold_loss":0},{"damage_healed":0,"gold_gain":0,"player_choice":"Entered Light","damage_taken":20,"max_hp_gain":0,"max_hp_loss":0,"event_name":"Shining Light","floor":14,"gold_loss":0,"cards_upgraded":["Strike_G","Strike_G"]}],"is_beta":false,"boss_relics":[],"items_purged_floors":[],"is_endless":false,"potions_floor_spawned":[10],"killed_by":"Slime Boss","ascension_level":20}}