{"host":"36t3qd3wjvajtu1z","time":1614318177,"event":{"mods":["2.2 Compatiblity","AchievementEnabler","BaseMod","Bestiary","Block Reminder","Colored Powertips","Curses Come First","Filter the Spire","Highlight Path","Minty Spire (QoL Compilation)","Permanent Neow","Quick Restart","Random Character Button","Rare Cards Sparkle","Relic Stats","Slay-I","StSLib","Unknown Chances"],"gold_per_floor":[360,372,385,1,17,17,30,30,57,88,88,116,191,201,201,275,275,295,295,310,92,92,121,121,150,174,174,174,174,174],"floor_reached":29,"language":"ENG","playtime":1286,"items_purged":["Defend_B","Strike_B"],"score":610,"play_id":"4ce3024b-5038-4433-a78d-0e420bd92063","local_time":"20210225214257","is_ascension_mode":true,"campfire_choices":[{"data":"Dualcast","floor":8.0,"key":"SMITH"},{"data":"Biased Cognition","floor":11.0,"key":"SMITH"},{"data":"Zap","floor":15.0,"key":"SMITH"},{"data":"Static Discharge","floor":24.0,"key":"SMITH"},{"data":"Go for the Eyes","floor":27.0,"key":"SMITH"}],"circlet_count":0,"master_deck":["AscendersBane","Defend_B","Defend_B","Defend_B","Zap+1","Dualcast+1","Cold Snap","Compile Driver","Ball Lightning","Leap","Genetic Algorithm","Conserve Battery","Biased Cognition+1","Echo Form","Coolheaded","White Noise","Glacier","Darkness","Static Discharge+1","Melter+1","Go for the Eyes+1"],"relics":["Cracked Core","White Beast Statue","Toy Ornithopter","Ancient Tea Set","Nuclear Battery","Membership Card","Oddly Smooth Stone","Blue Candle","Art of War","Nloth\u0027s Gift"],"acts_visited":["Exordium","TheCity"],"potions_floor_usage":[29],"damage_taken":[{"damage":0.0,"enemies":"2 Louse","floor":1.0,"turns":2.0},{"damage":2.0,"enemies":"Small Slimes","floor":2.0,"turns":3.0},{"damage":4.0,"enemies":"Cultist","floor":3.0,"turns":3.0},{"damage":4.0,"enemies":"Blue Slaver","floor":5.0,"turns":4.0},{"damage":3.0,"enemies":"Looter","floor":7.0,"turns":3.0},{"damage":8.0,"enemies":"Lagavulin","floor":10.0,"turns":7.0},{"damage":2.0,"enemies":"Gremlin Nob","floor":12.0,"turns":3.0},{"damage":13.0,"enemies":"Gremlin Gang","floor":14.0,"turns":4.0},{"damage":0.0,"enemies":"Hexaghost","floor":16.0,"turns":8.0},{"damage":10.0,"enemies":"Spheric Guardian","floor":18.0,"turns":4.0},{"damage":17.0,"enemies":"2 Thieves","floor":20.0,"turns":3.0},{"damage":5.0,"enemies":"Gremlin Leader","floor":23.0,"turns":5.0},{"damage":9.0,"enemies":"Book of Stabbing","floor":25.0,"turns":5.0},{"damage":22,"enemies":"Gremlin Leader","floor":29,"turns":4}],"seed_played":"719365452635747216","potions_obtained":[{"floor":2.0,"key":"Strength Potion"},{"floor":5.0,"key":"Energy Potion"},{"floor":7.0,"key":"Swift Potion"},{"floor":10.0,"key":"Strength Potion"},{"floor":12.0,"key":"Ancient Potion"},{"floor":14.0,"key":"DistilledChaos"},{"floor":16.0,"key":"Swift Potion"},{"floor":18.0,"key":"Fire Potion"},{"floor":20.0,"key":"BlessingOfTheForge"},{"floor":23.0,"key":"Fire Potion"},{"floor":25.0,"key":"Fire Potion"}],"is_trial":false,"path_per_floor":["M","M","M","$","M","?","M","R","T","E","R","E","?","M","R","B",null,"M","?","M","$","?","E","R","E","T","R","?","E"],"character_chosen":"DEFECT","items_purchased":["White Beast Statue","Leap","Membership Card"],"campfire_rested":0,"item_purchase_floors":[4,4,21],"current_hp_per_floor":[64,62,58,58,54,59,56,56,56,60,60,63,52,44,44,54,71,61,61,49,49,49,54,54,50,50,50,50,33,33],"gold":174,"neow_bonus":"TWO_FIFTY_GOLD","is_daily":false,"chose_seed":false,"campfire_upgraded":5,"win_rate":0.0,"timestamp":1614318177,"path_taken":["M","M","M","$","M","?","M","R","T","E","R","E","?","M","R","BOSS","M","?","?","$","?","E","R","E","T","R","?","E"],"items_purchased_type":["Relic","Card","Relic"],"build_version":"2020-12-22","purchased_purges":2,"victory":false,"max_hp_per_floor":[64,64,64,64,64,69,69,69,69,76,76,76,76,76,76,76,76,76,76,76,76,76,76,76,76,76,76,76,76,76],"relic_stats":{"counters":[14,58],"Blue Candle":[0],"Art of War":[1],"Nloth\u0027s Gift":0,"obtain_stats":[{"Strawberry":10,"Blue Candle":25,"Oddly Smooth Stone":23,"Art of War":26,"Nloth\u0027s Gift":28,"Membership Card":21,"Cracked Core":0,"Ancient Tea Set":12,"White Beast Statue":4,"Toy Ornithopter":9,"Nuclear Battery":17},{"Strawberry":6,"Blue Candle":13,"Oddly Smooth Stone":12,"Art of War":13,"Nloth\u0027s Gift":13,"Membership Card":11,"Cracked Core":0,"Ancient Tea Set":7,"White Beast Statue":3,"Toy Ornithopter":5,"Nuclear Battery":9},{"Strawberry":22,"Blue Candle":54,"Oddly Smooth Stone":49,"Art of War":54,"Nloth\u0027s Gift":54,"Membership Card":44,"Cracked Core":0,"Ancient Tea Set":25,"White Beast Statue":8,"Toy Ornithopter":15,"Nuclear Battery":37}],"Toy Ornithopter":50},"card_choices":[{"not_picked":["Barrage","Turbo"],"picked":"Cold Snap","floor":1.0},{"not_picked":["Barrage","Conserve Battery"],"picked":"Compile Driver","floor":2.0},{"not_picked":["Auto Shields","Loop"],"picked":"Ball Lightning","floor":3.0},{"not_picked":["Stack","Double Energy"],"picked":"Genetic Algorithm","floor":5.0},{"not_picked":["Stack","Turbo"],"picked":"Conserve Battery","floor":7.0},{"not_picked":["Coolheaded","Machine Learning"],"picked":"Biased Cognition","floor":10.0},{"not_picked":["Undo","Meteor Strike","Ball Lightning"],"picked":"SKIP","floor":12.0},{"not_picked":["Gash","Steam","Redo"],"picked":"SKIP","floor":14.0},{"not_picked":["Hyperbeam","All For One"],"picked":"Echo Form","floor":16.0},{"not_picked":["Cold Snap","Beam Cell"],"picked":"Coolheaded","floor":18.0},{"not_picked":["Sweeping Beam+1","Rip and Tear"],"picked":"Glacier","floor":20.0},{"not_picked":["Static Discharge","Aggregate"],"picked":"Melter+1","floor":23.0},{"not_picked":["Redo","Barrage+1"],"picked":"Go for the Eyes","floor":25.0}],"player_experience":622024,"relics_obtained":[{"floor":9.0,"key":"Toy Ornithopter"},{"floor":10.0,"key":"Strawberry"},{"floor":12.0,"key":"Ancient Tea Set"},{"floor":23.0,"key":"Oddly Smooth Stone"},{"floor":25.0,"key":"Blue Candle"},{"floor":26.0,"key":"Art of War"}],"event_choices":[{"damage_healed":0.0,"max_hp_gain":5.0,"max_hp_loss":0.0,"gold_gain":0.0,"event_name":"Big Fish","player_choice":"Donut","floor":6.0,"gold_loss":0.0,"damage_taken":0.0},{"damage_healed":0.0,"max_hp_gain":0.0,"max_hp_loss":0.0,"gold_gain":75.0,"event_name":"World of Goop","player_choice":"Gather Gold","floor":13.0,"gold_loss":0.0,"damage_taken":11.0},{"damage_healed":0.0,"max_hp_gain":0.0,"max_hp_loss":0.0,"gold_gain":0.0,"cards_transformed":["Strike_B"],"event_name":"Transmorgrifier","player_choice":"Transformed","floor":19.0,"gold_loss":0.0,"damage_taken":0.0,"cards_obtained":["White Noise"]},{"damage_healed":0.0,"max_hp_gain":0.0,"max_hp_loss":0.0,"gold_gain":0.0,"cards_transformed":["Strike_B","Strike_B"],"event_name":"Drug Dealer","player_choice":"Became Test Subject","floor":22.0,"gold_loss":0.0,"damage_taken":0.0,"cards_obtained":["Darkness","Static Discharge"]},{"damage_healed":0.0,"max_hp_gain":0.0,"max_hp_loss":0.0,"gold_gain":0.0,"event_name":"N\u0027loth","player_choice":"Traded Relic","floor":28.0,"relics_lost":["Strawberry"],"gold_loss":0.0,"damage_taken":0.0,"relics_obtained":["Nloth\u0027s Gift"]}],"is_beta":false,"boss_relics":[{"not_picked":["Tiny House","Cursed Key"],"picked":"Nuclear Battery"}],"items_purged_floors":[4,21],"is_endless":false,"potions_floor_spawned":[2,5,7,10,12,14,16,18,20,23,25],"killed_by":"Gremlin Leader","ascension_level":18}}