{"host":"w3q5ijqu8eoknil3","time":1614378935,"event":{"mods":["AchievementEnabler","BaseMod","Block Reminder","Colored Map","Colored Powertips","Curses Come First","Dark Map","Minty Spire (QoL Compilation)","Quick Restart","Relic Stats","StSLib","ojb\u0027s Better Paths Mod","ojb\u0027s Info Mod","slay the spire mod where everything is the same but ironclad has a cowboy hat"],"gold_per_floor":[119,119,136,136,26,55,55,55,55,68,79,90,90,115,115,115,115],"floor_reached":16,"language":"ENG","playtime":303,"items_purged":[],"score":263,"play_id":"381d718b-9e9e-4a7f-ac13-a6b4c6461d6a","local_time":"20210226223535","is_ascension_mode":true,"campfire_choices":[{"data":"Bouncing Flask","floor":7,"key":"SMITH"},{"data":"Crippling Poison","floor":13,"key":"SMITH"},{"floor":15,"key":"REST"}],"circlet_count":0,"master_deck":["AscendersBane","Strike_G","Strike_G","Strike_G","Strike_G","Strike_G+1","Defend_G","Defend_G","Defend_G","Defend_G+1","Defend_G","Survivor","Neutralize","Noxious Fumes","Bouncing Flask+1","Poisoned Stab","Flying Knee","Phantasmal Killer","Crippling Poison+1","Blade Dance","Dagger Throw","Skewer"],"relics":["Ring of the Snake","NeowsBlessing","Pear","The Courier","Potion Belt"],"acts_visited":["Exordium"],"potions_floor_usage":[14,14,16],"damage_taken":[{"damage":0,"enemies":"Jaw Worm","floor":1,"turns":1},{"damage":0,"enemies":"Small Slimes","floor":3,"turns":1},{"damage":0,"enemies":"Gremlin Nob","floor":6,"turns":1},{"damage":7,"enemies":"2 Louse","floor":10,"turns":2},{"damage":9,"enemies":"Blue Slaver","floor":11,"turns":3},{"damage":0,"enemies":"2 Fungi Beasts","floor":12,"turns":3},{"damage":12,"enemies":"Lagavulin","floor":14,"turns":6},{"damage":55,"enemies":"Slime Boss","floor":16,"turns":9}],"seed_played":"8385867094391212122","potions_obtained":[{"floor":1,"key":"ColorlessPotion"},{"floor":6,"key":"GhostInAJar"},{"floor":14,"key":"SpeedPotion"}],"is_trial":false,"path_per_floor":["M","?","M","?","$","E","R","?","T","M","M","M","R","E","R","B"],"character_chosen":"THE_SILENT","items_purchased":["Poisoned Stab","Flying Knee"],"campfire_rested":1,"item_purchase_floors":[5,5],"current_hp_per_floor":[59,64,64,43,43,53,53,53,53,46,37,37,37,25,49,0,0],"gold":115,"neow_bonus":"THREE_ENEMY_KILL","is_daily":false,"chose_seed":false,"campfire_upgraded":2,"win_rate":0.0,"timestamp":1614378935,"path_taken":["M","?","M","?","$","E","R","?","T","?","M","M","R","E","R","BOSS"],"items_purchased_type":["Card","Card"],"build_version":"2020-12-22","purchased_purges":0,"victory":false,"max_hp_per_floor":[66,71,71,71,71,81,81,81,81,81,81,81,81,81,81,81,81],"relic_stats":{"counters":[8,26],"obtain_stats":[{"Potion Belt":14,"Pear":6,"NeowsBlessing":0,"The Courier":9,"Ring of the Snake":0},{"Potion Belt":7,"Pear":3,"NeowsBlessing":0,"The Courier":3,"Ring of the Snake":0},{"Potion Belt":17,"Pear":3,"NeowsBlessing":0,"The Courier":3,"Ring of the Snake":0}],"Ring of the Snake":[16]},"card_choices":[{"not_picked":["Heel Hook","Deflect"],"picked":"Noxious Fumes","floor":1},{"not_picked":["Flying Knee","Bane"],"picked":"Bouncing Flask","floor":3},{"not_picked":["Backstab","Bane"],"picked":"Phantasmal Killer","floor":6},{"not_picked":["Deflect","Footwork"],"picked":"Crippling Poison","floor":10},{"not_picked":["Backflip","Sucker Punch"],"picked":"Blade Dance","floor":11},{"not_picked":["Underhanded Strike","Distraction"],"picked":"Dagger Throw","floor":12},{"not_picked":["Backflip","Outmaneuver"],"picked":"Skewer","floor":14}],"player_experience":1060806,"relics_obtained":[{"floor":6,"key":"Pear"},{"floor":9,"key":"The Courier"},{"floor":14,"key":"Potion Belt"}],"event_choices":[{"damage_healed":0,"gold_gain":0,"player_choice":"Donut","damage_taken":0,"max_hp_gain":5,"max_hp_loss":0,"event_name":"Big Fish","floor":2,"gold_loss":0},{"damage_healed":0,"gold_gain":0,"player_choice":"Entered Light","damage_taken":21,"max_hp_gain":0,"max_hp_loss":0,"event_name":"Shining Light","floor":4,"gold_loss":0,"cards_upgraded":["Strike_G","Defend_G"]},{"damage_healed":0,"gold_gain":0,"player_choice":"Leave","damage_taken":0,"max_hp_gain":0,"max_hp_loss":0,"event_name":"The Cleric","floor":8,"gold_loss":0}],"is_beta":false,"boss_relics":[],"items_purged_floors":[],"is_endless":false,"potions_floor_spawned":[1,6,14],"killed_by":"Slime Boss","ascension_level":19}}