{"host":"d3bsw5ou8fswq5qc","time":1614360669,"event":{"mods":["Aspiration","BaseMod","Colored Map","Conspire","Downfall","GifTheSpireLib","Googly Eyes","Minty Spire (QoL Compilation)","Replay The Spire","StSLib","Stuff the Spire","The Jungle"],"gold_per_floor":[116,132,152,165,181,208,80,80,80,113,113,145,158,176,176,277,277,296,296,346,356,151,177,177,240,240,272,371,385,385,410,410,515,515,535,535,535,204,214,214,246,256,282,294,308,336,58,74,74,74,74],"floor_reached":50,"language":"FRA","playtime":4388,"items_purged":["Strike_R","Strike_R","StuffTheSpire:CuriosityCurse"],"score":698,"play_id":"d3b24f4e-b04a-49da-ad04-55b9e6e09949","local_time":"20210226183109","is_ascension_mode":true,"campfire_choices":[{"floor":11.0,"key":"REST"},{"data":"Armaments","floor":15.0,"key":"SMITH"},{"data":"Body Slam","floor":24,"key":"SMITH"},{"data":"Metallicize","floor":30,"key":"SMITH"},{"data":"Berserk","floor":32,"key":"SMITH"},{"data":"Body Slam","floor":40,"key":"SMITH"},{"floor":49,"key":"REST"}],"circlet_count":0,"master_deck":["Strike_R","Strike_R+1","Strike_R","Defend_R","Defend_R+1","Defend_R","Defend_R","Bash","Twin Strike","Dagger Throw+1","Double Tap","StuffTheSpire:Slingshot","Armaments+1","Power Through","Spot Weakness","Cleave","Immolate","Offering","Body Slam+1","Pommel Strike+1","Metallicize+1","conspire:Charge","Wild Strike+1","Twin Strike","Berserk+1","True Grit+1","Ghostly Armor+1","Juggernaut","Heavy Blade+1","Armaments+1","Body Slam+1","StuffTheSpire:Slingshot+1","Battle Trance+1","Shrug It Off+1"],"relics":["Burning Blood","aspiration:Nostalgia","m_SnakeBloodCore","Meat on the Bone","conspire:DeflatedDodgeball","aspiration:HiddenCompartment","StuffTheSpire:Gunfinga","Honey Jar","Replay:Accelerometer","PreservedInsect","Sundial","Mercury Hourglass","Letter Opener","aspiration:SecretTechniqueScroll","StuffTheSpire:Expresso","StuffTheSpire:Nightcore","Blue Doll","Simple Rune","Orichalcum","Brimstone"],"acts_visited":["Exordium","TheCity","TheBeyond"],"potions_floor_usage":[29,33,33,50,50],"damage_taken":[{"damage":14.0,"enemies":"Small Slimes","floor":1.0,"turns":5.0},{"damage":0.0,"enemies":"Cultist","floor":2.0,"turns":2.0},{"damage":0.0,"enemies":"2 Louse","floor":3.0,"turns":4.0},{"damage":11.0,"enemies":"Looter","floor":4.0,"turns":2.0},{"damage":11.0,"enemies":"Blue Slaver","floor":5.0,"turns":4.0},{"damage":51.0,"enemies":"Lagavulin","floor":6.0,"turns":6.0},{"damage":27.0,"enemies":"3 Sentries","floor":10.0,"turns":10.0},{"damage":16.0,"enemies":"Lagavulin","floor":12.0,"turns":6.0},{"damage":2.0,"enemies":"3 Louse","floor":13.0,"turns":3.0},{"damage":7.0,"enemies":"Large Slime","floor":14.0,"turns":3.0},{"damage":31.0,"enemies":"The Guardian","floor":16.0,"turns":9.0},{"damage":12.0,"enemies":"Spheric Guardian","floor":18.0,"turns":3.0},{"damage":0.0,"enemies":"Chosen","floor":21.0,"turns":3.0},{"damage":15,"enemies":"Slavers","floor":23,"turns":2},{"damage":14,"enemies":"Gremlin Leader","floor":27,"turns":3},{"damage":19,"enemies":"Snake Plant","floor":29,"turns":3},{"damage":7,"enemies":"Book of Stabbing","floor":31,"turns":3},{"damage":51,"enemies":"conspire:MysteriousRune","floor":33,"turns":7},{"damage":0,"enemies":"Orb Walker","floor":35,"turns":3},{"damage":6,"enemies":"3 Darklings","floor":39,"turns":2},{"damage":35,"enemies":"Nemesis","floor":41,"turns":5},{"damage":10,"enemies":"Sphere and 2 Shapes","floor":42,"turns":4},{"damage":11,"enemies":"Transient","floor":44,"turns":5},{"damage":8,"enemies":"4 Shapes","floor":45,"turns":3},{"damage":45,"enemies":"Reptomancer","floor":46,"turns":4},{"damage":6,"enemies":"Maw","floor":48,"turns":4},{"damage":75,"enemies":"conspire:OrnateMirror","floor":50,"turns":4}],"seed_played":"800361393385963861","potions_obtained":[{"floor":2.0,"key":"SpeedPotion"},{"floor":5.0,"key":"GamblersBrew"},{"floor":6.0,"key":"GamblersBrew"},{"floor":10.0,"key":"Dexterity Potion"},{"floor":18.0,"key":"champ:CounterPotion"},{"floor":25,"key":"BloodPotion"},{"floor":25,"key":"sneckomod:MuddlingPotion"},{"floor":44,"key":"CultistPotion"},{"floor":46,"key":"ElixirPotion"}],"is_trial":false,"path_per_floor":["M","M","M","M","M","E","$","?","T","E","R","E","M","M","R","B",null,"M","?","?","M","$","E","R","?","T","E","?","M","R","E","R","B",null,"M","?","?","$","M","R","E","M","T","M","M","E","$","M","R","B"],"character_chosen":"IRONCLAD","items_purchased":["Armaments","Metallicize","conspire:Charge","Armaments+1","StuffTheSpire:Nightcore","Brimstone"],"campfire_rested":2,"item_purchase_floors":[7,22,22,38,38,47],"current_hp_per_floor":[75,80,80,78,76,34,34,34,34,28,52,57,64,66,66,56,80,77,77,77,80,80,74,74,74,74,69,69,59,59,61,61,47,80,80,80,80,80,80,80,54,53,53,51,52,28,28,43,67,0,0],"gold":74,"neow_bonus":"NOSTALGIA","is_daily":false,"chose_seed":false,"campfire_upgraded":5,"win_rate":0.0,"timestamp":1614360669,"path_taken":["M","M","M","M","M","E","$","?","T","E","R","E","M","M","R","BOSS","M","?","?","?","$","E","R","?","T","E","?","M","R","E","R","BOSS","M","?","?","$","M","R","E","M","T","?","M","E","$","M","R","BOSS"],"items_purchased_type":["Card","Card","Card","Card","Relic","Relic"],"build_version":"2020-12-22","purchased_purges":3,"victory":false,"max_hp_per_floor":[80,80,80,80,80,80,80,80,80,80,80,80,80,80,80,80,80,80,80,80,80,80,80,80,80,80,80,80,80,80,80,80,80,80,80,80,80,80,80,80,80,80,80,80,80,80,80,80,80,80,80],"card_choices":[{"not_picked":["ReplayTheSpireMod:Strike From Hell","StuffTheSpire:Incineration"],"picked":"Twin Strike","floor":1.0},{"not_picked":["Life Link","Headbutt"],"picked":"Dagger Throw","floor":2.0},{"not_picked":["Headbutt","Anger"],"picked":"Double Tap","floor":3.0},{"not_picked":["Fire Breathing","StuffTheSpire:Incineration","Flex"],"picked":"SKIP","floor":4.0},{"not_picked":["Heavy Blade","ReplayTheSpireMod:Corrosion Curse","Anger"],"picked":"SKIP","floor":5.0},{"not_picked":["Infernal Blade","Hemokinesis"],"picked":"StuffTheSpire:Slingshot","floor":6.0},{"not_picked":["Bloodletting","Headbutt"],"picked":"Power Through","floor":10.0},{"not_picked":["Twin Strike","StuffTheSpire:RockThrow"],"picked":"Spot Weakness","floor":12.0},{"not_picked":["StuffTheSpire:RockThrow","Warcry"],"picked":"Cleave","floor":13.0},{"not_picked":["Run Through","Iron Wave"],"picked":"Immolate","floor":14.0},{"not_picked":["Corruption","Night Terror"],"picked":"Offering","floor":16.0},{"not_picked":["Warcry","Defy Death","Anger"],"picked":"Body Slam","floor":18.0},{"not_picked":["StuffTheSpire:Resist+1","Defy Death+1","Thunderclap"],"picked":"Pommel Strike+1","floor":21.0},{"not_picked":["Cleave","Flex+1","True Grit"],"picked":"Wild Strike+1","floor":23},{"not_picked":["Fire Breathing","Run Through","Burning Pact"],"picked":"Twin Strike","floor":25},{"not_picked":["Anger","Cleave+1","Intimidate"],"picked":"Berserk","floor":27},{"not_picked":["ReplayTheSpireMod:Strike From Hell","conspire:ExplosiveBarrier","Headbutt"],"picked":"True Grit+1","floor":29},{"not_picked":["Cleave","Defy Death+1","Armaments"],"picked":"Ghostly Armor+1","floor":31},{"not_picked":["conspire:HitWhereItHurts","Hemogenesis","Bludgeon"],"picked":"Juggernaut","floor":33},{"not_picked":["ReplayTheSpireMod:Strike From Hell","Thunderclap","Havoc"],"picked":"Heavy Blade+1","floor":35},{"not_picked":["ReplayTheSpireMod:Strike From Hell","StuffTheSpire:Incineration+1","Pommel Strike+1"],"picked":"Body Slam","floor":39},{"not_picked":["Abandon","Thunderclap","Hemokinesis+1"],"picked":"StuffTheSpire:Slingshot+1","floor":41},{"not_picked":["StuffTheSpire:Incineration+1","Fire Breathing+1","Carnage+1"],"picked":"Battle Trance+1","floor":42},{"not_picked":["Carnage","Cleave","Thunderclap+1"],"picked":"Shrug It Off+1","floor":44},{"not_picked":["StuffTheSpire:Resist+1","Pommel Strike","Heavy Blade","Intimidate+1"],"picked":"SKIP","floor":45},{"not_picked":["Bloodletting+1","Sword Boomerang","Anger+1","Rupture+1"],"picked":"SKIP","floor":46},{"not_picked":["Fiend Fire","conspire:Charge+1","Thunderclap+1","Flex"],"picked":"SKIP","floor":48}],"player_experience":316333,"relics_obtained":[{"floor":6.0,"key":"Meat on the Bone"},{"floor":9.0,"key":"conspire:DeflatedDodgeball"},{"floor":10.0,"key":"aspiration:HiddenCompartment"},{"floor":12.0,"key":"StuffTheSpire:Gunfinga"},{"floor":23,"key":"Replay:Accelerometer"},{"floor":25,"key":"PreservedInsect"},{"floor":26,"key":"Sundial"},{"floor":27,"key":"Mercury Hourglass"},{"floor":31,"key":"Letter Opener"},{"floor":41,"key":"Blue Doll"},{"floor":43,"key":"Simple Rune"},{"floor":46,"key":"Orichalcum"}],"event_choices":[{"damage_healed":0.0,"max_hp_gain":0.0,"max_hp_loss":0.0,"gold_gain":0.0,"event_name":"Ghosts","player_choice":"Ignored","floor":19.0,"gold_loss":0.0,"damage_taken":0.0},{"damage_healed":0.0,"max_hp_gain":0.0,"max_hp_loss":0.0,"gold_gain":100.0,"event_name":"The Joust","player_choice":"Bet on Murderer","floor":20.0,"gold_loss":50.0,"damage_taken":0.0},{"damage_healed":0,"gold_gain":99,"player_choice":"Stole From Cult","damage_taken":0,"max_hp_gain":0,"max_hp_loss":0,"event_name":"Nest","floor":28,"gold_loss":0},{"cards_removed":["ReplayTheSpireMod:Splinters"],"damage_healed":0,"gold_gain":0,"player_choice":"Purged","damage_taken":0,"max_hp_gain":0,"max_hp_loss":0,"event_name":"Purifier","floor":37,"gold_loss":0}],"is_beta":false,"boss_relics":[{"not_picked":["ReplayTheSpireMod:DimensionalGlitch","Replay:Bronze Core"],"picked":"Honey Jar"},{"not_picked":["Black Blood","StuffTheSpire:RunicConfusion"],"picked":"aspiration:SecretTechniqueScroll"}],"items_purged_floors":[7,22,47],"is_endless":false,"potions_floor_spawned":[2,5,6,10,18,44,46],"killed_by":"conspire:OrnateMirror","ascension_level":4}}