{"host":"vpk7v26cevh9misn","time":1614353338,"event":{"mods":["2.2 Compatiblity","AchievementEnabler","Act Like it!","Aspiration","BaseMod","Better Sensory Stone","BetterRewards","Bossed Relics","Energized Spire","Fiend Mod","Gold Saver","Halation","Hubris","Infinite Spire","Luminous","Marisa????????","Minty Spire (QoL Compilation)","Permanent Neow","Quick Restart","RNG Fix","Relic Stats","Reliquary","Replay The Spire","Robot Space Explorer","Ruina","Small Relic Pack","Spicy Shops","StSLib","The Judge","Uncapped"],"gold_per_floor":[110,110,123,32,32,60,60,60,141,160,175,200,220,239,239,343,343,308,318,318,352,352,352],"floor_reached":22,"language":"ENG","playtime":3443,"items_purged":[],"score":221,"play_id":"097acb80-4cb2-4339-b953-7fdbbde9bb29","local_time":"20210226102858","is_ascension_mode":false,"campfire_choices":[{"data":"Crystallizer","floor":8.0,"key":"SMITH"},{"floor":15.0,"key":"DIG"}],"circlet_count":0,"master_deck":["Strike_B","Strike_B","Strike_B","Strike_B","Defend_B","Defend_B","Defend_B","Defend_B","Zap","Dualcast+1","Steam","Auto Shields","Turbo+1","Pain","Crystallizer+1","Dagger Throw","Barrage","Night Terror","Reinforced Body","ThirdEye","Meteor Strike","Static Discharge+1","EmptyMind","Sweeping Beam","PiercingWail"],"relics":["Cracked Core","aspiration:Nostalgia","Replay:M_StaffOfTheSnake","halation:PeacePiece","WarpedTongs","reliquary:Stiletto","Ginger","Iron Hammer","Replay:Baseball","halation:QuantumPhysicsTextbook","aspiration:BursterCore","PrismaticShard","Red Mask"],"acts_visited":["Exordium","TheCity"],"potions_floor_usage":[21],"damage_taken":[{"damage":1.0,"enemies":"Cultist","floor":1.0,"turns":3.0},{"damage":2.0,"enemies":"Small Slimes","floor":3.0,"turns":3.0},{"damage":8.0,"enemies":"Replay:BlueRogue","floor":6.0,"turns":6.0},{"damage":3.0,"enemies":"2 Louse","floor":10.0,"turns":2.0},{"damage":4.0,"enemies":"Large Slime","floor":11.0,"turns":3.0},{"damage":14.0,"enemies":"Gremlin Nob","floor":12.0,"turns":4.0},{"damage":4.0,"enemies":"3 Louse","floor":13.0,"turns":1.0},{"damage":0.0,"enemies":"Exordium Wildlife","floor":14.0,"turns":4.0},{"damage":24.0,"enemies":"Slime Boss","floor":16.0,"turns":10.0},{"damage":13,"enemies":"2 Thieves","floor":18,"turns":5},{"damage":18,"enemies":"Shell Parasite","floor":19,"turns":3},{"damage":23,"enemies":"Masked Bandits","floor":21,"turns":5},{"damage":25,"enemies":"Centurion and Healer","floor":22,"turns":11}],"seed_played":"5593020377435827330","potions_obtained":[{"floor":1.0,"key":"Regen Potion"},{"floor":12.0,"key":"Elixir"},{"floor":13.0,"key":"Doom Potion"},{"floor":14.0,"key":"Ancient Potion"},{"floor":16.0,"key":"EssenceOfDarkness"}],"is_trial":false,"path_per_floor":["M","?","M","$","?","E","T","R","T","M","M","E","M","M","R","B",null,"M","M","?","?","M"],"character_chosen":"DEFECT","items_purchased":["halation:PeacePiece","Turbo+1"],"campfire_rested":0,"item_purchase_floors":[4,4],"current_hp_per_floor":[74,74,72,72,72,64,64,64,64,61,57,43,39,39,39,15,75,62,44,36,25,0,0],"gold":352,"neow_bonus":"NOSTALGIA","is_daily":false,"chose_seed":false,"campfire_upgraded":1,"win_rate":0.0,"timestamp":1614353338,"path_taken":["M","?","M","$","?","E","?","R","T","M","?","E","M","M","R","BOSS","M","?","?","?","?"],"items_purchased_type":["Relic","Card"],"build_version":"2020-12-22","purchased_purges":0,"victory":false,"max_hp_per_floor":[75,75,75,75,75,75,75,75,75,75,75,75,75,75,75,75,75,75,75,75,75,75,75],"relic_stats":{"counters":[13,60],"Ginger":[8],"aspiration:BursterCore":[5],"obtain_stats":[{"Replay:M_StaffOfTheSnake":0,"halation:QuantumPhysicsTextbook":15,"aspiration:Nostalgia":0,"Ginger":7,"aspiration:BursterCore":17,"PrismaticShard":20,"WarpedTongs":5,"Replay:Baseball":12,"reliquary:Stiletto":6,"Iron Hammer":9,"Red Mask":21,"Cracked Core":0,"halation:PeacePiece":4},{"Replay:M_StaffOfTheSnake":0,"halation:QuantumPhysicsTextbook":8,"aspiration:Nostalgia":0,"Ginger":3,"aspiration:BursterCore":9,"PrismaticShard":11,"WarpedTongs":2,"Replay:Baseball":6,"reliquary:Stiletto":3,"Iron Hammer":3,"Red Mask":12,"Cracked Core":0,"halation:PeacePiece":2},{"Replay:M_StaffOfTheSnake":0,"halation:QuantumPhysicsTextbook":26,"aspiration:Nostalgia":0,"Ginger":12,"aspiration:BursterCore":36,"PrismaticShard":44,"WarpedTongs":6,"Replay:Baseball":21,"reliquary:Stiletto":12,"Iron Hammer":12,"Red Mask":49,"Cracked Core":0,"halation:PeacePiece":6}],"WarpedTongs":[52]},"card_choices":[{"not_picked":["Gash","Reinforced Body"],"picked":"Steam","floor":1.0},{"not_picked":["ClearTheMind","Go for the Eyes"],"picked":"Auto Shields","floor":3.0},{"not_picked":["Genetic Algorithm","All For One"],"picked":"Crystallizer","floor":6.0},{"not_picked":["Go for the Eyes","Hologram"],"picked":"Dagger Throw","floor":10.0},{"not_picked":["SashWhip","Nirvana"],"picked":"Barrage","floor":11.0},{"not_picked":["CutThroughFate","Stack"],"picked":"Night Terror","floor":12.0},{"not_picked":["Glacier","Rebound"],"picked":"Reinforced Body","floor":13.0},{"not_picked":["Cold Snap","Compile Driver"],"picked":"ThirdEye","floor":14.0},{"not_picked":["Tools of the Trade","Thunder Strike"],"picked":"Meteor Strike","floor":16.0},{"not_picked":["Hologram","Scrape"],"picked":"Static Discharge+1","floor":18},{"not_picked":["Redo","Fusion"],"picked":"EmptyMind","floor":19},{"not_picked":["Beam Cell","Vengeance+1"],"picked":"Sweeping Beam","floor":20},{"not_picked":["Luminous:Dark_Apocalypse","Disarm+1"],"picked":"PiercingWail","floor":21}],"player_experience":35953,"relics_obtained":[{"floor":6.0,"key":"reliquary:Stiletto"},{"floor":7.0,"key":"Ginger"},{"floor":9.0,"key":"Iron Hammer"},{"floor":12.0,"key":"Replay:Baseball"},{"floor":15.0,"key":"halation:QuantumPhysicsTextbook"},{"floor":20,"key":"PrismaticShard"},{"floor":21,"key":"Red Mask"}],"event_choices":[{"damage_healed":0.0,"max_hp_gain":0.0,"max_hp_loss":0.0,"gold_gain":0.0,"event_name":"Upgrade Shrine","player_choice":"Upgraded","floor":2.0,"gold_loss":0.0,"damage_taken":0.0,"cards_upgraded":["Dualcast"]},{"damage_healed":0.0,"max_hp_gain":0.0,"max_hp_loss":0.0,"gold_gain":0.0,"event_name":"Accursed Blacksmith","player_choice":"Rummage","floor":5.0,"gold_loss":0.0,"damage_taken":0.0,"relics_obtained":["WarpedTongs"],"cards_obtained":["Pain"]},{"damage_healed":0,"gold_gain":0,"player_choice":"Fought Bandits","damage_taken":0,"max_hp_gain":0,"max_hp_loss":0,"event_name":"Masked Bandits","floor":21,"gold_loss":0}],"is_beta":false,"boss_relics":[{"not_picked":["hubris:RunicObelisk","Busted Crown"],"picked":"aspiration:BursterCore"}],"items_purged_floors":[],"is_endless":false,"potions_floor_spawned":[1,12,13,14,16],"killed_by":"Centurion and Healer","ascension_level":0}}