{"host":"d2gh6suihlstufn7","time":1614328955,"event":{"mods":["AchievementEnabler","BaseMod","Colored Map","Colored Powertips","Minty Spire (QoL Compilation)","Permanent Neow","Quick Restart","StSLib","SuperFastMode"],"gold_per_floor":[112,31,50,26,41,41,51,51,74,74,74,74,88,106,106,106,106],"floor_reached":16,"language":"KOR","playtime":357,"items_purged":[],"score":92,"play_id":"d5c6fc03-826b-4a44-906a-2324db2ac0d1","local_time":"20210226174235","is_ascension_mode":false,"campfire_choices":[{"data":"Accuracy","floor":6.0,"key":"SMITH"},{"data":"Footwork","floor":8.0,"key":"SMITH"},{"data":"Choke","floor":12.0,"key":"SMITH"},{"floor":15.0,"key":"REST"}],"circlet_count":0,"master_deck":["Strike_G","Strike_G","Strike_G","Strike_G","Strike_G","Defend_G","Defend_G","Defend_G","Defend_G","Defend_G","Survivor","Neutralize","Accuracy+1","Choke+1","Cloak And Dagger","Cloak And Dagger","Footwork+1","Regret"],"relics":["Ring of the Snake","Snake Skull","Oddly Smooth Stone"],"acts_visited":["Exordium"],"potions_floor_usage":[],"damage_taken":[{"damage":0.0,"enemies":"Cultist","floor":1.0,"turns":3.0},{"damage":0.0,"enemies":"Small Slimes","floor":3.0,"turns":3.0},{"damage":4.0,"enemies":"2 Louse","floor":5.0,"turns":3.0},{"damage":4.0,"enemies":"Exordium Thugs","floor":7.0,"turns":7.0},{"damage":3.0,"enemies":"Blue Slaver","floor":13.0,"turns":4.0},{"damage":26.0,"enemies":"Gremlin Gang","floor":14.0,"turns":7.0},{"damage":0,"enemies":"The Guardian","floor":16,"turns":1}],"seed_played":"-6339841243924873732","potions_obtained":[{"floor":1.0,"key":"Weak Potion"},{"floor":7.0,"key":"Block Potion"}],"is_trial":false,"path_per_floor":["M","$","M","$","M","R","M","R","T","?","?","R","M","M","R","B"],"character_chosen":"THE_SILENT","items_purchased":["Choke","Cloak And Dagger","Cloak And Dagger"],"campfire_rested":1,"item_purchase_floors":[2,2,4],"current_hp_per_floor":[70,70,70,70,66,66,62,62,62,62,55,55,52,26,47,47,47],"gold":106,"neow_bonus":"RANDOM_COMMON_RELIC","is_daily":false,"chose_seed":false,"campfire_upgraded":3,"win_rate":0.0,"timestamp":1614328955,"path_taken":["M","?","M","$","M","R","M","R","T","?","?","R","M","M","R","BOSS"],"items_purchased_type":["Card","Card","Card"],"build_version":"2020-12-22","purchased_purges":0,"victory":false,"max_hp_per_floor":[70,70,70,70,70,70,70,70,70,70,70,70,70,70,70,70,70],"card_choices":[{"not_picked":["Endless Agony","Dash"],"picked":"Accuracy","floor":1.0},{"not_picked":["Underhanded Strike","Masterful Stab","Dagger Throw"],"picked":"SKIP","floor":3.0},{"not_picked":["Quick Slash","Prepared"],"picked":"Footwork","floor":5.0},{"not_picked":["Deflect","Underhanded Strike","Concentrate"],"picked":"SKIP","floor":7.0},{"not_picked":["Footwork","Distraction","Backstab"],"picked":"SKIP","floor":13.0},{"not_picked":["Riddle With Holes","Deadly Poison","Concentrate"],"picked":"SKIP","floor":14.0}],"player_experience":59711,"relics_obtained":[],"event_choices":[{"damage_healed":0.0,"max_hp_gain":0.0,"max_hp_loss":0.0,"gold_gain":0.0,"event_name":"Big Fish","player_choice":"Box","floor":10.0,"gold_loss":0.0,"damage_taken":0.0,"relics_obtained":["Oddly Smooth Stone"],"cards_obtained":["Regret"]},{"damage_healed":0.0,"max_hp_gain":0.0,"max_hp_loss":0.0,"gold_gain":0.0,"event_name":"Wheel of Change","player_choice":"Damaged","floor":11.0,"gold_loss":0.0,"damage_taken":7.0}],"is_beta":false,"boss_relics":[],"items_purged_floors":[],"is_endless":false,"potions_floor_spawned":[1,7],"killed_by":"The Guardian","ascension_level":0}}