{"host":"g792ep1fbt4i7bvb","time":1614354179,"event":{"mods":["BaseMod","Beaked The Cultist","Colored Map","Colored Powertips","DeckTracker","Highlight Path","Minty Spire (QoL Compilation)","Relic Stats","StSLib","SuperFastMode"],"gold_per_floor":[213,288,388,404,422,422,422,422,422,448,467,497,497,530,530,627,627,642,642,309,234,254,288,23,36,36,51,63,63,77,77,77,182,182,199,199,199,211,211,244,244,57,57,68,68,79,79,93,93,93],"floor_reached":51,"language":"JPN","playtime":2868,"items_purged":[],"score":878,"play_id":"2e05b054-76ce-4a93-9e98-0391625a640b","local_time":"20210227004259","is_ascension_mode":true,"campfire_choices":[{"data":"beaked:Insight","floor":6,"key":"SMITH"},{"data":"beaked:Evade","floor":8,"key":"SMITH"},{"data":"beaked:SurvivalInstinct","floor":13,"key":"SMITH"},{"data":"beaked:Flinch","floor":15,"key":"SMITH"},{"floor":32,"key":"RECALL"},{"floor":45,"key":"REST"},{"floor":47,"key":"REST"},{"floor":49,"key":"REST"}],"circlet_count":0,"master_deck":["beaked:Strike_Y+1","beaked:Strike_Y+1","beaked:Strike_Y+1","beaked:Strike_Y+1","beaked:Defend_Y+1","beaked:Defend_Y+1","beaked:Defend_Y+1","beaked:Defend_Y+1","beaked:Ceremony","beaked:Ceremony","beaked:Ceremony","beaked:Evade+1","beaked:Insight+1","beaked:Windmill","beaked:SurvivalInstinct+1","beaked:DigDeeper","beaked:Flinch+1","beaked:ScreechingChant","beaked:SurvivalInstinct","beaked:Foresight","beaked:Insight","beaked:Brace","beaked:Windmill+1","beaked:Molting","beaked:Cower+1","beaked:MaddeningMurmurs+1","Necronomicurse","beaked:KnowThyFoe","Echo Form+1","beaked:WarriorEssence+1","beaked:Flinch+1","Madness","Madness","beaked:HuntressSpirit","beaked:Negation","beaked:WarriorEssence+1","beaked:BounceBack+1","beaked:MachineSpirit+1"],"relics":["beaked:MendingPlumage","Gremlin Horn","Bottled Flame","Orichalcum","Pantograph","Oddly Smooth Stone","Fusion Hammer","Potion Belt","Letter Opener","Frozen Egg 2","beaked:ShinyBauble","Pen Nib","Necronomicon","beaked:SacredDeck","Bag of Marbles","Lee\u0027s Waffle","HornCleat"],"acts_visited":["Exordium","TheCity","TheBeyond"],"potions_floor_usage":[12,12,12,23,23,30,30,30,30,33,33,40,40,46,50,50],"damage_taken":[{"damage":18,"enemies":"Jaw Worm","floor":1,"turns":5},{"damage":15,"enemies":"Cultist","floor":4,"turns":5},{"damage":4,"enemies":"Small Slimes","floor":5,"turns":6},{"damage":20,"enemies":"Lagavulin","floor":10,"turns":6},{"damage":11,"enemies":"Blue Slaver","floor":11,"turns":7},{"damage":24,"enemies":"Gremlin Nob","floor":12,"turns":6},{"damage":38,"enemies":"3 Sentries","floor":14,"turns":14},{"damage":78,"enemies":"Hexaghost","floor":16,"turns":16},{"damage":30,"enemies":"3 Byrds","floor":18,"turns":7},{"damage":19,"enemies":"Spheric Guardian","floor":22,"turns":8},{"damage":43,"enemies":"Book of Stabbing","floor":23,"turns":9},{"damage":44,"enemies":"Cultist and Chosen","floor":25,"turns":9},{"damage":26,"enemies":"Snake Plant","floor":27,"turns":5},{"damage":17,"enemies":"Sentry and Sphere","floor":28,"turns":6},{"damage":5,"enemies":"3 Cultists","floor":30,"turns":5},{"damage":48,"enemies":"Automaton","floor":33,"turns":7},{"damage":35,"enemies":"3 Darklings","floor":35,"turns":6},{"damage":23,"enemies":"Orb Walker","floor":38,"turns":6},{"damage":56,"enemies":"Giant Head","floor":40,"turns":10},{"damage":48,"enemies":"3 Darklings","floor":44,"turns":6},{"damage":37,"enemies":"4 Shapes","floor":46,"turns":9},{"damage":36,"enemies":"Spire Growth","floor":48,"turns":6},{"damage":52,"enemies":"Time Eater","floor":50,"turns":8}],"seed_played":"-3009498202919944240","potions_obtained":[{"floor":1,"key":"Dexterity Potion"},{"floor":5,"key":"EssenceOfSteel"},{"floor":11,"key":"Weak Potion"},{"floor":16,"key":"SpeedPotion"},{"floor":22,"key":"Energy Potion"},{"floor":25,"key":"PowerPotion"},{"floor":28,"key":"EntropicBrew"},{"floor":40,"key":"SneckoOil"},{"floor":46,"key":"Weak Potion"},{"floor":48,"key":"SneckoOil"}],"is_trial":false,"path_per_floor":["M","?","?","M","M","R","T","R","T","E","M","E","R","E","R","B",null,"M","?","$","?","M","E","$","M","T","M","M","?","M","?","R","B",null,"M","?","?","M","?","E","?","$","T","M","R","M","R","M","R","B",null],"character_chosen":"BEAKED_THE_CULTIST","items_purchased":["Potion Belt","beaked:Foresight","beaked:Insight","SkillPotion","ColorlessPotion","beaked:Brace","Frozen Egg 2","beaked:Negation","Lee\u0027s Waffle"],"campfire_rested":3,"item_purchase_floors":[20,20,20,20,20,24,24,42,42],"current_hp_per_floor":[43,32,32,33,48,48,48,48,48,39,50,36,36,42,42,10,50,37,37,37,37,50,44,44,31,31,35,41,41,50,34,34,12,50,45,45,45,50,44,28,28,57,57,46,57,39,56,51,57,56],"gold":93,"neow_bonus":"HUNDRED_GOLD","is_daily":false,"chose_seed":false,"campfire_upgraded":4,"win_rate":0.0,"timestamp":1614354179,"path_taken":["M","?","?","?","M","R","?","R","T","E","M","E","R","E","R","BOSS","M","?","$","?","M","E","$","M","T","M","M","?","M","?","R","BOSS","M","?","?","M","?","E","?","$","T","M","R","M","R","M","R","BOSS"],"items_purchased_type":["Relic","Card","Card","Potion","Potion","Card","Relic","Card","Relic"],"build_version":"2020-12-22","purchased_purges":0,"victory":true,"max_hp_per_floor":[50,50,50,50,50,50,50,50,50,50,50,50,50,50,50,50,50,50,50,50,50,50,50,50,50,50,50,50,50,50,50,50,50,50,50,50,50,50,50,50,50,57,57,57,57,57,57,57,57,57],"relic_stats":{"Lee\u0027s Waffle":29,"Gremlin Horn":[17,17],"counters":[23,172],"Pantograph":24,"Pen Nib":[9],"Necronomicon":[6],"Letter Opener":[222],"Orichalcum":[246],"obtain_stats":[{"Potion Belt":20,"beaked:ShinyBauble":26,"Lee\u0027s Waffle":42,"Gremlin Horn":7,"Oddly Smooth Stone":14,"Pen Nib":29,"Letter Opener":23,"Orichalcum":10,"Frozen Egg 2":24,"Bottled Flame":9,"HornCleat":43,"Pantograph":12,"beaked:SacredDeck":34,"Fusion Hammer":17,"Necronomicon":31,"Bag of Marbles":40,"beaked:MendingPlumage":0},{"Potion Belt":9,"beaked:ShinyBauble":12,"Lee\u0027s Waffle":19,"Gremlin Horn":3,"Oddly Smooth Stone":7,"Pen Nib":14,"Letter Opener":11,"Orichalcum":4,"Frozen Egg 2":11,"Bottled Flame":3,"HornCleat":19,"Pantograph":6,"beaked:SacredDeck":16,"Fusion Hammer":8,"Necronomicon":15,"Bag of Marbles":19,"beaked:MendingPlumage":0},{"Potion Belt":72,"beaked:ShinyBauble":98,"Lee\u0027s Waffle":143,"Gremlin Horn":16,"Oddly Smooth Stone":49,"Pen Nib":109,"Letter Opener":89,"Orichalcum":22,"Frozen Egg 2":89,"Bottled Flame":16,"HornCleat":143,"Pantograph":35,"beaked:SacredDeck":121,"Fusion Hammer":65,"Necronomicon":114,"Bag of Marbles":143,"beaked:MendingPlumage":0}]},"card_choices":[{"not_picked":["beaked:TuckingFeathers","beaked:Redirect"],"picked":"beaked:Evade","floor":1},{"not_picked":["beaked:Hexing","beaked:MachineSpirit"],"picked":"beaked:Insight","floor":4},{"not_picked":["beaked:Insight","beaked:WarriorEssence"],"picked":"beaked:Windmill","floor":5},{"not_picked":["beaked:DigDeeper","beaked:Struggle"],"picked":"beaked:SurvivalInstinct","floor":10},{"not_picked":["beaked:Replenish","beaked:CursingBlood"],"picked":"beaked:DigDeeper","floor":11},{"not_picked":["beaked:Evade","beaked:DarkTribute"],"picked":"beaked:Flinch","floor":12},{"not_picked":["beaked:DigDeeper","beaked:VigorBurst","beaked:Redirect"],"picked":"SKIP","floor":14},{"not_picked":["beaked:FakeOut","beaked:Brainwash"],"picked":"beaked:ScreechingChant","floor":16},{"not_picked":["beaked:RitualOfBody","beaked:HuntressEssence+1"],"picked":"beaked:SurvivalInstinct","floor":18},{"not_picked":["beaked:Cower","beaked:Insight","beaked:Poke"],"picked":"SKIP","floor":22},{"not_picked":["beaked:FeelMyPain","beaked:Brainwash","beaked:SacrificialScars"],"picked":"SKIP","floor":23},{"not_picked":["beaked:FeelMyPain","beaked:Tradeoff"],"picked":"beaked:Windmill+1","floor":25},{"not_picked":["beaked:MimicWarrior","beaked:Overexert"],"picked":"beaked:Molting","floor":27},{"not_picked":["beaked:Redirect","beaked:Tradeoff"],"picked":"beaked:Cower+1","floor":28},{"not_picked":["beaked:DigDeep","beaked:Cower"],"picked":"beaked:MaddeningMurmurs+1","floor":30},{"not_picked":["beaked:ShadowFade","beaked:DarkPact"],"picked":"beaked:KnowThyFoe","floor":33},{"not_picked":["beaked:SurvivalInstinct+1","beaked:Poke"],"picked":"beaked:WarriorEssence+1","floor":35},{"not_picked":["beaked:FeelMyPain","beaked:Windmill+1"],"picked":"beaked:Flinch+1","floor":38},{"not_picked":["beaked:SacrificialDive","beaked:DesperateSwing"],"picked":"beaked:HuntressSpirit","floor":40},{"not_picked":["beaked:KnowThyFoe","beaked:Overpower+1"],"picked":"beaked:WarriorEssence+1","floor":44},{"not_picked":["beaked:Recite","beaked:TuckingFeathers+1"],"picked":"beaked:BounceBack+1","floor":46},{"not_picked":["beaked:DigDeep+1","beaked:SacrificialAttack"],"picked":"beaked:MachineSpirit+1","floor":48}],"player_experience":785966,"relics_obtained":[{"floor":7,"key":"Gremlin Horn"},{"floor":9,"key":"Bottled Flame"},{"floor":10,"key":"Orichalcum"},{"floor":12,"key":"Pantograph"},{"floor":14,"key":"Oddly Smooth Stone"},{"floor":23,"key":"Letter Opener"},{"floor":26,"key":"beaked:ShinyBauble"},{"floor":31,"key":"Necronomicon"},{"floor":40,"key":"Bag of Marbles"},{"floor":43,"key":"HornCleat"}],"event_choices":[{"damage_healed":0,"gold_gain":75,"player_choice":"Gather Gold","damage_taken":11,"max_hp_gain":0,"max_hp_loss":0,"event_name":"World of Goop","floor":2,"gold_loss":0},{"damage_healed":0,"gold_gain":100,"player_choice":"Pray","damage_taken":0,"max_hp_gain":0,"max_hp_loss":0,"event_name":"Golden Shrine","floor":3,"gold_loss":0},{"damage_healed":0,"gold_gain":0,"player_choice":"Simplicity","damage_taken":0,"max_hp_gain":0,"max_hp_loss":0,"event_name":"Back to Basics","floor":19,"gold_loss":0,"cards_upgraded":["beaked:Strike_Y","beaked:Strike_Y","beaked:Strike_Y","beaked:Strike_Y","beaked:Strike_Y","beaked:Strike_Y","beaked:Defend_Y","beaked:Defend_Y","beaked:Defend_Y","beaked:Defend_Y"]},{"cards_removed":["beaked:Strike_Y"],"damage_healed":0,"gold_gain":0,"player_choice":"Gave Gold","damage_taken":0,"max_hp_gain":0,"max_hp_loss":0,"event_name":"Beggar","floor":21,"gold_loss":75},{"damage_healed":0,"gold_gain":0,"player_choice":"Opened","damage_taken":0,"relics_obtained":["Pen Nib"],"max_hp_gain":0,"max_hp_loss":0,"event_name":"The Mausoleum","floor":29,"gold_loss":0},{"damage_healed":0,"gold_gain":0,"player_choice":"Obtained Book","damage_taken":16,"max_hp_gain":0,"max_hp_loss":0,"event_name":"Cursed Tome","floor":31,"gold_loss":0},{"cards_removed":["beaked:Strike_Y"],"damage_healed":0,"gold_gain":0,"player_choice":"Removed Attack","damage_taken":0,"max_hp_gain":0,"max_hp_loss":0,"event_name":"Falling","floor":36,"gold_loss":0},{"damage_healed":0,"gold_gain":0,"player_choice":"Ignored","damage_taken":0,"max_hp_gain":0,"max_hp_loss":0,"event_name":"Tomb of Lord Red Mask","floor":37,"gold_loss":0},{"damage_healed":0,"gold_gain":0,"player_choice":"Embrace Madness","damage_taken":6,"max_hp_gain":0,"max_hp_loss":0,"event_name":"Winding Halls","floor":39,"gold_loss":0,"cards_obtained":["Madness","Madness"]},{"damage_healed":0,"gold_gain":0,"player_choice":"Ignored","damage_taken":0,"max_hp_gain":0,"max_hp_loss":0,"event_name":"SecretPortal","floor":41,"gold_loss":0}],"is_beta":false,"boss_relics":[{"not_picked":["SacredBark","Velvet Choker"],"picked":"Fusion Hammer"},{"not_picked":["Cursed Key","Runic Dome"],"picked":"beaked:SacredDeck"}],"items_purged_floors":[],"is_endless":false,"potions_floor_spawned":[1,5,11,16,22,25,28,40,46,48],"ascension_level":4}}