{"host":"yhhyog5h1q67ienp","time":1614368365,"event":{"mods":["AchievementEnabler","BaseMod","Block Reminder","Colored Map","Colored Powertips","Minty Spire (QoL Compilation)","Quick Restart","Relic Stats","StSLib","ojb\u0027s Better Paths Mod","ojb\u0027s Info Mod"],"gold_per_floor":[116,116,129,140,155,155,155,155],"floor_reached":7,"language":"ENG","playtime":412,"items_purged":[],"score":86,"play_id":"682b01a4-1659-490c-8f9d-88388f922435","local_time":"20210226163925","is_ascension_mode":true,"campfire_choices":[{"data":"Night Terror","floor":6,"key":"SMITH"}],"circlet_count":0,"master_deck":["AscendersBane","Strike_G","Strike_G","Strike_G","Strike_G","Strike_G","Defend_G","Defend_G","Defend_G","Defend_G","Defend_G","Survivor","Neutralize","Dagger Throw","Night Terror+1","Flying Knee","Backflip","Dash"],"relics":["Ring of the Snake"],"acts_visited":["Exordium"],"potions_floor_usage":[],"damage_taken":[{"damage":6,"enemies":"Cultist","floor":1,"turns":5},{"damage":4,"enemies":"Jaw Worm","floor":3,"turns":3},{"damage":14,"enemies":"2 Louse","floor":4,"turns":4},{"damage":0,"enemies":"Blue Slaver","floor":5,"turns":9},{"damage":42,"enemies":"Lagavulin","floor":7,"turns":10}],"seed_played":"-3360186871913112659","potions_obtained":[{"floor":3,"key":"CultistPotion"}],"is_trial":false,"path_per_floor":["M","?","M","M","M","R","E"],"character_chosen":"THE_SILENT","items_purchased":[],"campfire_rested":0,"item_purchase_floors":[],"current_hp_per_floor":[59,59,55,41,41,41,0,0],"gold":155,"neow_bonus":"TEN_PERCENT_HP_BONUS","is_daily":false,"chose_seed":false,"campfire_upgraded":1,"win_rate":0.0,"timestamp":1614368365,"path_taken":["M","?","M","?","M","R","E"],"items_purchased_type":[],"build_version":"2020-12-22","purchased_purges":0,"victory":false,"max_hp_per_floor":[72,72,72,72,72,72,72,72],"relic_stats":{"counters":[5,31],"obtain_stats":[{"Ring of the Snake":0},{"Ring of the Snake":0},{"Ring of the Snake":0}],"Ring of the Snake":[10]},"card_choices":[{"not_picked":["Bane","Deadly Poison"],"picked":"Dagger Throw","floor":1},{"not_picked":["Deadly Poison","Acrobatics"],"picked":"Flying Knee","floor":3},{"not_picked":["Heel Hook","Dodge and Roll"],"picked":"Backflip","floor":4},{"not_picked":["Sucker Punch","Deadly Poison"],"picked":"Dash","floor":5}],"player_experience":1533229,"relics_obtained":[],"event_choices":[{"damage_healed":0,"gold_gain":0,"player_choice":"1 cards matched","damage_taken":0,"max_hp_gain":0,"max_hp_loss":0,"event_name":"Match and Keep!","floor":2,"gold_loss":0,"cards_obtained":["Night Terror"]}],"is_beta":false,"boss_relics":[],"items_purged_floors":[],"is_endless":false,"potions_floor_spawned":[3],"killed_by":"Lagavulin","ascension_level":20}}