{"host":"atc9njsbcy6dgluf","time":1614366719,"event":{"mods":["BaseMod","Better Match","Minty Spire (QoL Compilation)","StSLib","The Necromancer"],"gold_per_floor":[115,125,141,161,173,173,173,192,217,236,265,265,277,294,294,398,398,410,427,446,446,446,446],"floor_reached":22,"language":"ENG","playtime":2506,"items_purged":[],"score":194,"play_id":"3f123042-bda6-4f77-8471-45843c780560","local_time":"20210226201159","is_ascension_mode":false,"campfire_choices":[{"data":"Summon_Undead_Army","floor":12,"key":"SMITH"},{"floor":15,"key":"REST"}],"circlet_count":0,"master_deck":["Strike_W","Strike_W","Strike_W","Defend_W","Defend_W","Defend_W","Negative_Energy_Arrows","Bone_Wall","Flesh_Made_Foul","Summon_Undead_Army+1","Finger_Of_Death","Negative_Energy_Mist","Death_March_Dance","Cloudkill","Bone_Armory","Spectral_Armor","Negative_Energy_Shield","Skeleton_Dragon","Bones_to_Steel","Bone_Armor"],"relics":["Vampire_Amulet","Eternal Feather","PreservedInsect","Dream Catcher","Empty Cage"],"acts_visited":["Exordium","TheCity"],"potions_floor_usage":[5,11,18,19,20,20,22],"damage_taken":[{"damage":2.0,"enemies":"Jaw Worm","floor":1.0,"turns":4.0},{"damage":0.0,"enemies":"Small Slimes","floor":2.0,"turns":3.0},{"damage":2.0,"enemies":"2 Louse","floor":3.0,"turns":2.0},{"damage":24.0,"enemies":"Large Slime","floor":4.0,"turns":7.0},{"damage":12,"enemies":"Lots of Slimes","floor":5,"turns":2},{"damage":7,"enemies":"Exordium Thugs","floor":8,"turns":5},{"damage":13,"enemies":"Looter","floor":10,"turns":3},{"damage":18,"enemies":"Lagavulin","floor":11,"turns":4},{"damage":17,"enemies":"Lots of Slimes","floor":13,"turns":3},{"damage":14,"enemies":"Large Slime","floor":14,"turns":6},{"damage":25,"enemies":"Hexaghost","floor":16,"turns":11},{"damage":6,"enemies":"Spheric Guardian","floor":18,"turns":6},{"damage":16,"enemies":"2 Thieves","floor":19,"turns":4},{"damage":36,"enemies":"3 Cultists","floor":20,"turns":6},{"damage":39,"enemies":"Centurion and Healer","floor":22,"turns":9}],"seed_played":"1547189598090418409","potions_obtained":[{"floor":2.0,"key":"SneckoOil"},{"floor":3.0,"key":"ColorlessPotion"},{"floor":4.0,"key":"LiquidMemories"},{"floor":10,"key":"Strength Potion"},{"floor":14,"key":"SneckoOil"},{"floor":16,"key":"AttackPotion"},{"floor":18,"key":"Fire Potion"},{"floor":20,"key":"Dexterity Potion"}],"is_trial":false,"path_per_floor":["M","M","M","M","M","?","?","M","T","M","E","R","M","M","R","B",null,"M","M","M","?","M"],"character_chosen":"NECROMANCER","items_purchased":[],"campfire_rested":1,"item_purchase_floors":[],"current_hp_per_floor":[82,82,82,62,60,57,57,54,54,43,27,36,29,19,52,29,82,78,66,36,36,0,0],"gold":446,"neow_bonus":"TEN_PERCENT_HP_BONUS","is_daily":false,"chose_seed":false,"campfire_upgraded":1,"win_rate":0.0,"timestamp":1614366719,"path_taken":["M","M","M","M","M","?","?","M","T","?","E","R","M","M","R","BOSS","M","M","M","?","M"],"items_purchased_type":[],"build_version":"2020-12-22","purchased_purges":0,"victory":false,"max_hp_per_floor":[82,82,82,82,82,82,82,82,82,82,82,82,82,82,82,82,82,82,82,82,82,82,82],"card_choices":[{"not_picked":["Bone_Armor","Death_Coil","Blood_Whip"],"picked":"SKIP","floor":1.0},{"not_picked":["Vampiric_Strike","Consume_Illness"],"picked":"Flesh_Made_Foul","floor":2.0},{"not_picked":["Corrupt","Necrotic_Claws"],"picked":"Summon_Undead_Army","floor":3.0},{"not_picked":["Bone_Spikes","Chill_Blood"],"picked":"Finger_Of_Death","floor":4.0},{"not_picked":["Detonate_Bones","Blood_Whip"],"picked":"Negative_Energy_Mist","floor":5},{"not_picked":["Violent_Necrosis","Negative_Energy_Sphere"],"picked":"Death_March_Dance","floor":8},{"not_picked":["Bone_Spikes","Shackles_Of_Pain"],"picked":"Cloudkill","floor":10},{"not_picked":["Siphon_Strength","Vampiric_Strike"],"picked":"Bone_Armory","floor":11},{"not_picked":["Chill_Blood","Blood_Whip","Blood_Curse"],"picked":"SKIP","floor":13},{"not_picked":["Bone_Shift","Shade_Step"],"picked":"Spectral_Armor","floor":14},{"not_picked":["Negative_Energy_Mist","Negative_Energy_Sphere"],"picked":"Negative_Energy_Shield","floor":15},{"not_picked":["Reap_The_Weak","Requiem"],"picked":"Skeleton_Dragon","floor":16},{"not_picked":["Negative_Energy_Sphere","Bone_Shift+1","Bone_Bullets"],"picked":"SKIP","floor":18},{"not_picked":["Bone_Shift","Spectral_Walk+1"],"picked":"Bones_to_Steel","floor":19},{"not_picked":["Summon_Undead_Army","Negative_Energy_Mist+1"],"picked":"Bone_Armor","floor":20}],"player_experience":590620,"relics_obtained":[{"floor":9,"key":"PreservedInsect"},{"floor":11,"key":"Dream Catcher"}],"event_choices":[{"damage_healed":0,"gold_gain":0,"player_choice":"Success","damage_taken":3,"relics_obtained":["Eternal Feather"],"max_hp_gain":0,"max_hp_loss":0,"event_name":"Scrap Ooze","floor":6,"gold_loss":0},{"damage_healed":0,"gold_gain":0,"player_choice":"Leave","damage_taken":0,"max_hp_gain":0,"max_hp_loss":0,"event_name":"The Cleric","floor":7,"gold_loss":0},{"damage_healed":0,"gold_gain":0,"player_choice":"Ignored","damage_taken":0,"max_hp_gain":0,"max_hp_loss":0,"event_name":"Cursed Tome","floor":21,"gold_loss":0}],"is_beta":false,"boss_relics":[{"not_picked":["Snecko Eye","Runic Pyramid"],"picked":"Empty Cage"}],"items_purged_floors":[],"is_endless":false,"potions_floor_spawned":[2,3,4,10,14,16,18,20],"killed_by":"Centurion and Healer","ascension_level":0}}