{"host":"xo57gvsl7e0wfzti","time":1614337684,"event":{"mods":["BaseMod","Minty Spire (QoL Compilation)"],"gold_per_floor":[113,113,32,32,47,73,92,117,169,169,180,180,47,66,66,137,137,154,169,69,69,69,69,99,45,45,45,45,78,78,91,91,163,163,177,190,18,18,18],"floor_reached":38,"language":"ENG","playtime":1004,"items_purged":["Pain","Strike_R"],"score":823,"play_id":"b31792a8-ed73-467c-97f4-2fb846516d47","local_time":"20210226030804","is_ascension_mode":true,"campfire_choices":[{"data":"Bash","floor":10,"key":"SMITH"},{"data":"Perfected Strike","floor":12,"key":"SMITH"},{"data":"Shockwave","floor":15,"key":"SMITH"},{"data":"J.A.X.","floor":23,"key":"SMITH"},{"floor":27,"key":"REST"},{"floor":32,"key":"REST"}],"circlet_count":0,"master_deck":["AscendersBane","Strike_R","Strike_R","Strike_R","Strike_R","Defend_R","Defend_R","Defend_R","Defend_R","Bash+1","Perfected Strike+1","Battle Trance","Iron Wave","Pommel Strike","Twin Strike","Spot Weakness","Shockwave+1","Twin Strike","Clothesline","Feed","Decay","J.A.X.+1","Feed","Pommel Strike","Immolate+1","Perfected Strike+1","Reaper+1"],"relics":["Burning Blood","NeowsBlessing","WarpedTongs","InkBottle","Regal Pillow","Tiny Chest","Mark of Pain","StrikeDummy","Molten Egg 2","Question Card","Pantograph","Black Star","Orichalcum"],"acts_visited":["Exordium","TheCity","TheBeyond"],"potions_floor_usage":[8,11,16,24,36],"damage_taken":[{"damage":0,"enemies":"Jaw Worm","floor":1,"turns":1},{"damage":0,"enemies":"Cultist","floor":5,"turns":1},{"damage":1,"enemies":"3 Sentries","floor":6,"turns":2},{"damage":3,"enemies":"Small Slimes","floor":7,"turns":3},{"damage":29,"enemies":"Lagavulin","floor":8,"turns":7},{"damage":4,"enemies":"2 Fungi Beasts","floor":11,"turns":2},{"damage":11,"enemies":"Looter","floor":14,"turns":2},{"damage":24,"enemies":"Hexaghost","floor":16,"turns":9},{"damage":8,"enemies":"3 Byrds","floor":18,"turns":5},{"damage":17,"enemies":"2 Thieves","floor":19,"turns":3},{"damage":22,"enemies":"Gremlin Leader","floor":24,"turns":5},{"damage":46,"enemies":"Book of Stabbing","floor":29,"turns":5},{"damage":28,"enemies":"Snecko","floor":31,"turns":4},{"damage":67,"enemies":"Collector","floor":33,"turns":7},{"damage":75,"enemies":"3 Darklings","floor":35,"turns":7},{"damage":7,"enemies":"Orb Walker","floor":36,"turns":3},{"damage":48,"enemies":"Writhing Mass","floor":38,"turns":4}],"seed_played":"-8438175498888029483","potions_obtained":[{"floor":2,"key":"Energy Potion"},{"floor":2,"key":"AttackPotion"},{"floor":11,"key":"Dexterity Potion"},{"floor":16,"key":"FairyPotion"},{"floor":18,"key":"Regen Potion"},{"floor":29,"key":"FearPotion"}],"is_trial":false,"path_per_floor":["M","?","$","?","M","E","M","E","T","R","M","R","$","M","R","B",null,"M","M","$","?","?","R","E","$","T","R","T","E","?","M","R","B",null,"M","M","$","M"],"character_chosen":"IRONCLAD","items_purchased":["Battle Trance","Twin Strike","Pommel Strike","Orichalcum"],"campfire_rested":2,"item_purchase_floors":[3,13,25,37],"current_hp_per_floor":[74,74,74,74,75,75,75,52,52,52,54,54,54,49,49,31,64,62,51,51,51,51,51,49,49,49,75,75,35,35,16,54,17,63,10,16,16,0,0],"gold":18,"neow_bonus":"THREE_ENEMY_KILL","is_daily":false,"chose_seed":false,"campfire_upgraded":4,"win_rate":0.0,"timestamp":1614337684,"path_taken":["M","?","?","?","M","E","M","E","T","R","?","R","$","M","R","BOSS","M","M","$","?","?","R","E","$","T","R","?","E","?","M","R","BOSS","M","M","$","M"],"items_purchased_type":["Card","Card","Card","Relic"],"build_version":"2020-12-22","purchased_purges":2,"victory":false,"max_hp_per_floor":[75,75,75,75,75,75,75,75,75,75,75,75,75,75,75,75,75,75,75,75,75,75,75,75,75,75,75,75,75,75,78,78,78,78,78,78,78,78,78],"card_choices":[{"not_picked":["Warcry","Intimidate"],"picked":"Perfected Strike","floor":1},{"not_picked":["Armaments","Sword Boomerang"],"picked":"Iron Wave","floor":5},{"not_picked":["Armaments","Dual Wield"],"picked":"Pommel Strike","floor":6},{"not_picked":["Entrench","Metallicize"],"picked":"Twin Strike","floor":7},{"not_picked":["Twin Strike","Offering"],"picked":"Spot Weakness","floor":8},{"not_picked":["Dropkick","Flame Barrier"],"picked":"Shockwave","floor":11},{"not_picked":["Fire Breathing","Anger"],"picked":"Clothesline","floor":14},{"not_picked":["Impervious","Corruption"],"picked":"Feed","floor":16},{"not_picked":["Clash","Searing Blow","Entrench+1"],"picked":"SKIP","floor":18},{"not_picked":["Sword Boomerang","Bloodletting","Metallicize"],"picked":"SKIP","floor":19},{"not_picked":["Anger","Thunderclap"],"picked":"Feed","floor":24},{"not_picked":["Spot Weakness","Pommel Strike+1","Fire Breathing"],"picked":"Immolate+1","floor":29},{"not_picked":["Thunderclap+1","Shrug It Off","Body Slam+1"],"picked":"Perfected Strike+1","floor":31},{"not_picked":["Barricade","Brutality","Offering"],"picked":"Reaper+1","floor":33},{"not_picked":["Thunderclap+1","Clothesline+1","Pummel+1","Rampage+1"],"picked":"SKIP","floor":35},{"not_picked":["Reckless Charge+1","Dropkick+1","Heavy Blade+1","Intimidate"],"picked":"SKIP","floor":36}],"player_experience":747992,"relics_obtained":[{"floor":6,"key":"InkBottle"},{"floor":8,"key":"Regal Pillow"},{"floor":9,"key":"Tiny Chest"},{"floor":24,"key":"StrikeDummy"},{"floor":26,"key":"Molten Egg 2"},{"floor":28,"key":"Question Card"},{"floor":29,"key":"Pantograph"}],"event_choices":[{"damage_healed":0,"gold_gain":0,"player_choice":"Got Potions","damage_taken":0,"max_hp_gain":0,"max_hp_loss":0,"event_name":"Lab","floor":2,"gold_loss":0},{"damage_healed":0,"gold_gain":0,"player_choice":"Rummage","damage_taken":0,"relics_obtained":["WarpedTongs"],"max_hp_gain":0,"max_hp_loss":0,"event_name":"Accursed Blacksmith","floor":4,"gold_loss":0,"cards_obtained":["Pain"]},{"damage_healed":0,"gold_gain":0,"player_choice":"Smashed Altar","damage_taken":0,"max_hp_gain":0,"max_hp_loss":0,"event_name":"Forgotten Altar","floor":21,"gold_loss":0,"cards_obtained":["Decay"]},{"damage_healed":0,"gold_gain":0,"player_choice":"Obtain J.A.X.","damage_taken":0,"max_hp_gain":0,"max_hp_loss":0,"event_name":"Drug Dealer","floor":22,"gold_loss":0,"cards_obtained":["J.A.X."]},{"damage_healed":0,"gold_gain":0,"player_choice":"Ignored","damage_taken":0,"max_hp_gain":0,"max_hp_loss":0,"event_name":"The Mausoleum","floor":30,"gold_loss":0}],"is_beta":false,"boss_relics":[{"not_picked":["Pandora\u0027s Box","Fusion Hammer"],"picked":"Mark of Pain"},{"not_picked":["Philosopher\u0027s Stone","Runic Pyramid"],"picked":"Black Star"}],"items_purged_floors":[13,20],"is_endless":false,"potions_floor_spawned":[5,11,16,18,29,31],"killed_by":"Writhing Mass","ascension_level":17}}