{"host":"hx5bui4di82vxq8x","time":1614376814,"event":{"mods":["BaseMod","Colored Powertips","Dota2Spire","Friendly Minions","Library of Ruina","Minty Spire (QoL Compilation)","Quick Restart","Replay The Spire","Spicy Shops","StSLib","The Alterego","The Animator"],"gold_per_floor":[215,234,234,250,268,268,300,317,317,372,383,383,42,66,66,169,169,185,185,199,219,232,267,267,308,308,308,30,48,63,95,95,199,199,213,233,251,261,281,281,313,313,313,30,130,150,167,21,21,21,21,21,1,26,26],"floor_reached":56,"language":"ZHS","playtime":3954,"items_purged":["FrontalAssault","LightAttack+1","Doubt"],"score":1373,"play_id":"bddf06a1-ab33-455b-a572-2cefeeb02041","local_time":"20210227060014","is_ascension_mode":false,"campfire_choices":[{"data":"Ripple","floor":6.0,"key":"SMITH"},{"data":"AGoldenOpportunity","floor":15.0,"key":"SMITH"},{"data":"SunsetBlade","floor":24.0,"key":"SMITH"},{"data":"BlindFaith","floor":32.0,"key":"SMITH"},{"data":"Tttonst","floor":32.0,"key":"SMITH"},{"data":"UnavoidableGaze","floor":40.0,"key":"SMITH"},{"data":"Unlock1","floor":40.0,"key":"SMITH"},{"floor":49,"key":"RECALL"},{"data":"UnforgettableMelody","floor":52,"key":"SMITH"},{"data":"FrontalAssault","floor":52,"key":"SMITH"}],"circlet_count":0,"master_deck":["Dodge","LightDefense","LightAttack","LightAttack","LightDefense","LightDefense","LightDefense","ChargeAndCover","FocusedStrikes","Ripple+1","SpearedSweep","VioletBlade","EnergyCycle+1","FrontalAssault+1","EndlessBattle","AGoldenOpportunity+1","Unlock1+1","UnforgettableMelody+1","SunsetBlade+1","SomberProcuration+1","FlyingSword","TendonChords+1","Tttonst+1","UnavoidableGaze+1","BlindFaith+1","MindPrepared+1","Deflect_lor","CurseOfTheBell","Retaliate+1","Faith+1","SmokingPipe+1","Flash of Steel","Parry2+1","Rewind","ReplayTheSpireMod:IOU"],"relics":["PageOfLibrarian","Dota2Spire:UrnOfShadows","Replay:Bottled Steam","Simple Rune","Boot","PageOfBloodbath","Odd Mushroom","Coffee Dripper","Replay:Wax Seal","PageOfForsakenMurderer","Blood Vial","Replay:Arrowhead","PageOfNosferatu","Calling Bell","PageOfSnowWhitesApple","Incense Burner","Replay:Bottled Eggs","Dota2Spire:EchoSabre","BargainBundle","ReplayTheSpireMod:TigerMarble","Sling","Membership Card","PageOfJudgementBird"],"acts_visited":["Exordium","TheCity","TheBeyond","TheEnding"],"potions_floor_usage":[55,55],"damage_taken":[{"damage":0.0,"enemies":"Small Slimes","floor":1.0,"turns":3.0},{"damage":0.0,"enemies":"Cultist","floor":2.0,"turns":3.0},{"damage":0.0,"enemies":"2 Louse","floor":4.0,"turns":1.0},{"damage":0.0,"enemies":"2 Fungi Beasts","floor":5.0,"turns":3.0},{"damage":4.0,"enemies":"Replay:BlueRogue","floor":7.0,"turns":3.0},{"damage":4.0,"enemies":"Exordium Wildlife","floor":8.0,"turns":3.0},{"damage":3.0,"enemies":"Blue Slaver","floor":11.0,"turns":2.0},{"damage":4.0,"enemies":"The Mushroom Lair","floor":14.0,"turns":3.0},{"damage":2.0,"enemies":"Fading Forest","floor":16.0,"turns":11.0},{"damage":0.0,"enemies":"Spheric Guardian","floor":18.0,"turns":2.0},{"damage":0.0,"enemies":"Shell Parasite","floor":20.0,"turns":2.0},{"damage":8.0,"enemies":"Shelled Parasite and Fungi","floor":21.0,"turns":4.0},{"damage":9.0,"enemies":"3 Cultists","floor":22.0,"turns":5.0},{"damage":2.0,"enemies":"Slavers","floor":23.0,"turns":4.0},{"damage":0.0,"enemies":"Snecko","floor":29.0,"turns":3.0},{"damage":14.0,"enemies":"Sentry and Sphere","floor":30.0,"turns":4.0},{"damage":0.0,"enemies":"Gremlin Leader","floor":31.0,"turns":5.0},{"damage":17.0,"enemies":"Champ","floor":33.0,"turns":8.0},{"damage":5.0,"enemies":"3 Shapes","floor":35.0,"turns":3.0},{"damage":0.0,"enemies":"3 Darklings","floor":36.0,"turns":2.0},{"damage":27.0,"enemies":"Spire Growth","floor":37.0,"turns":4.0},{"damage":0.0,"enemies":"Sphere and 2 Shapes","floor":38.0,"turns":3.0},{"damage":9.0,"enemies":"3 Darklings","floor":39.0,"turns":4.0},{"damage":0.0,"enemies":"Reptomancer","floor":41.0,"turns":3.0},{"damage":21,"enemies":"Writhing Mass","floor":46,"turns":5},{"damage":9,"enemies":"Maw","floor":47,"turns":5},{"damage":23,"enemies":"Awakened One","floor":50,"turns":9},{"damage":28,"enemies":"Shield and Spear","floor":54,"turns":5},{"damage":45,"enemies":"The Heart","floor":55,"turns":5}],"seed_played":"1374730129164730991","potions_obtained":[{"floor":2.0,"key":"Adrenaline Potion"},{"floor":7.0,"key":"Dexterity Potion"},{"floor":8.0,"key":"SkillPotion"},{"floor":16.0,"key":"Adrenaline Potion"},{"floor":23.0,"key":"GamblersBrew"},{"floor":30.0,"key":"Dexterity Potion"},{"floor":38.0,"key":"Fruit Juice"}],"is_trial":false,"path_per_floor":["M","M","?","M","M","R","E","M","T","T","M","?","$","?","R","B",null,"M","?","M","M","M","E","R","?","T","?","$","M","M","E","R","B",null,"M","M","M","M","M","R","E","?","T","$","?","M","M","$","R","B",null,"R","$","E","B",null],"character_chosen":"Librarian","items_purchased":["Boot","FrontalAssault","PageOfBloodbath","Replay:Arrowhead","UnavoidableGaze","BargainBundle","Flash of Steel","Parry2+1","ReplayTheSpireMod:TigerMarble","Dexterity Potion","Ancient Potion","Sling","Membership Card"],"campfire_rested":0,"item_purchase_floors":[13,13,13,28,28,44,44,44,44,44,44,48,53],"current_hp_per_floor":[60,60,60,60,61,61,57,53,53,53,50,50,50,46,46,76,76,76,76,76,68,59,57,57,57,57,57,57,62,50,61,61,56,81,80,81,64,74,78,78,81,81,81,81,81,81,81,81,81,74,82,82,82,57,60],"gold":26,"neow_bonus":"HUNDRED_GOLD","is_daily":false,"chose_seed":false,"campfire_upgraded":9,"win_rate":0.0,"timestamp":1614376814,"path_taken":["M","M","?","M","M","R","E","?","T","?","M","?","$","?","R","BOSS","M","?","M","M","M","E","R","?","T","?","$","M","M","E","R","BOSS","M","M","?","M","M","R","E","?","T","?","?","M","M","$","R","BOSS","R","$","E","BOSS"],"items_purchased_type":["Relic","Card","Relic","Relic","Card","Relic","Card","Card","Relic","Potion","Potion","Relic","Relic"],"build_version":"2020-12-22","purchased_purges":3,"victory":true,"max_hp_per_floor":[78,62,62,63,77,77,79,79,79,79,79,79,79,79,79,76,76,76,76,81,81,81,81,81,81,81,81,81,81,81,81,81,81,81,81,81,77,81,81,81,81,81,81,81,81,81,81,81,82,82,82,82,82,82,82],"card_choices":[{"not_picked":["FleetEdge","PreemptiveStrike","Guardian_lor","FlashOfSunup","VioletBlade","FierceCharge","ViolentFlame","UncannyStrike"],"picked":"Ripple","floor":1.0},{"not_picked":["Gamble","ShockingBlow","PreemptiveStrike","SharpSwipe","BalefulBrand","HighKick","ForcefulGesture","FierceCharge"],"picked":"SpearedSweep","floor":2.0},{"not_picked":["Leap_lor","TheWillOfTheCity","StrongStrike","SkitterAway","MultiHit","InkOver","ClassAndRespect","BurningFlash"],"picked":"VioletBlade","floor":4.0},{"not_picked":["DarkCloud","Thrust","EnergyStrike","ProselytesBlade","EnergyShield","Standoff","LawAndOrder","TendonChords"],"picked":"EnergyCycle","floor":5.0},{"not_picked":["Pound","HandleRequest","FervidEmotions","FaintMemories","DarkCloud","FierceOnslaught","VenomousFangs","BindingChains"],"picked":"FrontalAssault","floor":7.0},{"not_picked":["Quickness","SnakesPrey","AsThePrescriptOrders","IronWall","FleetFootsteps","UpbeatPerformance","Parry","BackAttack"],"picked":"EndlessBattle","floor":8.0},{"not_picked":["TrimTheIngredients","HandlingWork","StartinOutLightly","CoordinatedAssault","IllEndYou","WrathOfTorment","HiddenBlade","Reload"],"picked":"AGoldenOpportunity","floor":11.0},{"not_picked":["SunsetBlade","DefenseOrder","Pound","ChopItOff","BiAn","ScratchThat","ForTheFamily","SnakesPrey"],"picked":"Unlock1","floor":14.0},{"not_picked":["FleshFillet","Castigation"],"picked":"UnforgettableMelody","floor":16.0},{"not_picked":["AutonomousRush","SharpenedBlade","ProselytesBlade","SkitterAway","ShockRound","Standoff","SetFire","Wallop_lor"],"picked":"SunsetBlade","floor":18.0},{"not_picked":["FleetEdge","SweepTheBackstreets","ElectricShock","Observe","HandleRequest","ClassAndRespect","UpbeatPerformance+1","DeepDrag+1"],"picked":"EnergyShield","floor":20.0},{"not_picked":["UndertakePrescript","SkyClearingCut+1","MultiHit","MultiBlock","Reload","SharpSwipe","FlowOfTheSword","FierceCharge","LossOfSenses"],"picked":"SKIP","floor":21.0},{"not_picked":["PinpointShot+1","ShockingBlow","ShockRound","Thrust","DriedUp","GuidanceOfTheGears","StructuralAnalysis","LoosenUp+1"],"picked":"SomberProcuration+1","floor":22.0},{"not_picked":["EnergyCycle+1","BayonetCombat","ShockRound+1","Leap_lor","DriedUp","ProselytesBlade","BlindFaith","Riposte"],"picked":"FlyingSword","floor":23.0},{"not_picked":["PreemptiveStrike","Crush","WrathOfTorment","Retaliate","ButterflySlash","Standoff","Bvapour","DestructiveImpact"],"picked":"TendonChords+1","floor":25.0},{"not_picked":["Reload","ProselytesBlade+1","FierceOnslaught+1","EnergyStrike","ExtremeEdge","SharpSwipe","MultiHit","ClassAndRespect"],"picked":"Tttonst","floor":25.0},{"not_picked":["FeelinGood","FrontalAssault+1","SweepTheBackstreets","UpbeatPerformance","ShockingBlow","Decapitation","ViolentFlame","EndlessBattle","GuidanceOfTheGears"],"picked":"SKIP","floor":29.0},{"not_picked":["BalefulBrand","MultiBlock","ProselytesBlade+1","Wallop_lor+1","StayCalm","CoordinatedAssault","SinglePointStab+1","ExtractFuel"],"picked":"BlindFaith","floor":30.0},{"not_picked":["Wallop_lor","PuppetBlockade+1","Lock","DefenseOrder","GreatSerpentsImpact+1","MultiBlock","ViolentFlame+1","UpbeatPerformance"],"picked":"MindPrepared+1","floor":31.0},{"not_picked":["Eradication","Decapitation"],"picked":"Deflect_lor","floor":33.0},{"not_picked":["BattleCommand","PreemptiveStrike+1","BiAn","ChopItOff+1","HiddenBlade","CookingPrep","StrongStrike+1","ViolentFlame","QuickSuppression+1"],"picked":"SKIP","floor":35.0},{"not_picked":["BattleCommand","PreemptiveStrike+1","BiAn","ChopItOff+1","HiddenBlade","CookingPrep","StrongStrike+1","ViolentFlame","QuickSuppression+1"],"picked":"SKIP","floor":35.0},{"not_picked":["Wallop_lor+1","VioletBlade","RatsGuideToSurvival","ChopItOff","SharpSwipe+1","SerpentSwordTechnique","HighKick","BindingChains"],"picked":"Retaliate+1","floor":36.0},{"not_picked":["Multislash+1","EnergyStrike+1","Quickness+1","Tailoring+1","Diversion","GuardingStance+1","HandleRequest+1","Unlock1","Thrust"],"picked":"SKIP","floor":37.0},{"not_picked":["Multislash+1","EnergyStrike+1","Quickness+1","Tailoring+1","Diversion","GuardingStance+1","HandleRequest+1","Unlock1","Thrust"],"picked":"SKIP","floor":37.0},{"not_picked":["BlazingStrike","SwordOfVolition","ClassAndRespect+1","SummaryJudgment+1","YourShield","UnavoidableGaze","SparkingSpear+1","FieryWaltz"],"picked":"Faith+1","floor":38.0},{"not_picked":["FrontalAssault+1","BlindFaith","SerpentSwordTechnique","Zzzzzap+1","FierceOnslaught+1","SummaryJudgment+1","Unlock1+1","MultiBlock+1"],"picked":"SmokingPipe+1","floor":39.0},{"not_picked":["SomberProcuration+1","DesperateStruggle+1","QuickSuppression+1","StrikeDown","WaitUp+1","ToWhereThePrescriptPoints+1","Deflect_lor","SunsetBlade","StructuralAnalysis+1"],"picked":"SKIP","floor":41.0},{"not_picked":["SomberProcuration+1","DesperateStruggle+1","QuickSuppression+1","StrikeDown","WaitUp+1","ToWhereThePrescriptPoints+1","Deflect_lor","SunsetBlade","StructuralAnalysis+1"],"picked":"SKIP","floor":41.0},{"not_picked":["GuardingStance","HighKick+1","ShockingBlow+1","FrontalAssault+1","BlazingStrike","DesperateStruggle+1","SerpentSwordTechnique","Outburst+1"],"picked":"Rewind","floor":46},{"not_picked":["Riposte","RagingStormLove","TasteMyFlamingBat+1","InnerArdor+1","NonstopAssault","Outburst","BlindFaith+1","Rewind","IngredientHunt"],"picked":"SKIP","floor":47},{"not_picked":["SmokingPipe","EnergyShield+1","BalefulBrand","EnergyCycle","BoundaryOfDeath","SteelKnuckles","GreatSerpentsImpact","AGoldenOpportunity","Reload"],"picked":"SKIP","floor":54}],"player_experience":670809,"relics_obtained":[{"floor":7.0,"key":"Dota2Spire:UrnOfShadows"},{"floor":9.0,"key":"Replay:Bottled Steam"},{"floor":10.0,"key":"Simple Rune"},{"floor":14.0,"key":"Odd Mushroom"},{"floor":23.0,"key":"Replay:Wax Seal"},{"floor":25.0,"key":"PageOfForsakenMurderer"},{"floor":26.0,"key":"Blood Vial"},{"floor":31.0,"key":"PageOfNosferatu"},{"floor":34.0,"key":"PageOfSnowWhitesApple"},{"floor":34.0,"key":"Incense Burner"},{"floor":34.0,"key":"Replay:Bottled Eggs"},{"floor":41.0,"key":"Dota2Spire:EchoSabre"},{"floor":54,"key":"PageOfJudgementBird"}],"event_choices":[{"damage_healed":0.0,"max_hp_gain":0.0,"max_hp_loss":0.0,"gold_gain":0.0,"event_name":"The Woman in Blue","player_choice":"Bought 0 Potions","floor":3.0,"gold_loss":0.0,"damage_taken":0.0},{"damage_healed":0.0,"max_hp_gain":0.0,"max_hp_loss":0.0,"gold_gain":0.0,"event_name":"Mushrooms","player_choice":"Fought Mushrooms","floor":14.0,"gold_loss":0.0,"damage_taken":0.0},{"damage_healed":0.0,"max_hp_gain":0.0,"max_hp_loss":0.0,"gold_gain":0.0,"event_name":"Back to Basics","player_choice":"Simplicity","floor":19.0,"gold_loss":0.0,"damage_taken":0.0,"cards_upgraded":["LightDefense","LightAttack","LightAttack","LightAttack","LightDefense","LightDefense","LightDefense","ChargeAndCover","FocusedStrikes"]},{"damage_healed":0.0,"max_hp_gain":0.0,"max_hp_loss":0.0,"gold_gain":0.0,"event_name":"N\u0027loth","player_choice":"Ignored","floor":27.0,"gold_loss":0.0,"damage_taken":0.0},{"cards_removed":["EnergyShield"],"damage_healed":5.0,"max_hp_gain":0.0,"max_hp_loss":0.0,"gold_gain":0.0,"event_name":"Bonfire Elementals","player_choice":"Offered Common","floor":42.0,"gold_loss":0.0,"damage_taken":0.0},{"cards_removed":["EnergyShield"],"damage_healed":5.0,"max_hp_gain":0.0,"max_hp_loss":0.0,"gold_gain":0.0,"event_name":"Bonfire Elementals","player_choice":"Offered Special","floor":42.0,"gold_loss":0.0,"damage_taken":0.0},{"damage_healed":0,"gold_gain":100,"player_choice":"Pray","damage_taken":0,"max_hp_gain":0,"max_hp_loss":0,"event_name":"Golden Shrine","floor":45,"gold_loss":0}],"is_beta":false,"boss_relics":[{"not_picked":["Replay:Drink Me","Pandora\u0027s Box"],"picked":"Coffee Dripper"},{"not_picked":["Replay:Wanted Poster","Runic Pyramid"],"picked":"Calling Bell"}],"items_purged_floors":[28,44,53],"is_endless":false,"potions_floor_spawned":[2,7,8,16,21,23,30,31,38,46],"ascension_level":0}}