{"host":"28p8ce41sjwa6lzf","time":1614355405,"event":{"mods":["BaseMod","Bestiary","Colored Map","Colored Powertips","Dark Map","Highlight Path","Minty Spire (QoL Compilation)","Permanent Neow","Quick Restart","Random Character Button","Rare Cards Sparkle","Relic Stats","StSLib","Unceasing Turn Reminder","ojb\u0027s Info Mod: The sequel"],"gold_per_floor":[114,126,136,147,147,177,177,177,177,177,188,201,234,199,199,272,272,287,287,562,579,599,599,338,351,351,251,251,277,0,0,0],"floor_reached":31,"language":"ENG","playtime":1306,"items_purged":["Regret","Strike_G"],"score":530,"play_id":"849e1828-5846-4344-a54d-ecf6c575048b","local_time":"20210226100325","is_ascension_mode":true,"campfire_choices":[{"floor":7.0,"key":"REST"},{"data":"Deadly Poison","floor":10.0,"key":"SMITH"},{"data":"Catalyst","floor":15.0,"key":"SMITH"},{"floor":23.0,"key":"REST"},{"data":"Deadly Poison","floor":28.0,"key":"SMITH"}],"circlet_count":0,"master_deck":["AscendersBane","Strike_G","Strike_G","Strike_G","Strike_G","Defend_G","Defend_G","Defend_G","Defend_G","Defend_G","Survivor","Neutralize","Deflect","Deadly Poison+1","Bouncing Flask+1","Dagger Spray+1","Dagger Throw","Deadly Poison+1","Dagger Spray","Catalyst+1","Tools of the Trade","Well Laid Plans","Deflect+1","Cloak And Dagger+1","Master of Strategy","Tactician","Concentrate"],"relics":["Ring of the Snake","Oddly Smooth Stone","PreservedInsect","Eternal Feather","Sozu","White Beast Statue","Dream Catcher"],"acts_visited":["Exordium","TheCity"],"potions_floor_usage":[],"damage_taken":[{"damage":0.0,"enemies":"Jaw Worm","floor":1.0,"turns":7.0},{"damage":1.0,"enemies":"Small Slimes","floor":2.0,"turns":6.0},{"damage":0.0,"enemies":"Cultist","floor":3.0,"turns":4.0},{"damage":4.0,"enemies":"Blue Slaver","floor":4.0,"turns":4.0},{"damage":6.0,"enemies":"Lagavulin","floor":6.0,"turns":5.0},{"damage":0.0,"enemies":"2 Fungi Beasts","floor":11.0,"turns":2.0},{"damage":7.0,"enemies":"Large Slime","floor":12.0,"turns":5.0},{"damage":5.0,"enemies":"3 Sentries","floor":13.0,"turns":5.0},{"damage":15.0,"enemies":"The Guardian","floor":16.0,"turns":5.0},{"damage":18.0,"enemies":"2 Thieves","floor":18.0,"turns":5.0},{"damage":18.0,"enemies":"3 Byrds","floor":21.0,"turns":4.0},{"damage":0.0,"enemies":"Sentry and Sphere","floor":22.0,"turns":3.0},{"damage":12.0,"enemies":"Cultist and Chosen","floor":25.0,"turns":4.0},{"damage":25.0,"enemies":"Book of Stabbing","floor":29.0,"turns":4.0},{"damage":25,"enemies":"Slavers","floor":31,"turns":3}],"seed_played":"7349162703510370318","potions_obtained":[{"floor":3.0,"key":"SteroidPotion"},{"floor":4.0,"key":"DistilledChaos"},{"floor":8.0,"key":"SteroidPotion"},{"floor":11.0,"key":"DuplicationPotion"},{"floor":13.0,"key":"Dexterity Potion"}],"is_trial":false,"path_per_floor":["M","M","M","M","?","E","R","?","T","R","M","M","E","?","R","B",null,"M","?","?","M","M","R","$","M","T","$","R","E","?","E"],"character_chosen":"THE_SILENT","items_purchased":["Master of Strategy"],"campfire_rested":2,"item_purchase_floors":[24],"current_hp_per_floor":[59,58,58,54,34,28,47,47,47,47,47,40,35,51,63,48,62,44,26,26,8,8,44,44,32,32,32,47,22,22,0,0],"gold":0,"neow_bonus":"RANDOM_COMMON_RELIC","is_daily":false,"chose_seed":false,"campfire_upgraded":3,"win_rate":0.0,"timestamp":1614355405,"path_taken":["M","M","M","M","?","E","R","?","T","R","M","?","E","?","R","BOSS","M","?","?","M","?","R","$","M","T","?","R","E","?","E"],"items_purchased_type":["Card"],"build_version":"2020-12-22","purchased_purges":2,"victory":false,"max_hp_per_floor":[66,66,66,66,66,66,66,66,66,66,66,66,66,66,66,66,66,66,71,71,71,71,71,71,71,71,71,71,71,71,71,71],"relic_stats":{"Sozu":2,"Dream Catcher":0,"counters":[15,66],"Eternal Feather":42,"PreservedInsect":115,"obtain_stats":[{"Sozu":17,"Dream Catcher":29,"Oddly Smooth Stone":0,"Eternal Feather":13,"PreservedInsect":6,"White Beast Statue":26,"Ring of the Snake":0},{"Sozu":9,"Dream Catcher":14,"Oddly Smooth Stone":0,"Eternal Feather":8,"PreservedInsect":5,"White Beast Statue":13,"Ring of the Snake":0},{"Sozu":43,"Dream Catcher":63,"Oddly Smooth Stone":0,"Eternal Feather":38,"PreservedInsect":26,"White Beast Statue":59,"Ring of the Snake":0}],"Ring of the Snake":[30]},"card_choices":[{"not_picked":["Deadly Poison","Escape Plan"],"picked":"Deflect","floor":1.0},{"not_picked":["Dodge and Roll","Prepared"],"picked":"Deadly Poison","floor":2.0},{"not_picked":["Distraction","Escape Plan"],"picked":"Bouncing Flask","floor":3.0},{"not_picked":["Quick Slash","Cloak And Dagger"],"picked":"Dagger Spray","floor":4.0},{"not_picked":["Endless Agony","Flying Knee"],"picked":"Dagger Throw","floor":6.0},{"not_picked":["PiercingWail","Sucker Punch"],"picked":"Deadly Poison","floor":11.0},{"not_picked":["Accuracy","Sucker Punch"],"picked":"Dagger Spray","floor":12.0},{"not_picked":["Die Die Die","Deadly Poison"],"picked":"Catalyst","floor":13.0},{"not_picked":["A Thousand Cuts","Grand Finale"],"picked":"Tools of the Trade","floor":16.0},{"not_picked":["Poisoned Stab+1","Underhanded Strike+1"],"picked":"Well Laid Plans","floor":18.0},{"not_picked":["Prepared","Dagger Throw"],"picked":"Deflect+1","floor":21.0},{"not_picked":["Bane","Infinite Blades"],"picked":"Cloak And Dagger+1","floor":22.0},{"not_picked":["Cloak And Dagger","Choke"],"picked":"Tactician","floor":25.0},{"not_picked":["Dagger Throw","Endless Agony+1"],"picked":"Concentrate","floor":29.0}],"player_experience":1421695,"relics_obtained":[{"floor":6.0,"key":"PreservedInsect"},{"floor":13.0,"key":"Eternal Feather"},{"floor":26.0,"key":"White Beast Statue"},{"floor":29.0,"key":"Dream Catcher"}],"event_choices":[{"damage_healed":0.0,"max_hp_gain":0.0,"max_hp_loss":0.0,"gold_gain":0.0,"event_name":"Shining Light","player_choice":"Entered Light","floor":5.0,"gold_loss":0.0,"damage_taken":20.0,"cards_upgraded":["Dagger Spray","Bouncing Flask"]},{"damage_healed":0.0,"max_hp_gain":0.0,"max_hp_loss":0.0,"gold_gain":0.0,"event_name":"Lab","player_choice":"Got Potions","floor":8.0,"gold_loss":0.0,"damage_taken":0.0},{"damage_healed":16.0,"max_hp_gain":0.0,"max_hp_loss":0.0,"gold_gain":0.0,"event_name":"The Cleric","player_choice":"Healed","floor":14.0,"gold_loss":35.0,"damage_taken":0.0},{"damage_healed":0.0,"max_hp_gain":5.0,"max_hp_loss":0.0,"gold_gain":0.0,"event_name":"Forgotten Altar","player_choice":"Shed Blood","floor":19.0,"gold_loss":0.0,"damage_taken":23.0},{"damage_healed":0.0,"max_hp_gain":0.0,"max_hp_loss":0.0,"gold_gain":275.0,"event_name":"Golden Shrine","player_choice":"Desecrate","floor":20.0,"gold_loss":0.0,"damage_taken":0.0,"cards_obtained":["Regret"]},{"damage_healed":0,"gold_gain":0,"player_choice":"Paid Fearfully","damage_taken":0,"max_hp_gain":0,"max_hp_loss":0,"event_name":"Masked Bandits","floor":30,"gold_loss":277}],"is_beta":false,"boss_relics":[{"not_picked":["Snecko Eye","Pandora\u0027s Box"],"picked":"Sozu"}],"items_purged_floors":[24,27],"is_endless":false,"potions_floor_spawned":[3,4,11,12,13,25,29],"killed_by":"Slavers","ascension_level":20}}