{"host":"owox7x4ngjt9htcc","time":1614325775,"event":{"mods":["BaseMod","Colored Map","DeckTracker","Keyboard Shortcuts","Minty Spire (QoL Compilation)","SuperFastMode"],"gold_per_floor":[114,129,144,159,159,189,189,219,269,299,299,299,299,337,337,462,462,481,507,526,0,19,57,76,114,139,177,196,196,234,253,253,378,378,397,416,416,435,95,95,133,152,177,224,252,252,290,290,290,290],"floor_reached":51,"language":"KOR","playtime":1861,"items_purged":["Bash"],"score":1120,"play_id":"d40fe596-6873-48e5-98b5-1b90358fc0ba","local_time":"20210226164935","daily_mods":["Chimera","Time Dilation","Elite Swarm"],"is_ascension_mode":false,"campfire_choices":[{"data":"Zap","floor":7.0,"key":"SMITH"},{"floor":12.0,"key":"REST"},{"data":"Electrodynamics","floor":15.0,"key":"SMITH"},{"data":"Amplify","floor":29,"key":"SMITH"},{"data":"Buffer","floor":32,"key":"SMITH"},{"data":"Turbo","floor":40,"key":"SMITH"},{"data":"Seek","floor":46,"key":"SMITH"},{"floor":49,"key":"REST"}],"circlet_count":0,"master_deck":["Survivor+1","Zap+1","Strike_R+1","Strike_G+1","Strike_B+1","Defend_R+1","Defend_G+1","Defend_P+1","Go for the Eyes+1","Ball Lightning+1","Undo+1","Biased Cognition+1","Electrodynamics+1","Core Surge+1","Injury","All For One+1","Buffer+1","CurseOfTheBell","Heatsinks+1","Conserve Battery+1","Beam Cell+1","Gash+1","Loop+1","Conserve Battery+1","Machine Learning+1","Gash+1","Gash+1","Amplify+1","All For One+1","Glacier+1","Loop+1","Machine Learning+1","Force Field+1","Seek+1","Turbo+1","BootSequence+1","Heatsinks+1","White Noise+1","Flash of Steel+1","Core Surge+1","Defragment+1"],"relics":["Cracked Core","Bag of Preparation","Happy Flower","Potion Belt","Bag of Marbles","Golden Idol","Gambling Chip","Calling Bell","Akabeko","Question Card","CaptainsWheel","Red Mask","Mango","Prayer Wheel","Lantern","Blood Vial","Eternal Feather","Dream Catcher","SlaversCollar","Ornamental Fan","CeramicFish","Nunchaku","Molten Egg 2","Ginger","Mark of the Bloom"],"acts_visited":["Exordium","TheCity","TheBeyond"],"potions_floor_usage":[28,50,50,50,50],"damage_taken":[{"damage":0.0,"enemies":"2 Louse","floor":1.0,"turns":2.0},{"damage":0.0,"enemies":"Small Slimes","floor":2.0,"turns":2.0},{"damage":6.0,"enemies":"Jaw Worm","floor":3.0,"turns":2.0},{"damage":11.0,"enemies":"3 Louse","floor":4.0,"turns":3.0},{"damage":16.0,"enemies":"Gremlin Nob","floor":6.0,"turns":3.0},{"damage":14.0,"enemies":"3 Sentries","floor":8.0,"turns":7.0},{"damage":0.0,"enemies":"Gremlin Nob","floor":10.0,"turns":3.0},{"damage":5.0,"enemies":"3 Sentries","floor":14.0,"turns":3.0},{"damage":16.0,"enemies":"The Guardian","floor":16.0,"turns":6.0},{"damage":0.0,"enemies":"Spheric Guardian","floor":18.0,"turns":2.0},{"damage":0.0,"enemies":"Masked Bandits","floor":19.0,"turns":1.0},{"damage":6.0,"enemies":"Shell Parasite","floor":20.0,"turns":3.0},{"damage":0,"enemies":"Cultist and Chosen","floor":22,"turns":4},{"damage":1,"enemies":"Book of Stabbing","floor":23,"turns":4},{"damage":0,"enemies":"Snecko","floor":24,"turns":4},{"damage":5,"enemies":"Slavers","floor":25,"turns":2},{"damage":1,"enemies":"Book of Stabbing","floor":27,"turns":2},{"damage":0,"enemies":"Shelled Parasite and Fungi","floor":28,"turns":3},{"damage":0,"enemies":"Slavers","floor":30,"turns":4},{"damage":0,"enemies":"Centurion and Healer","floor":31,"turns":5},{"damage":18,"enemies":"Automaton","floor":33,"turns":8},{"damage":3,"enemies":"3 Darklings","floor":35,"turns":3},{"damage":0,"enemies":"3 Shapes","floor":36,"turns":4},{"damage":0,"enemies":"Writhing Mass","floor":38,"turns":5},{"damage":22,"enemies":"Reptomancer","floor":41,"turns":3},{"damage":0,"enemies":"Transient","floor":42,"turns":5},{"damage":2,"enemies":"Giant Head","floor":44,"turns":8},{"damage":5,"enemies":"Maw","floor":45,"turns":4},{"damage":0,"enemies":"Reptomancer","floor":47,"turns":2},{"damage":0,"enemies":"Donu and Deca","floor":50,"turns":3}],"seed_played":"4728103701414758894","potions_obtained":[{"floor":2.0,"key":"SteroidPotion"},{"floor":3.0,"key":"Swift Potion"},{"floor":6.0,"key":"FocusPotion"},{"floor":14.0,"key":"Fruit Juice"},{"floor":18.0,"key":"CultistPotion"},{"floor":24,"key":"Energy Potion"},{"floor":25,"key":"DuplicationPotion"},{"floor":28,"key":"Block Potion"},{"floor":38,"key":"PotionOfCapacity"},{"floor":45,"key":"PotionOfCapacity"}],"is_trial":false,"path_per_floor":["M","M","M","M","?","E","R","E","T","E","?","R","?","E","R","B",null,"M","?","M","$","M","E","M","E","T","E","M","R","E","M","R","B",null,"M","M","?","M","$","R","E","M","T","E","M","R","E","?","R","B",null],"character_chosen":"DEFECT","items_purchased":["Mango","Gash","Loop","Conserve Battery","Flash of Steel","Ornamental Fan"],"campfire_rested":2,"item_purchase_floors":[21,21,21,21,39,39],"current_hp_per_floor":[75,75,69,58,58,42,42,28,28,28,28,50,55,50,50,34,80,80,80,74,88,88,87,87,82,82,83,90,99,99,99,99,81,99,96,98,98,99,99,99,77,79,79,79,76,99,99,99,99,99],"gold":290,"neow_bonus":"","is_daily":true,"chose_seed":false,"campfire_upgraded":6,"win_rate":0.0,"timestamp":1614325775,"path_taken":["M","M","M","M","?","E","R","E","T","E","?","R","?","E","R","BOSS","M","?","M","$","M","E","M","E","T","E","M","R","E","M","R","BOSS","M","M","?","M","$","R","E","M","T","E","M","R","E","?","R","BOSS"],"items_purchased_type":["Relic","Card","Card","Card","Card","Relic"],"build_version":"2020-12-22","purchased_purges":1,"victory":true,"max_hp_per_floor":[75,75,75,75,75,75,75,75,75,75,75,75,80,80,80,80,80,80,80,80,94,94,94,94,94,94,94,99,99,99,99,99,99,99,99,99,99,99,99,99,99,99,99,99,99,99,99,99,99,99],"card_choices":[{"not_picked":["Hologram","Skim"],"picked":"Go for the Eyes","floor":1.0},{"not_picked":["Redo","Sweeping Beam"],"picked":"Ball Lightning","floor":2.0},{"not_picked":["Compile Driver","Scrape","Consume"],"picked":"SKIP","floor":3.0},{"not_picked":["Capacitor","Coolheaded"],"picked":"Undo","floor":4.0},{"not_picked":["Machine Learning","Hyperbeam"],"picked":"Biased Cognition","floor":6.0},{"not_picked":["Multi-Cast","Meteor Strike"],"picked":"Electrodynamics","floor":8.0},{"not_picked":["Buffer","Fission"],"picked":"Core Surge","floor":10.0},{"not_picked":["Core Surge","Multi-Cast"],"picked":"All For One","floor":14.0},{"not_picked":["Seek","Multi-Cast"],"picked":"Buffer","floor":16.0},{"not_picked":["Melter","Cold Snap","Fusion"],"picked":"Heatsinks","floor":18.0},{"not_picked":["Redo","Barrage","Reinforced Body"],"picked":"Conserve Battery","floor":19.0},{"not_picked":["Stack+1","Steam","Scrape"],"picked":"Beam Cell","floor":20.0},{"not_picked":["Compile Driver","Heatsinks","Steam","Hyperbeam"],"picked":"SKIP","floor":22},{"not_picked":["Seek","Thunder Strike","Creative AI"],"picked":"Machine Learning","floor":23},{"not_picked":["Reprogram+1","FTL+1","Darkness"],"picked":"Gash","floor":24},{"not_picked":["Rebound","Leap+1","Go for the Eyes"],"picked":"Gash","floor":24},{"not_picked":["Reboot","Hyperbeam","Seek"],"picked":"Amplify","floor":25},{"not_picked":["Creative AI","Electrodynamics","Biased Cognition"],"picked":"All For One","floor":27},{"not_picked":["Leap+1","Streamline","Chaos"],"picked":"Glacier+1","floor":28},{"not_picked":["Ball Lightning","Stack","Beam Cell"],"picked":"Loop","floor":28},{"not_picked":["Amplify","Seek","Hyperbeam"],"picked":"Machine Learning","floor":30},{"not_picked":["Rip and Tear","Streamline","Go for the Eyes+1"],"picked":"Coolheaded+1","floor":31},{"not_picked":["Compile Driver","Blizzard","Conserve Battery+1"],"picked":"Force Field","floor":31},{"not_picked":["Multi-Cast","Amplify","Hyperbeam"],"picked":"Seek","floor":33},{"not_picked":["Beam Cell+1","Go for the Eyes","Steam+1","Hello World+1"],"picked":"SKIP","floor":35},{"not_picked":["Streamline","Chaos","Coolheaded","Cold Snap"],"picked":"SKIP","floor":35},{"not_picked":["Heatsinks+1","Reinforced Body","Rip and Tear"],"picked":"Turbo","floor":36},{"not_picked":["Sweeping Beam+1","Doom and Gloom","Tempest+1"],"picked":"BootSequence+1","floor":36},{"not_picked":["Streamline+1","Fusion+1","Sunder"],"picked":"Heatsinks+1","floor":38},{"not_picked":["Rainbow","Ball Lightning","Hello World+1"],"picked":"White Noise","floor":38},{"not_picked":["Thunder Strike","Rainbow","Hyperbeam","Buffer"],"picked":"SKIP","floor":41},{"not_picked":["Redo+1","Ball Lightning+1","Beam Cell+1","Rip and Tear+1"],"picked":"SKIP","floor":42},{"not_picked":["Go for the Eyes","Cold Snap","Stack","Conserve Battery"],"picked":"SKIP","floor":42},{"not_picked":["Amplify","Biased Cognition","Machine Learning"],"picked":"Core Surge+1","floor":44},{"not_picked":["Lockon+1","Stack","Reinforced Body+1"],"picked":"Defragment+1","floor":45},{"not_picked":["Sweeping Beam+1","Compile Driver+1","Rebound+1","Hyperbeam+1"],"picked":"SKIP","floor":45},{"not_picked":["Hyperbeam+1","Electrodynamics","Rainbow","Amplify"],"picked":"SKIP","floor":47}],"player_experience":949063,"relics_obtained":[{"floor":6.0,"key":"Bag of Preparation"},{"floor":8.0,"key":"Happy Flower"},{"floor":9.0,"key":"Potion Belt"},{"floor":10.0,"key":"Bag of Marbles"},{"floor":14.0,"key":"Gambling Chip"},{"floor":17.0,"key":"Akabeko"},{"floor":17.0,"key":"Question Card"},{"floor":17.0,"key":"CaptainsWheel"},{"floor":19.0,"key":"Red Mask"},{"floor":23,"key":"Prayer Wheel"},{"floor":25,"key":"Lantern"},{"floor":26,"key":"Blood Vial"},{"floor":27,"key":"Eternal Feather"},{"floor":30,"key":"Dream Catcher"},{"floor":41,"key":"CeramicFish"},{"floor":43,"key":"Nunchaku"},{"floor":44,"key":"Molten Egg 2"},{"floor":47,"key":"Ginger"}],"event_choices":[{"cards_removed":["Eruption"],"damage_healed":0.0,"max_hp_gain":0.0,"max_hp_loss":0.0,"gold_gain":0.0,"event_name":"Living Wall","player_choice":"Forget","floor":5.0,"gold_loss":0.0,"damage_taken":0.0},{"damage_healed":0.0,"max_hp_gain":0.0,"max_hp_loss":0.0,"gold_gain":0.0,"event_name":"Golden Idol","player_choice":"Take Wound","floor":11.0,"gold_loss":0.0,"damage_taken":0.0,"relics_obtained":["Golden Idol"],"cards_obtained":["Injury"]},{"damage_healed":0.0,"max_hp_gain":5.0,"max_hp_loss":0.0,"gold_gain":0.0,"event_name":"Big Fish","player_choice":"Donut","floor":13.0,"gold_loss":0.0,"damage_taken":0.0},{"damage_healed":0.0,"max_hp_gain":0.0,"max_hp_loss":0.0,"gold_gain":0.0,"event_name":"Masked Bandits","player_choice":"Fought Bandits","floor":19.0,"gold_loss":0.0,"damage_taken":0.0},{"cards_removed":["Coolheaded"],"damage_healed":0,"gold_gain":0,"player_choice":"Removed Skill","damage_taken":0,"max_hp_gain":0,"max_hp_loss":0,"event_name":"Falling","floor":37,"gold_loss":0},{"damage_healed":0,"gold_gain":0,"player_choice":"Upgrade","damage_taken":0,"relics_obtained":["Mark of the Bloom"],"max_hp_gain":0,"max_hp_loss":0,"event_name":"MindBloom","floor":48,"gold_loss":0,"cards_upgraded":["Survivor","Strike_R","Strike_G","Strike_B","Defend_R","Defend_G","Defend_P","Go for the Eyes","Ball Lightning","Undo","Biased Cognition","Core Surge","All For One","Heatsinks","Conserve Battery","Beam Cell","Gash","Loop","Conserve Battery","Machine Learning","Gash","Gash","All For One","Loop","Machine Learning","Force Field","White Noise","Flash of Steel"]}],"is_beta":false,"boss_relics":[{"not_picked":["Runic Dome","Coffee Dripper"],"picked":"Calling Bell"},{"not_picked":["Runic Pyramid","Nuclear Battery"],"picked":"SlaversCollar"}],"items_purged_floors":[21],"is_endless":false,"potions_floor_spawned":[2,3,6,14,18,24,25,28,30,33,38,42,45,47],"ascension_level":0}}