{"host":"m9osufisr3agwk96","time":1614304280,"event":{"mods":["AchievementEnabler","Aspiration","Bard","BaseMod","Colored Map","Colored Powertips","Downfall","Duelist Mod","Friendly Minions","GifTheSpireLib","Gremlin Mod","Hermit","Hero for Fun","Highlight Path","Hubris","Infinite Spire","Minty Spire (QoL Compilation)","Rare Cards Sparkle","Reliquary","Replay The Spire","Shop Mod","StSLib","Td1madao Mod","The Cursed","The Hierophant","The Necromancer","The Wild Card"],"gold_per_floor":[21,96,96,109,127,127,127,127,204,204,239,258,274,290,290,391,391,404,424,112,129,129,162,162,182,182,182,182,192,205,221,221,316,316,332,350,362,373,384,384,396,414,438,438,438,466,476,491,491,491,491,491,98,126,126],"floor_reached":56,"language":"ENG","playtime":895,"items_purged":[],"score":1634,"play_id":"cea322d4-8587-4d15-932f-5bb01b5435a8","local_time":"20210225175120","is_ascension_mode":false,"campfire_choices":[{"floor":6,"key":"RECALL"},{"data":"Toss_Stone","floor":8,"key":"SMITH"},{"data":"Consecutive_Normal_Punch","floor":15,"key":"SMITH"},{"data":"Oh","floor":32,"key":"SMITH"},{"data":"Defend_Y","floor":40,"key":"SMITH"},{"floor":44,"key":"REST"},{"floor":49,"key":"REST"},{"floor":52,"key":"REST"}],"circlet_count":0,"master_deck":["Strike_Y","Strike_Y","Strike_Y","Strike_Y","Strike_Y","Defend_Y","Defend_Y","Defend_Y","Defend_Y","Defend_Y","Wear_Disguise","Toss_Stone+1","Consecutive_Normal_Punch","Toss_Stone","Consecutive_Normal_Punch+1","Consecutive_Normal_Punch","Oh+1","Do_Nothing","Toss_Stone","Do_Nothing+1","Toss_Stone","Toss_Stone","Oh+1","Toss_Stone","Do_Nothing","Get_Hopes_Up+1","Do_Nothing","Toss_Stone","Slap+1","Slap","Oh","Do_Nothing","Do_Nothing+1","Do_Nothing","Toss_Stone","Slap","Slap"],"relics":["Cape","hubris:Icosahedron","BranchBurnRelic","SlaversCollar","ClockworkSouvenir","aspiration:ArtOfWarUpgrade","hubris:Towel","aspiration:HummingbirdHeart","reliquary:PurpleTingedLeaf","aspiration:SecretTechniqueScroll","Simple Rune","Onion Ring","Guide Book","Bottled Lightning","Strawberry"],"acts_visited":["Exordium","TheCity","TheBeyond","TheEnding"],"potions_floor_usage":[],"damage_taken":[{"damage":0,"enemies":"Jaw Worm","floor":1,"turns":1},{"damage":0,"enemies":"2 Louse","floor":4,"turns":2},{"damage":0,"enemies":"Small Slimes","floor":5,"turns":1},{"damage":0,"enemies":"Replay:BlueRogue","floor":11,"turns":1},{"damage":0,"enemies":"Gremlin Gang","floor":12,"turns":2},{"damage":0,"enemies":"Blue Slaver","floor":13,"turns":1},{"damage":0,"enemies":"Large Slime","floor":14,"turns":1},{"damage":0,"enemies":"Fading Forest","floor":16,"turns":9},{"damage":0,"enemies":"3 Byrds","floor":18,"turns":2},{"damage":0,"enemies":"2 Thieves","floor":19,"turns":1},{"damage":0,"enemies":"Chosen and Byrds","floor":21,"turns":2},{"damage":0,"enemies":"Nightmare","floor":23,"turns":1},{"damage":0,"enemies":"Snecko","floor":25,"turns":1},{"damage":0,"enemies":"Centurion and Healer","floor":29,"turns":1},{"damage":0,"enemies":"3 Cultists","floor":30,"turns":1},{"damage":0,"enemies":"Snake Plant","floor":31,"turns":1},{"damage":0,"enemies":"Pondfish","floor":33,"turns":3},{"damage":0,"enemies":"3 Darklings","floor":35,"turns":1},{"damage":0,"enemies":"3 Shapes","floor":36,"turns":1},{"damage":0,"enemies":"Sphere and 2 Shapes","floor":37,"turns":1},{"damage":0,"enemies":"Jaw Worm Horde","floor":38,"turns":1},{"damage":0,"enemies":"3 Darklings","floor":39,"turns":1},{"damage":0,"enemies":"4 Shapes","floor":41,"turns":2},{"damage":0,"enemies":"Maw","floor":42,"turns":1},{"damage":0,"enemies":"Nightmare","floor":46,"turns":1},{"damage":0,"enemies":"Spire Growth","floor":47,"turns":1},{"damage":0,"enemies":"4 Shapes","floor":48,"turns":2},{"damage":0,"enemies":"hubris:GrandSnecko","floor":50,"turns":4},{"damage":0,"enemies":"Shield and Spear","floor":54,"turns":1},{"damage":0,"enemies":"The Heart","floor":55,"turns":4}],"seed_played":"-2946048611431853900","potions_obtained":[{"floor":0,"key":"Toxic Potion"},{"floor":0,"key":"Explosive Potion"},{"floor":0,"key":"SkillPotion"},{"floor":4,"key":"Ancient Potion"},{"floor":16,"key":"DuplicationPotion"}],"is_trial":false,"path_per_floor":["M","?","?","M","M","R","$","R","T","?","E","M","M","M","R","B",null,"M","M","$","M","?","NM","R","M","T","R","?","M","M","M","R","B",null,"M","M","M","M","M","R","M","M","T","R","?","NM","M","M","R","B",null,"R","$","E","B",null],"character_chosen":"OPM","items_purchased":["ClockworkSouvenir","Art of War","Guide Book","Bottled Lightning"],"campfire_rested":3,"item_purchase_floors":[20,20,53,53],"current_hp_per_floor":[999,999,999,999,999,999,999,999,999,999,999,999,999,999,999,999,999,999,999,999,999,999,999,999,999,999,999,1009,1009,1009,1009,1009,1009,1009,1009,1009,1009,1009,1009,1009,1009,1009,1009,1009,1009,1009,1009,1009,1009,1009,1009,1009,1009,1016,1016],"gold":126,"neow_bonus":"THREE_SMALL_POTIONS","is_daily":false,"chose_seed":false,"campfire_upgraded":4,"win_rate":0.0,"timestamp":1614304280,"path_taken":["M","?","?","M","M","R","$","R","T","?","E","M","M","M","R","BOSS","M","M","$","?","?","NM","R","M","T","R","?","M","M","M","R","BOSS","M","M","M","M","M","R","M","?","T","R","?","NM","M","M","R","BOSS","R","$","E","BOSS"],"items_purchased_type":["Relic","Relic","Relic","Relic"],"build_version":"2020-12-22","purchased_purges":0,"victory":true,"max_hp_per_floor":[999,999,999,999,999,999,999,999,999,999,999,999,999,999,999,999,999,999,999,999,999,999,999,999,999,999,999,1009,1009,1009,1009,1009,1009,1009,1009,1009,1009,1009,1009,1009,1009,1009,1009,1009,1009,1009,1009,1009,1009,1009,1009,1009,1009,1016,1016],"card_choices":[{"not_picked":["Ignore","Yawn"],"picked":"Wear_Disguise","floor":1},{"not_picked":["Yawn","Do_Nothing"],"picked":"Toss_Stone","floor":4},{"not_picked":["Normal_Punch","Yawn"],"picked":"Serious_Side_Hops","floor":5},{"not_picked":["Side_Hop","Toss_Stone"],"picked":"Consecutive_Normal_Punch","floor":11},{"not_picked":["Ignore","Terrifying_Presence"],"picked":"Toss_Stone","floor":12},{"not_picked":["Hop","Normal_Punch"],"picked":"Consecutive_Normal_Punch","floor":13},{"not_picked":["Hop","Side_Hop"],"picked":"Consecutive_Normal_Punch","floor":14},{"not_picked":["Serious_Side_Hops","Get_Hopes_Up"],"picked":"Oh","floor":16},{"not_picked":["Yawn","Wear_Disguise"],"picked":"Do_Nothing","floor":18},{"not_picked":["Yawn+1","Side_Hop"],"picked":"Toss_Stone","floor":19},{"not_picked":["Side_Hop","Wear_Disguise"],"picked":"Do_Nothing+1","floor":21},{"not_picked":["Slap","Consecutive_Normal_Punch"],"picked":"Toss_Stone","floor":23},{"not_picked":["Yawn","Ignore+1"],"picked":"Toss_Stone","floor":25},{"not_picked":["Side_Hop","Ignore"],"picked":"Oh","floor":29},{"not_picked":["Slap","Hop"],"picked":"Toss_Stone","floor":30},{"not_picked":["Hop+1","Yawn"],"picked":"Do_Nothing","floor":31},{"not_picked":["Oh","Terrifying_Presence"],"picked":"Get_Hopes_Up","floor":33},{"not_picked":["Toss_Stone+1","Ignore"],"picked":"Do_Nothing","floor":35},{"not_picked":["Ignore","Side_Hop"],"picked":"Toss_Stone","floor":36},{"not_picked":["Yawn+1","Oh"],"picked":"Slap+1","floor":37},{"not_picked":["Toss_Stone+1","Ignore"],"picked":"Slap","floor":38},{"not_picked":["Yawn","Wear_Disguise+1"],"picked":"Oh","floor":39},{"not_picked":["Side_Hop+1","Normal_Punch+1"],"picked":"Do_Nothing","floor":41},{"not_picked":["Ignore+1","Side_Hop"],"picked":"Do_Nothing+1","floor":42},{"not_picked":["Toss_Stone+1","Side_Hop+1"],"picked":"Do_Nothing","floor":46},{"not_picked":["Hop+1","Yawn+1"],"picked":"Toss_Stone","floor":47},{"not_picked":["Ignore","Do_Nothing+1"],"picked":"Slap","floor":48},{"not_picked":["Side_Hop","Yawn"],"picked":"Slap","floor":54}],"player_experience":511504,"relics_obtained":[{"floor":11,"key":"Dead Branch"},{"floor":23,"key":"aspiration:HummingbirdHeart"},{"floor":26,"key":"reliquary:PurpleTingedLeaf"},{"floor":43,"key":"Simple Rune"},{"floor":46,"key":"Onion Ring"},{"floor":54,"key":"Strawberry"}],"event_choices":[{"damage_healed":0,"gold_gain":75,"player_choice":"Gather Gold","damage_taken":11,"max_hp_gain":0,"max_hp_loss":0,"event_name":"World of Goop","floor":2,"gold_loss":0},{"damage_healed":0,"gold_gain":0,"player_choice":"Upgraded","damage_taken":0,"max_hp_gain":0,"max_hp_loss":0,"event_name":"Upgrade Shrine","floor":10,"gold_loss":0,"cards_upgraded":["Serious_Side_Hops"]},{"cards_removed":["Serious_Side_Hops"],"damage_healed":0,"gold_gain":0,"player_choice":"Offered Rare","damage_taken":0,"max_hp_gain":10,"max_hp_loss":0,"event_name":"Bonfire Elementals","floor":28,"gold_loss":0},{"damage_healed":0,"gold_gain":0,"player_choice":"Upgraded","damage_taken":0,"max_hp_gain":0,"max_hp_loss":0,"event_name":"Upgrade Shrine","floor":45,"gold_loss":0,"cards_upgraded":["Defend_Y"]}],"is_beta":false,"boss_relics":[{"not_picked":["aspiration:FutureDiary","aspiration:IroncladSkillbook"],"picked":"SlaversCollar"},{"not_picked":["Busted Crown","Replay:Drink Me"],"picked":"aspiration:SecretTechniqueScroll"}],"items_purged_floors":[],"is_endless":false,"potions_floor_spawned":[4,14,16,19,21,23,31,35,37,39,42,48],"ascension_level":0}}