{"host":"hemqwg9ve6welna9","time":1614356912,"event":{"mods":["2.2 Compatiblity","AchievementEnabler","BaseMod","Beaked The Cultist","Bestiary","Better Match","Better Note","Better Third Choice","BetterRewards","Curses Come First","Dio Mod","Downfall","Gremlin Mod","Hermit","Highlight Path","Melee Mod","Minty Spire (QoL Compilation)","Permanent Neow","Potionbrewer","Quick Restart","Rare Cards Sparkle","Relic Stats","Reliquary","Robot Space Explorer","SOS（斯巴达之子）","Shop Mod","Small Relic Pack","StSLib","SuperFastMode","Td1madao Mod","The Bug Knight","The Construct","The Cursed","The Disciple","The Forsaken","The Hierophant","The Jungle","The Marked","The Runesmith","The Senshi","The Servant 0.9.4","The Wild Card","TheBandit","TheVacant","UnlockEverythingMod","everything is the same but u backflip on backflip"],"gold_per_floor":[117,117,117,127,142,172,172,26,26,0,13,32,32,32,32,133,133,133,133],"floor_reached":18,"language":"ENG","playtime":1172,"items_purged":[],"score":285,"play_id":"cc2d42e6-c164-4700-a369-9eff24b4fd60","local_time":"20210226102832","is_ascension_mode":false,"campfire_choices":[{"data":"theWildCard:Sakuya","floor":7,"key":"SMITH"},{"data":"theSenshi:MoonPrismPowerMakeUp","floor":13,"key":"SMITH"},{"data":"theSenshi:CrisisMakeUp","floor":15,"key":"SMITH"}],"circlet_count":0,"master_deck":["theSenshi:SailorKick+1","theSenshi:SailorKick","theSenshi:SailorKick","theSenshi:SailorKick+1","theSenshi:SailorBlock","theSenshi:SailorBlock","theSenshi:SailorBlock","theSenshi:SailorBlock","theSenshi:RoseThrow","theSenshi:MoonPrismPowerMakeUp+1","theSenshi:CrisisMakeUp+1","theSenshi:MoonTiaraMagic","theSenshi:EncouragingSpeech","theSenshi:TallSilhouette","theSenshi:MoonPrincessHalation","theWildCard:Sakuya+1","theSenshi:MoonPunch","theSenshi:MoonsReflection","theSenshi:YouCanTalk","theSenshi:MoonCrisisMakeUp","theSenshi:GatheringStrength","theSenshi:MoonGorgeousMeditation"],"relics":["theSenshi:TransformationBroochRelic","reliquary:FingerTrap","CaptainsWheel","TungstenRod","Whetstone","Happy Flower","theSenshi:CrisisMoonCompactRelic","betterThird:SlimedRelic","reliquary:KinkedSpring"],"acts_visited":["Exordium","Exordium"],"potions_floor_usage":[6,6,16],"damage_taken":[{"damage":0,"enemies":"Jaw Worm","floor":1,"turns":5},{"damage":5,"enemies":"Cultist","floor":4,"turns":6},{"damage":0,"enemies":"Small Slimes","floor":5,"turns":3},{"damage":0,"enemies":"HollowMod:MossKnight","floor":6,"turns":5},{"damage":0,"enemies":"Looter","floor":11,"turns":4},{"damage":4,"enemies":"Exordium Wildlife","floor":12,"turns":4},{"damage":8,"enemies":"The Guardian","floor":16,"turns":13},{"damage":6,"enemies":"theJungle:5_Spyders","floor":18,"turns":7}],"seed_played":"-7411526194770980874","potions_obtained":[{"floor":3,"key":"potionbrewer:CleansingPotion"},{"floor":3,"key":"SteroidPotion"},{"floor":3,"key":"LiquidBronze"},{"floor":4,"key":"potionbrewer:ToxicPotion"},{"floor":12,"key":"ColorlessPotion"},{"floor":16,"key":"Ancient Potion"}],"is_trial":false,"path_per_floor":["M","?","?","M","M","E","R","$","T","?","M","M","R","$","R","B",null,"M"],"character_chosen":"THE_SENSHI","items_purchased":["reliquary:FingerTrap","CaptainsWheel","theSenshi:CrisisMakeUp","theSenshi:MoonTiaraMagic","theSenshi:EncouragingSpeech","theSenshi:TallSilhouette","Happy Flower"],"campfire_rested":0,"item_purchase_floors":[0,0,0,0,0,0,8],"current_hp_per_floor":[40,40,40,35,35,35,35,35,35,25,25,21,21,21,21,13,75,69,69],"gold":133,"neow_bonus":"","is_daily":false,"chose_seed":false,"campfire_upgraded":3,"win_rate":0.0,"timestamp":1614356912,"path_taken":["M","?","?","M","?","E","R","?","T","?","M","M","R","$","R","BOSS","M"],"items_purchased_type":["Relic","Relic","Card","Card","Card","Card","Relic"],"build_version":"2020-12-22","purchased_purges":0,"victory":false,"max_hp_per_floor":[75,75,75,75,75,75,75,75,75,75,75,75,75,75,75,75,75,75,75],"relic_stats":{"Happy Flower":[9],"counters":[27,140],"Whetstone":["theSenshi:SailorKick","theSenshi:SailorKick"],"obtain_stats":[{"theSenshi:CrisisMoonCompactRelic":9,"Happy Flower":8,"Pen Nib":13,"theSenshi:FeatherClipsRelic":21,"Whetstone":6,"HollowMod:StagPassRelic":26,"reliquary:KinkedSpring":17,"theMarked:ArtifactOfAir":0,"SlaversCollar":17,"Nunchaku":27,"CaptainsWheel":0,"Gambling Chip":37,"betterThird:SlimedRelic":10,"beaked:SacredDeck":34,"HollowMod:PaleOreRelic":23,"reliquary:FingerTrap":0,"TungstenRod":0},{"theSenshi:CrisisMoonCompactRelic":23,"Happy Flower":23,"Pen Nib":5,"theSenshi:FeatherClipsRelic":9,"Whetstone":23,"HollowMod:StagPassRelic":12,"reliquary:KinkedSpring":26,"theMarked:ArtifactOfAir":0,"SlaversCollar":7,"Nunchaku":13,"CaptainsWheel":19,"Gambling Chip":18,"betterThird:SlimedRelic":23,"beaked:SacredDeck":15,"HollowMod:PaleOreRelic":11,"reliquary:FingerTrap":19,"TungstenRod":19},{"theSenshi:CrisisMoonCompactRelic":112,"Happy Flower":112,"Pen Nib":18,"theSenshi:FeatherClipsRelic":41,"Whetstone":112,"HollowMod:StagPassRelic":56,"reliquary:KinkedSpring":133,"theMarked:ArtifactOfAir":0,"SlaversCollar":31,"Nunchaku":64,"CaptainsWheel":93,"Gambling Chip":88,"betterThird:SlimedRelic":112,"beaked:SacredDeck":75,"HollowMod:PaleOreRelic":51,"reliquary:FingerTrap":93,"TungstenRod":93}],"TungstenRod":11},"card_choices":[{"not_picked":["theSenshi:SailorVenusAssists","theSenshi:InTheNickOfTime"],"picked":"theSenshi:MoonPrincessHalation","floor":1},{"not_picked":["theSenshi:MoonPrincessHalation","theSenshi:Sidestep"],"picked":"theSenshi:MoonPunch","floor":4},{"not_picked":["theSenshi:DramaticEntrance","theSenshi:LunasBite"],"picked":"theSenshi:MoonsReflection","floor":5},{"not_picked":["theSenshi:MoonPunch","theSenshi:MoonKick"],"picked":"theSenshi:YouCanTalk","floor":6},{"not_picked":["theSenshi:SailorPlanetAttack","theSenshi:LunasBite"],"picked":"theSenshi:MoonCrisisMakeUp","floor":11},{"not_picked":["theSenshi:SteeledNerves","theSenshi:TallSilhouette"],"picked":"theSenshi:GatheringStrength","floor":12},{"not_picked":["theSenshi:SilverMoonCrystalPowerKiss","theSenshi:JupitersPower"],"picked":"theSenshi:MoonGorgeousMeditation","floor":16}],"player_experience":56249,"relics_obtained":[{"floor":6,"key":"Whetstone"},{"floor":9,"key":"theSenshi:CrisisMoonCompactRelic"}],"event_choices":[{"damage_healed":0,"gold_gain":0,"player_choice":"Got Potions","damage_taken":0,"max_hp_gain":0,"max_hp_loss":0,"event_name":"Lab","floor":3,"gold_loss":0},{"damage_healed":0,"gold_gain":0,"player_choice":"Slimed","damage_taken":11,"max_hp_gain":0,"max_hp_loss":0,"event_name":"betterThird:BetterGoop","floor":10,"gold_loss":26}],"is_beta":false,"boss_relics":[{"not_picked":["reliquary:Ember","Busted Crown"],"picked":"reliquary:KinkedSpring"}],"items_purged_floors":[],"is_endless":false,"potions_floor_spawned":[4,12,16],"killed_by":"theJungle:5_Spyders","ascension_level":0}}