{"host":"eydwxg59205c3vtl","time":1614302716,"event":{"mods":["2.2 Compatiblity","BaseMod","Colored Map","Colored Powertips","Hubris","Minty Spire (QoL Compilation)","StSLib","The Jungle","The Necromancer"],"gold_per_floor":[110,124,144,144,59,59,70,70,70,70,103,116,116,149,149,228,228,246,246,260,260,276,276,311,311,311,311,322,322,436,436,436],"floor_reached":31,"language":"ENG","playtime":669,"items_purged":[],"score":530,"play_id":"5c244c80-2f9e-40a7-8ea0-de169518bfe2","local_time":"20210225202516","is_ascension_mode":true,"campfire_choices":[{"data":"Inflame","floor":6.0,"key":"SMITH"},{"data":"Sword Boomerang","floor":8.0,"key":"SMITH"},{"data":"Twin Strike","floor":13.0,"key":"SMITH"},{"data":"Iron Wave","floor":15.0,"key":"SMITH"},{"data":"Limit Break","floor":23.0,"key":"SMITH"},{"floor":25,"key":"REST"},{"data":"Defend_R","floor":27,"key":"SMITH"},{"floor":29,"key":"REST"}],"circlet_count":0,"master_deck":["AscendersBane","Strike_R","Strike_R","Strike_R","Strike_R","Defend_R","Defend_R","Defend_R","Defend_R+1","Bash","Sword Boomerang+1","Shrug It Off","Pommel Strike","Inflame+1","Fire Breathing","Twin Strike+1","Spot Weakness","Iron Wave+1","Limit Break+1","Ghostly Armor","Headbutt","Sword Boomerang","Armaments","Anger"],"relics":["Burning Blood","NeowsBlessing","hubris:Icosahedron","hubris:BottledRain","hubris:Zylophone","Boot","Bottled Tornado","hubris:Backtick","Brimstone","Bag of Marbles","Matryoshka"],"acts_visited":["Exordium","TheCity"],"potions_floor_usage":[24],"damage_taken":[{"damage":0.0,"enemies":"2 Louse","floor":1.0,"turns":1.0},{"damage":0.0,"enemies":"Jaw Worm","floor":2.0,"turns":1.0},{"damage":0.0,"enemies":"Cultist","floor":3.0,"turns":1.0},{"damage":13.0,"enemies":"Exordium Wildlife","floor":7.0,"turns":2.0},{"damage":20.0,"enemies":"3 Sentries","floor":11.0,"turns":5.0},{"damage":6.0,"enemies":"Looter","floor":12.0,"turns":2.0},{"damage":12.0,"enemies":"Lagavulin","floor":14.0,"turns":5.0},{"damage":26.0,"enemies":"The Guardian","floor":16.0,"turns":6.0},{"damage":24.0,"enemies":"2 Thieves","floor":18.0,"turns":2.0},{"damage":0.0,"enemies":"Spheric Guardian","floor":20.0,"turns":2.0},{"damage":13.0,"enemies":"Snecko","floor":22.0,"turns":3.0},{"damage":27,"enemies":"Gremlin Leader","floor":24,"turns":3},{"damage":30,"enemies":"3 Cultists","floor":28,"turns":4},{"damage":41,"enemies":"Chosen and Byrds","floor":30,"turns":5},{"damage":31,"enemies":"Book of Stabbing","floor":31,"turns":2}],"seed_played":"8143411547340789372","potions_obtained":[{"floor":11.0,"key":"FairyPotion"},{"floor":18.0,"key":"SkillPotion"},{"floor":22.0,"key":"LiquidMemories"},{"floor":30,"key":"Fire Potion"}],"is_trial":false,"path_per_floor":["M","M","M","?","$","R","M","R","T","?","E","M","R","E","R","B",null,"M","?","M","?","M","R","E","R","T","R","M","R","M","E"],"character_chosen":"IRONCLAD","items_purchased":["Inflame"],"campfire_rested":2,"item_purchase_floors":[5],"current_hp_per_floor":[74,75,75,75,75,75,68,68,68,50,36,36,36,30,30,10,59,41,41,47,47,40,40,19,41,41,41,17,39,28,0,0],"gold":436,"neow_bonus":"THREE_ENEMY_KILL","is_daily":false,"chose_seed":false,"campfire_upgraded":6,"win_rate":0.0,"timestamp":1614302716,"path_taken":["M","M","M","?","$","R","M","R","T","?","E","?","R","E","R","BOSS","M","?","M","?","?","R","E","R","T","R","M","R","M","E"],"items_purchased_type":["Card"],"build_version":"2020-12-22","purchased_purges":0,"victory":false,"max_hp_per_floor":[75,75,75,75,75,75,75,75,75,75,75,75,75,75,75,75,75,75,75,75,75,75,75,75,75,75,75,75,75,75,75,75],"card_choices":[{"not_picked":["Flex","Havoc"],"picked":"Sword Boomerang","floor":1.0},{"not_picked":["Flex","Cleave"],"picked":"Shrug It Off","floor":2.0},{"not_picked":["Pummel","Brutality"],"picked":"Pommel Strike","floor":3.0},{"not_picked":["Thunderclap","True Grit"],"picked":"Fire Breathing","floor":7.0},{"not_picked":["Power Through","Perfected Strike"],"picked":"Twin Strike","floor":11.0},{"not_picked":["Havoc","Perfected Strike"],"picked":"Spot Weakness","floor":12.0},{"not_picked":["Feel No Pain","Evolve"],"picked":"Iron Wave","floor":14.0},{"not_picked":["Impervious","Corruption"],"picked":"Limit Break","floor":16.0},{"not_picked":["Second Wind","Combust","Clash"],"picked":"SKIP","floor":18.0},{"not_picked":["hubris:CleavingFinish","Headbutt"],"picked":"Ghostly Armor","floor":20.0},{"not_picked":["hubris:ReadiedAction","Battle Trance"],"picked":"Headbutt","floor":22.0},{"not_picked":["Pommel Strike","Hemokinesis"],"picked":"Sword Boomerang","floor":24},{"not_picked":["Searing Blow","True Grit+1"],"picked":"Armaments","floor":28},{"not_picked":["Perfected Strike","Armaments"],"picked":"Anger","floor":30}],"player_experience":639331,"relics_obtained":[{"floor":9.0,"key":"hubris:BottledRain"},{"floor":11.0,"key":"Boot"},{"floor":14.0,"key":"Bottled Tornado"},{"floor":24,"key":"Bag of Marbles"},{"floor":26,"key":"Matryoshka"}],"event_choices":[{"damage_healed":0.0,"max_hp_gain":0.0,"max_hp_loss":0.0,"gold_gain":0.0,"event_name":"Scrap Ooze","player_choice":"Success","floor":10.0,"gold_loss":0.0,"damage_taken":18.0,"relics_obtained":["hubris:Zylophone"]},{"cards_removed":["Strike_R"],"damage_healed":0.0,"max_hp_gain":0.0,"max_hp_loss":0.0,"gold_gain":0.0,"event_name":"Bonfire Elementals","player_choice":"Offered Basic","floor":21.0,"gold_loss":0.0,"damage_taken":0.0}],"is_beta":false,"boss_relics":[{"not_picked":["Mark of Pain","Empty Cage"],"picked":"hubris:Backtick"}],"items_purged_floors":[],"is_endless":false,"potions_floor_spawned":[11,14,16,18,22,30],"killed_by":"Book of Stabbing","ascension_level":20}}