{"host":"lktusdb9orijgc6z","time":1614379091,"event":{"mods":["BaseMod","Bestiary","Colored Map","Colored Powertips","Filter the Spire","Minty Spire (QoL Compilation)","Permanent Neow","Quick Restart","Relic Stats","StSLib","everything is the same but u backflip on backflip","slay the spire mod where everything is the same but ironclad has a cowboy hat"],"gold_per_floor":[111,7,18,29,29,29,59,79,79,113,133,159,172,201,201,275,275,291,506,55,55,67,97,97,124,124,124,124,167,182,221,221,303,303,325,1342,1357,1357,704,730,749,777,777,817,834,834,502,521,521,521,521,521,521,34,78,78,78],"floor_reached":56,"language":"ENG","playtime":3015,"items_purged":["Normality","Normality"],"score":2611,"play_id":"d5c980ce-99c8-49c8-8bfd-0fb81b4e24e2","local_time":"20210226233811","is_ascension_mode":true,"campfire_choices":[{"data":"Blade Dance","floor":6.0,"key":"SMITH"},{"data":"Neutralize","floor":15.0,"key":"SMITH"},{"data":"Malaise","floor":24.0,"key":"SMITH"},{"data":"1","floor":28.0,"key":"LIFT"},{"data":"2","floor":32.0,"key":"LIFT"},{"data":"3","floor":46,"key":"LIFT"},{"floor":49,"key":"RECALL"},{"data":"Well Laid Plans","floor":53,"key":"SMITH"}],"circlet_count":0,"master_deck":["AscendersBane","Defend_G","Defend_G","Survivor","Neutralize+1","Calculated Gamble+1","Quick Slash+1","Dagger Throw+1","Masterful Stab","Blade Dance+1","Poisoned Stab","Terror","Eviscerate","Underhanded Strike","Calculated Gamble","Reflex","Dash","PiercingWail","Cloak And Dagger","Malaise+1","Blade Dance","Blade Dance","Deflect","Bite","Bite","Bite","Bite","Bite","Backflip","Blade Dance+1","Adrenaline","Blur","Blade Dance+1","Night Terror","Backflip","Acrobatics","Well Laid Plans+1","PiercingWail","Tactician+1","Burst","Accuracy","Calculated Gamble","Dodge and Roll","Blur+1"],"relics":["Astrolabe","Bag of Preparation","Kunai","Mercury Hourglass","Juzu Bracelet","WristBlade","Old Coin","Tough Bandages","PreservedInsect","Pocketwatch","Girya","CeramicFish","Potion Belt","HoveringKite","TwistedFunnel","Gremlin Horn","StoneCalendar","Letter Opener","Art of War","Ice Cream","ClockworkSouvenir","Bottled Tornado","FossilizedHelix"],"acts_visited":["Exordium","TheCity","TheBeyond","TheEnding"],"potions_floor_usage":[48,50,56,56,56],"damage_taken":[{"damage":0.0,"enemies":"Cultist","floor":1.0,"turns":3.0},{"damage":0.0,"enemies":"Small Slimes","floor":3.0,"turns":2.0},{"damage":7.0,"enemies":"Jaw Worm","floor":4.0,"turns":2.0},{"damage":30.0,"enemies":"Lagavulin","floor":7.0,"turns":5.0},{"damage":0.0,"enemies":"3 Louse","floor":8.0,"turns":2.0},{"damage":12.0,"enemies":"3 Sentries","floor":10.0,"turns":4.0},{"damage":0.0,"enemies":"Large Slime","floor":11.0,"turns":1.0},{"damage":0.0,"enemies":"Gremlin Nob","floor":12.0,"turns":2.0},{"damage":0.0,"enemies":"Exordium Thugs","floor":13.0,"turns":3.0},{"damage":0.0,"enemies":"Lagavulin","floor":14.0,"turns":4.0},{"damage":8.0,"enemies":"Hexaghost","floor":16.0,"turns":7.0},{"damage":11.0,"enemies":"2 Thieves","floor":18.0,"turns":3.0},{"damage":0.0,"enemies":"3 Byrds","floor":22.0,"turns":4.0},{"damage":0.0,"enemies":"Gremlin Leader","floor":23.0,"turns":4.0},{"damage":0.0,"enemies":"Slavers","floor":25.0,"turns":3.0},{"damage":0.0,"enemies":"Gremlin Leader","floor":29.0,"turns":1.0},{"damage":3.0,"enemies":"Centurion and Healer","floor":30.0,"turns":3.0},{"damage":0.0,"enemies":"Book of Stabbing","floor":31.0,"turns":2.0},{"damage":16.0,"enemies":"Automaton","floor":33.0,"turns":4.0},{"damage":10.0,"enemies":"3 Shapes","floor":35.0,"turns":4.0},{"damage":3.0,"enemies":"3 Darklings","floor":37.0,"turns":5.0},{"damage":12.0,"enemies":"Nemesis","floor":40.0,"turns":5.0},{"damage":0.0,"enemies":"Jaw Worm Horde","floor":41.0,"turns":2.0},{"damage":27.0,"enemies":"Giant Head","floor":42.0,"turns":5.0},{"damage":0,"enemies":"Reptomancer","floor":44,"turns":2},{"damage":0,"enemies":"4 Shapes","floor":45,"turns":4},{"damage":12,"enemies":"Writhing Mass","floor":48,"turns":5},{"damage":30,"enemies":"Time Eater","floor":50,"turns":13},{"damage":4,"enemies":"Awakened One","floor":51,"turns":10},{"damage":0,"enemies":"Shield and Spear","floor":55,"turns":3},{"damage":44,"enemies":"The Heart","floor":56,"turns":8}],"seed_played":"2397797307722000507","potions_obtained":[{"floor":3.0,"key":"Weak Potion"},{"floor":7.0,"key":"DistilledChaos"},{"floor":8.0,"key":"GamblersBrew"},{"floor":10.0,"key":"Dexterity Potion"},{"floor":16.0,"key":"DuplicationPotion"},{"floor":25.0,"key":"Regen Potion"},{"floor":29.0,"key":"GhostInAJar"},{"floor":31.0,"key":"GamblersBrew"},{"floor":41.0,"key":"DistilledChaos"},{"floor":48,"key":"Strength Potion"}],"is_trial":false,"path_per_floor":["M","$","M","M","?","R","E","M","T","E","M","E","M","E","R","B",null,"M","?","$","?","M","E","R","E","T","?","R","E","M","E","R","B",null,"M","?","M","?","$","E","M","E","T","E","M","R","$","M","R","B","B",null,"R","$","E","B"],"character_chosen":"THE_SILENT","items_purchased":["Blade Dance","Poisoned Stab","Tough Bandages","Blade Dance","Deflect","Acrobatics","Well Laid Plans","TwistedFunnel","PiercingWail","Gremlin Horn","Accuracy","Calculated Gamble","GamblersBrew","ClockworkSouvenir","Bottled Tornado","Dodge and Roll"],"campfire_rested":0,"item_purchase_floors":[2,2,20,20,20,39,39,39,39,39,47,47,47,54,54,54],"current_hp_per_floor":[59,59,59,52,52,52,22,22,22,10,10,10,10,10,10,2,50,39,39,39,39,45,46,46,46,46,43,43,43,46,46,46,32,43,37,37,42,42,42,30,36,21,21,25,27,27,27,29,29,9,15,37,37,37,39,0,0],"gold":78,"neow_bonus":"BOSS_RELIC","is_daily":false,"chose_seed":false,"campfire_upgraded":4,"win_rate":0.0,"timestamp":1614379091,"path_taken":["M","?","?","M","?","R","E","M","T","E","M","E","M","E","R","BOSS","M","?","$","?","M","E","R","E","T","?","R","E","M","E","R","BOSS","M","?","M","?","$","E","M","E","T","E","M","R","$","M","R","BOSS","BOSS","R","$","E","BOSS"],"items_purchased_type":["Card","Card","Relic","Card","Card","Card","Card","Relic","Card","Relic","Card","Card","Potion","Relic","Relic","Card"],"build_version":"2020-12-22","purchased_purges":2,"victory":false,"max_hp_per_floor":[66,66,66,66,66,66,66,66,66,66,66,66,66,66,66,66,66,66,66,66,46,46,46,46,46,46,46,46,46,46,46,46,46,46,46,46,46,44,44,44,44,44,44,44,44,44,44,44,44,44,44,44,44,44,44,44,44],"relic_stats":{"Gremlin Horn":[12,12],"counters":[31,124],"Astrolabe":["Calculated Gamble","Quick Slash","Dagger Throw"],"CeramicFish":135,"HoveringKite":[43],"StoneCalendar":[156],"PreservedInsect":452,"Bag of Preparation":[54],"Juzu Bracelet":0,"Letter Opener":[210],"Mercury Hourglass":[396],"Tough Bandages":[597],"Art of War":[3],"Kunai":[108],"obtain_stats":[{"Potion Belt":31,"TwistedFunnel":39,"Ice Cream":44,"Girya":26,"Gremlin Horn":39,"Astrolabe":0,"CeramicFish":29,"HoveringKite":34,"StoneCalendar":40,"PreservedInsect":23,"Bag of Preparation":7,"Juzu Bracelet":14,"Letter Opener":42,"Bottled Tornado":54,"Mercury Hourglass":12,"Old Coin":19,"ClockworkSouvenir":54,"Tough Bandages":20,"WristBlade":17,"Art of War":43,"Kunai":10,"FossilizedHelix":55,"Ring of the Snake":0,"Pocketwatch":25},{"Potion Belt":18,"TwistedFunnel":21,"Ice Cream":25,"Girya":15,"Gremlin Horn":21,"Astrolabe":0,"CeramicFish":16,"HoveringKite":19,"StoneCalendar":22,"PreservedInsect":14,"Bag of Preparation":4,"Juzu Bracelet":10,"Letter Opener":24,"Bottled Tornado":29,"Mercury Hourglass":8,"Old Coin":12,"ClockworkSouvenir":29,"Tough Bandages":12,"WristBlade":11,"Art of War":24,"Kunai":6,"FossilizedHelix":30,"Ring of the Snake":0,"Pocketwatch":15},{"Potion Belt":55,"TwistedFunnel":68,"Ice Cream":82,"Girya":49,"Gremlin Horn":68,"Astrolabe":0,"CeramicFish":50,"HoveringKite":59,"StoneCalendar":73,"PreservedInsect":46,"Bag of Preparation":12,"Juzu Bracelet":28,"Letter Opener":80,"Bottled Tornado":113,"Mercury Hourglass":21,"Old Coin":38,"ClockworkSouvenir":113,"Tough Bandages":38,"WristBlade":35,"Art of War":80,"Kunai":18,"FossilizedHelix":116,"Ring of the Snake":0,"Pocketwatch":49}],"Pocketwatch":[20]},"card_choices":[{"not_picked":["Deadly Poison","Deflect"],"picked":"Masterful Stab","floor":1.0},{"not_picked":["Acrobatics","Crippling Poison"],"picked":"Terror","floor":3.0},{"not_picked":["Accuracy","Choke"],"picked":"Eviscerate","floor":4.0},{"not_picked":["Setup","Sucker Punch"],"picked":"Underhanded Strike","floor":7.0},{"not_picked":["Outmaneuver","Deflect"],"picked":"Calculated Gamble","floor":8.0},{"not_picked":["Masterful Stab","Distraction"],"picked":"Reflex","floor":10.0},{"not_picked":["Expertise","Distraction"],"picked":"Dash","floor":11.0},{"not_picked":["A Thousand Cuts","Eviscerate","Slice"],"picked":"SKIP","floor":12.0},{"not_picked":["Prepared","Flying Knee"],"picked":"PiercingWail","floor":13.0},{"not_picked":["Escape Plan","Finisher"],"picked":"Cloak And Dagger","floor":14.0},{"not_picked":["Grand Finale","Glass Knife"],"picked":"Malaise","floor":16.0},{"not_picked":["Dodge and Roll","Prepared"],"picked":"Blade Dance","floor":18.0},{"not_picked":["Slice","Deflect"],"picked":"Backflip","floor":22.0},{"not_picked":["Blur","Caltrops"],"picked":"Blade Dance+1","floor":23.0},{"not_picked":["Flechettes","Deflect"],"picked":"Adrenaline","floor":25.0},{"not_picked":["Dodge and Roll","Tools of the Trade"],"picked":"Blur","floor":29.0},{"not_picked":["Tactician","Outmaneuver","Crippling Poison"],"picked":"SKIP","floor":30.0},{"not_picked":["All Out Attack","Dagger Throw"],"picked":"Blade Dance+1","floor":31.0},{"not_picked":["Corpse Explosion","Venomology"],"picked":"Night Terror","floor":33.0},{"not_picked":["Blade Dance","Skewer"],"picked":"Backflip","floor":35.0},{"not_picked":["Underhanded Strike","Blade Dance","Distraction"],"picked":"SKIP","floor":37.0},{"not_picked":["Slice","Cloak And Dagger","Noxious Fumes+1"],"picked":"SKIP","floor":40.0},{"not_picked":["Crippling Poison","Caltrops+1"],"picked":"Tactician+1","floor":41.0},{"not_picked":["Sucker Punch","Backstab","Deadly Poison"],"picked":"SKIP","floor":42.0},{"not_picked":["Prepared","Poisoned Stab"],"picked":"Burst","floor":44},{"not_picked":["Catalyst","Bane","Sucker Punch"],"picked":"SKIP","floor":45},{"not_picked":["Deadly Poison+1","Slice","Deflect"],"picked":"SKIP","floor":48},{"not_picked":["Footwork","Acrobatics+1"],"picked":"Blur+1","floor":55}],"player_experience":818352,"relics_obtained":[{"floor":7.0,"key":"Bag of Preparation"},{"floor":10.0,"key":"Kunai"},{"floor":12.0,"key":"Mercury Hourglass"},{"floor":14.0,"key":"Juzu Bracelet"},{"floor":23.0,"key":"PreservedInsect"},{"floor":25.0,"key":"Pocketwatch"},{"floor":26.0,"key":"Girya"},{"floor":29.0,"key":"CeramicFish"},{"floor":31.0,"key":"Potion Belt"},{"floor":40.0,"key":"StoneCalendar"},{"floor":42.0,"key":"Letter Opener"},{"floor":43.0,"key":"Art of War"},{"floor":44,"key":"Ice Cream"},{"floor":55,"key":"FossilizedHelix"}],"event_choices":[{"damage_healed":0.0,"max_hp_gain":0.0,"max_hp_loss":0.0,"gold_gain":0.0,"event_name":"Liars Game","player_choice":"Ignored","floor":5.0,"gold_loss":0.0,"damage_taken":0.0},{"damage_healed":0.0,"max_hp_gain":0.0,"max_hp_loss":0.0,"gold_gain":0.0,"event_name":"Addict","player_choice":"Obtained Relic","floor":19.0,"gold_loss":85.0,"damage_taken":0.0,"relics_obtained":["Old Coin"]},{"damage_healed":0.0,"max_hp_gain":0.0,"max_hp_loss":20.0,"gold_gain":0.0,"event_name":"Vampires","player_choice":"Became a vampire","floor":21.0,"gold_loss":0.0,"damage_taken":0.0,"cards_obtained":["Bite","Bite","Bite","Bite","Bite"]},{"damage_healed":0.0,"max_hp_gain":0.0,"max_hp_loss":0.0,"gold_gain":0.0,"event_name":"The Woman in Blue","player_choice":"Bought 0 Potions","floor":27.0,"gold_loss":0.0,"damage_taken":0.0},{"damage_healed":0.0,"max_hp_gain":0.0,"max_hp_loss":0.0,"gold_gain":999.0,"event_name":"MindBloom","player_choice":"Gold","floor":36.0,"gold_loss":0.0,"damage_taken":0.0,"cards_obtained":["Normality","Normality"]},{"damage_healed":0.0,"max_hp_gain":0.0,"max_hp_loss":2.0,"gold_gain":0.0,"event_name":"Winding Halls","player_choice":"Max HP","floor":38.0,"gold_loss":0.0,"damage_taken":0.0}],"is_beta":false,"boss_relics":[{"not_picked":["Pandora\u0027s Box","Busted Crown"],"picked":"WristBlade"},{"not_picked":["Runic Pyramid","Fusion Hammer"],"picked":"HoveringKite"}],"items_purged_floors":[39,47],"is_endless":false,"potions_floor_spawned":[3,7,8,10,13,16,25,29,30,31,41,48],"killed_by":"The Heart","ascension_level":20}}