{"host":"l8lkgdumzpe3823a","time":1614363979,"event":{"mods":["Always Whale","Aspiration","BaseMod","Beaked The Cultist","Better Note","Clockwork Mod","Colored Powertips","Curses Come First","Custom Start","DeckTracker","Defuse TimeMaze Blight","Highlight Path","Hubris","Infinite Spire","Minty Spire (QoL Compilation)","Quick Restart","Replay The Spire","Shop Mod","StSLib","SuperFastMode","The Construct","The Cursed","The Dragon Tamer","The Necromancer","The Servant 0.9.4"],"gold_per_floor":[117,13,13,30,100,126,145,145,145,145,163,174,202,217,217,312,312,322,341,100,100,131,131,161,208,254,254,286,306,306,306,306,432,432,458,358,386,286,314,360,360,403,430,430,449,172,172,202,202,216,216,216,14,54,68,68],"floor_reached":55,"language":"ENG","playtime":2366,"items_purged":["Looming Evil","hubris:Gluttony","Regret","Injury"],"score":1066,"play_id":"f33440c4-82c8-4eea-8fd8-74e5ffab7dd4","local_time":"20210226122619","is_ascension_mode":true,"campfire_choices":[{"floor":8.0,"key":"REST"},{"data":"1","floor":15.0,"key":"LIFT"},{"data":"2","floor":23.0,"key":"LIFT"},{"data":"3","floor":30.0,"key":"LIFT"},{"floor":32.0,"key":"RECALL"},{"floor":41.0,"key":"REST"},{"floor":44.0,"key":"REST"},{"floor":47.0,"key":"REST"},{"floor":49.0,"key":"REST"},{"floor":52,"key":"REST"}],"circlet_count":0,"master_deck":["Strike_W","Strike_W","Strike_W","Strike_W","Defend_W","Defend_W","Defend_W","Defend_W","Negative_Energy_Arrows","Bone_Wall","Spectral_Armor","Negative_Energy_Javelin","Corrupt","Bone_Armory","Consume_Illness","Cloudkill","Apotheosis","Cloudkill","CurseOfTheBell","Whirlwind_of_Bones+1"],"relics":["Vampire_Amulet","aspiration:Nostalgia","Burning Blood","hubris:MedicalManual","infinitespire:Broken Mirror","Bronze Scales","hubris:OldNail","hubris:EvacipatedBox","Pet Ghost","StrikeDummy","Molten Egg 2","Girya","Replay:Grab Bag","Busted Crown","Fusion Hammer","Replay:Ancient Bell","Black Star","hubris:Backtick","Shuriken","hubris:CuriousFeather","Replay:Bandana","infinitespire:EmpoweringShard","Darkstone Periapt","Replay:Ringing Soul","Calling Bell","infinitespire:Beetle Shell","Iron Hammer","infinitespire:Joker Card","Prayer Wheel","PreservedInsect","infinitespire:Magic Flask","aspiration:Lifesprig","Oddly Smooth Stone","Sling","Membership Card","Garlic","Gremlin Food"],"acts_visited":["Exordium","TheCity","TheBeyond","TheEnding"],"potions_floor_usage":[50,50,55],"damage_taken":[{"damage":6.0,"enemies":"Small Slimes","floor":1.0,"turns":6.0},{"damage":1.0,"enemies":"Cultist","floor":4.0,"turns":4.0},{"damage":18.0,"enemies":"Gremlin Nob","floor":6.0,"turns":5.0},{"damage":2.0,"enemies":"2 Louse","floor":7.0,"turns":3.0},{"damage":11.0,"enemies":"Exordium Thugs","floor":11.0,"turns":5.0},{"damage":0.0,"enemies":"Lots of Slimes","floor":12.0,"turns":3.0},{"damage":18.0,"enemies":"3 Sentries","floor":13.0,"turns":5.0},{"damage":3.0,"enemies":"2 Fungi Beasts","floor":14.0,"turns":4.0},{"damage":45.0,"enemies":"The Guardian","floor":16.0,"turns":12.0},{"damage":8.0,"enemies":"Chosen","floor":18.0,"turns":4.0},{"damage":3.0,"enemies":"3 Byrds","floor":19.0,"turns":3.0},{"damage":3.0,"enemies":"Snake Plant","floor":22.0,"turns":3.0},{"damage":2.0,"enemies":"Chosen and Byrds","floor":24.0,"turns":4.0},{"damage":37.0,"enemies":"Slavers","floor":25.0,"turns":4.0},{"damage":18.0,"enemies":"Snecko","floor":28.0,"turns":3.0},{"damage":4.0,"enemies":"Snake Plant","floor":29.0,"turns":2.0},{"damage":4.0,"enemies":"Automaton","floor":33.0,"turns":6.0},{"damage":13.0,"enemies":"Orb Walker","floor":35.0,"turns":4.0},{"damage":0.0,"enemies":"3 Darklings","floor":37.0,"turns":3.0},{"damage":29.0,"enemies":"Maw","floor":39.0,"turns":5.0},{"damage":28.0,"enemies":"Giant Head","floor":40.0,"turns":7.0},{"damage":2.0,"enemies":"R_Hoarder","floor":42.0,"turns":4.0},{"damage":4.0,"enemies":"4 Shapes","floor":45.0,"turns":3.0},{"damage":54.0,"enemies":"Spire Growth","floor":48.0,"turns":4.0},{"damage":47,"enemies":"Awakened One","floor":50,"turns":13},{"damage":3,"enemies":"Shield and Spear","floor":54,"turns":2},{"damage":93,"enemies":"The Heart","floor":55,"turns":5}],"seed_played":"-7528750678668296948","potions_obtained":[{"floor":6.0,"key":"SneckoOil"},{"floor":7.0,"key":"Dexterity Potion"},{"floor":12.0,"key":"Strength Potion"},{"floor":14.0,"key":"Flashbang"},{"floor":16.0,"key":"SkillPotion"},{"floor":25.0,"key":"LiquidMemories"},{"floor":28.0,"key":"Block Potion"},{"floor":29.0,"key":"Swift Potion"},{"floor":31.0,"key":"LiquidBronze"},{"floor":31.0,"key":"Adrenaline Potion"},{"floor":31.0,"key":"Dexterity Potion"},{"floor":35.0,"key":"Elixir"},{"floor":45.0,"key":"Adrenaline Potion"}],"is_trial":false,"path_per_floor":["M","?","$","M","?","E","M","R","T","?","M","M","E","M","R","B",null,"M","M","$","?","M","R","M","E","T","AVR","M","M","R","?","R","B",null,"M","$","M","NS","M","E","R","E","T","R","M","$","R","M","R","B",null,"R","$","E","B"],"character_chosen":"NECROMANCER","items_purchased":["infinitespire:Broken Mirror","Bronze Scales","hubris:OldNail","hubris:EvacipatedBox","Apotheosis","Sling","Membership Card","Whirlwind_of_Bones+1","ColorlessPotion"],"campfire_rested":6,"item_purchase_floors":[3,3,3,3,20,46,53,53,53],"current_hp_per_floor":[72,72,17,24,24,14,22,44,44,44,43,59,53,60,60,23,62,62,71,71,71,75,75,75,50,50,50,40,44,44,44,44,55,81,76,76,84,84,63,46,72,78,78,87,87,87,87,41,67,34,74,87,90,90,0,0],"gold":68,"neow_bonus":"NOSTALGIA","is_daily":false,"chose_seed":false,"campfire_upgraded":0,"win_rate":0.0,"timestamp":1614363979,"path_taken":["M","?","?","M","?","E","M","R","T","?","?","M","E","M","R","BOSS","M","?","$","?","M","R","?","E","T","AVR","M","M","R","?","R","BOSS","M","?","M","NS","M","E","R","E","T","R","M","$","R","M","R","BOSS","R","$","E","BOSS"],"items_purchased_type":["Relic","Relic","Relic","Relic","Card","Relic","Relic","Card","Potion"],"build_version":"2020-12-22","purchased_purges":4,"victory":false,"max_hp_per_floor":[75,75,75,75,75,75,75,75,75,75,75,75,75,75,75,75,75,75,75,75,75,75,75,75,75,75,75,75,75,75,75,75,78,87,87,87,87,87,87,87,87,87,87,87,87,87,87,87,87,87,87,87,90,90,90,90],"card_choices":[{"not_picked":["Negative_Energy_Shield","Bone_Armor"],"picked":"Spectral_Armor","floor":1.0},{"not_picked":["Negative_Energy_Mist","Scare"],"picked":"Negative_Energy_Javelin","floor":4.0},{"not_picked":["Acid_Javelin","Death_Coil"],"picked":"Corrupt","floor":6.0},{"not_picked":["Finger_Of_Death","Bones_to_Steel","Scare"],"picked":"SKIP","floor":7.0},{"not_picked":["Bone_Spikes+1","Death_March_Dance+1"],"picked":"Bone_Armory","floor":11.0},{"not_picked":["Negative_Energy_Shield","Blood_for_Blood"],"picked":"Negative_Energy_Sphere+1","floor":12.0},{"not_picked":["Bone_Armory","Blood_Whip+1"],"picked":"Necrotic_Claws+1","floor":13.0},{"not_picked":["Grasp_Heart+1","Bone_Shift"],"picked":"Consume_Illness","floor":14.0},{"not_picked":["Requiem+1","Summon_Death_Knight"],"picked":"Cloudkill","floor":16.0},{"not_picked":[],"picked":"Regret","floor":17.0},{"not_picked":[],"picked":"hubris:Gluttony","floor":17.0},{"not_picked":[],"picked":"Looming Evil","floor":17.0},{"not_picked":["Negative_Energy_Sphere+1"],"picked":"SKIP","floor":18.0},{"not_picked":["Consume_Illness"],"picked":"SKIP","floor":19.0},{"not_picked":["Negative_Energy_Sphere+1"],"picked":"SKIP","floor":22.0},{"not_picked":["Vampiric_Strike+1"],"picked":"SKIP","floor":24.0},{"not_picked":["Vampiric_Strike+1"],"picked":"SKIP","floor":25.0},{"not_picked":["Bone_Armor"],"picked":"SKIP","floor":28.0},{"not_picked":["Slay_Living+1"],"picked":"SKIP","floor":29.0},{"not_picked":[],"picked":"Cloudkill","floor":33.0},{"not_picked":["Pandemic+1"],"picked":"SKIP","floor":35.0},{"not_picked":["Epidemic"],"picked":"SKIP","floor":37.0},{"not_picked":["Death_March_Dance+1"],"picked":"SKIP","floor":39.0},{"not_picked":["Pandemic+1"],"picked":"SKIP","floor":40.0},{"not_picked":["Chill_Blood"],"picked":"SKIP","floor":42.0},{"not_picked":["Slay_Living+1"],"picked":"SKIP","floor":45.0},{"not_picked":["Bone_Armory"],"picked":"SKIP","floor":45.0},{"not_picked":["Negative_Energy_Shield"],"picked":"SKIP","floor":48.0},{"not_picked":["Bone_Armor"],"picked":"SKIP","floor":48.0},{"not_picked":["Death_Coil+1"],"picked":"SKIP","floor":54}],"player_experience":803443,"relics_obtained":[{"floor":6.0,"key":"Pet Ghost"},{"floor":9.0,"key":"StrikeDummy"},{"floor":13.0,"key":"Girya"},{"floor":25.0,"key":"infinitespire:EmpoweringShard"},{"floor":25.0,"key":"Darkstone Periapt"},{"floor":34.0,"key":"infinitespire:Beetle Shell"},{"floor":34.0,"key":"Iron Hammer"},{"floor":34.0,"key":"infinitespire:Joker Card"},{"floor":40.0,"key":"Prayer Wheel"},{"floor":40.0,"key":"PreservedInsect"},{"floor":42.0,"key":"infinitespire:Magic Flask"},{"floor":42.0,"key":"aspiration:Lifesprig"},{"floor":43.0,"key":"Oddly Smooth Stone"},{"floor":54,"key":"Garlic"},{"floor":54,"key":"Gremlin Food"}],"event_choices":[{"damage_healed":0.0,"max_hp_gain":0.0,"max_hp_loss":0.0,"gold_gain":0.0,"event_name":"WeMeetAgain","player_choice":"Paid Gold","floor":2.0,"gold_loss":104.0,"damage_taken":0.0,"relics_obtained":["hubris:MedicalManual"]},{"damage_healed":0.0,"max_hp_gain":0.0,"max_hp_loss":0.0,"gold_gain":70.0,"event_name":"Golden Wing","player_choice":"Gained Gold","floor":5.0,"gold_loss":0.0,"damage_taken":0.0},{"damage_healed":0.0,"max_hp_gain":0.0,"max_hp_loss":0.0,"gold_gain":0.0,"event_name":"Lab","player_choice":"Got Potions","floor":31.0,"gold_loss":0.0,"damage_taken":0.0}],"is_beta":false,"boss_relics":[{"not_picked":["Pandora\u0027s Box","ChewingGum","hubris:VirtuousBlindfold"],"picked":"Replay:Grab Bag"},{"not_picked":["Cursed Key","hubris:TerracottaHorce","Tiny House"],"picked":"Busted Crown"},{"not_picked":["ReplayTheSpireMod:Onyx Gauntlets","hubris:CrackedHourglass","beaked:SacredDeck"],"picked":"Fusion Hammer"},{"not_picked":["Empty Cage","hubris:HollowSoul","SlaversCollar"],"picked":"Replay:Ancient Bell"},{"not_picked":["Replay:Rubber Ducky","ReplayFunnel","hubris:ToyBattleship"],"picked":"Black Star"},{"not_picked":["hubris:DisguiseKit","ReplayTheSpireMod:Ninjato","White Beast Statue"],"picked":"hubris:Backtick"},{"not_picked":["hubris:AstralHammer","WingedGreaves","ReplayTheSpireMod:SealedPack"],"picked":"hubris:CuriousFeather"},{"not_picked":["Coffee Dripper","beaked:MawFillet","construct:ClawGrip"],"picked":"Calling Bell"}],"items_purged_floors":[20,27,36,46],"is_endless":false,"potions_floor_spawned":[6,7,12,14,16,18,25,28,29,35,45],"killed_by":"The Heart","ascension_level":7}}