{"host":"y080dcqw8fj32q7d","time":1614344654,"event":{"mods":["AchievementEnabler","BaseMod","Colored Map","Colored Powertips","DeckTracker","Minty Spire (QoL Compilation)","Relic Sorter"],"gold_per_floor":[12,12,12,27,46,85,85,128,182,182,218,168,204,228,228,351,351,370,388,388,388,404,443,368,391,441,441,459,484,484,108,108,232,232,256,256,319,337,337,337],"floor_reached":39,"language":"ENG","playtime":2429,"items_purged":["Defend_B"],"score":466,"play_id":"21ef0caf-344d-47a8-b259-935f00e552b4","local_time":"20210226160414","is_ascension_mode":true,"campfire_choices":[{"floor":7.0,"key":"REST"},{"floor":10.0,"key":"REST"},{"data":"Defragment","floor":15.0,"key":"SMITH"},{"floor":27.0,"key":"REST"},{"floor":30.0,"key":"REST"},{"floor":32.0,"key":"REST"}],"circlet_count":0,"master_deck":["Zap","Dualcast","Ball Lightning","Defragment+1","Turbo","Double Energy","Conserve Battery","Ball Lightning","Reboot","Static Discharge","RitualDagger","Aggregate","Hologram","Capacitor+1","Redo","Defragment","Amplify","Creative AI","Turbo+1","Madness","Madness","Conserve Battery+1"],"relics":["Cracked Core","Golden Idol","InkBottle","Anchor","PreservedInsect","Pantograph","Odd Mushroom","Sozu","Bronze Scales","Strawberry","Fusion Hammer","Bird Faced Urn"],"acts_visited":["Exordium","TheCity","TheBeyond"],"potions_floor_usage":[],"damage_taken":[{"damage":2.0,"enemies":"Jaw Worm","floor":1.0,"turns":5.0},{"damage":11.0,"enemies":"2 Louse","floor":4.0,"turns":3.0},{"damage":0.0,"enemies":"Small Slimes","floor":5.0,"turns":3.0},{"damage":37.0,"enemies":"3 Sentries","floor":6.0,"turns":9.0},{"damage":21.0,"enemies":"Lagavulin","floor":8.0,"turns":5.0},{"damage":0.0,"enemies":"Gremlin Nob","floor":11.0,"turns":2.0},{"damage":5.0,"enemies":"The Mushroom Lair","floor":13.0,"turns":4.0},{"damage":0.0,"enemies":"Blue Slaver","floor":14.0,"turns":4.0},{"damage":11.0,"enemies":"Slime Boss","floor":16.0,"turns":8.0},{"damage":16.0,"enemies":"3 Byrds","floor":18.0,"turns":4.0},{"damage":0.0,"enemies":"Shell Parasite","floor":19.0,"turns":5.0},{"damage":13.0,"enemies":"Snake Plant","floor":22.0,"turns":3.0},{"damage":32.0,"enemies":"Slavers","floor":23.0,"turns":3.0},{"damage":5.0,"enemies":"3 Cultists","floor":25.0,"turns":4.0},{"damage":6.0,"enemies":"Snecko","floor":28.0,"turns":4.0},{"damage":4.0,"enemies":"Snake Plant","floor":29.0,"turns":2.0},{"damage":43,"enemies":"Champ","floor":33,"turns":7},{"damage":18,"enemies":"3 Shapes","floor":35,"turns":4},{"damage":38,"enemies":"Mind Bloom Boss Battle","floor":37,"turns":4},{"damage":31,"enemies":"3 Darklings","floor":38,"turns":4},{"damage":36,"enemies":"2 Orb Walkers","floor":39,"turns":2}],"seed_played":"-5663506405962142609","potions_obtained":[{"floor":1.0,"key":"SteroidPotion"},{"floor":8.0,"key":"Swift Potion"},{"floor":13.0,"key":"Regen Potion"},{"floor":16.0,"key":"Swift Potion"}],"is_trial":false,"path_per_floor":["M","?","?","M","M","E","R","E","T","R","E","?","?","M","R","B",null,"M","M","?","?","M","E","?","M","T","R","M","M","R","$","R","B",null,"M","?","?","M","?"],"character_chosen":"DEFECT","items_purchased":["Defragment","Strawberry","Amplify"],"campfire_rested":5,"item_purchase_floors":[31,31,31],"current_hp_per_floor":[73,55,55,44,44,7,29,8,8,30,30,30,25,37,37,51,75,59,59,53,53,40,8,8,3,3,25,19,15,37,44,68,39,82,64,54,41,24,0,0],"gold":337,"neow_bonus":"REMOVE_TWO","is_daily":false,"chose_seed":false,"campfire_upgraded":1,"win_rate":0.0,"timestamp":1614344654,"path_taken":["M","?","?","?","M","E","R","E","T","R","E","?","?","M","R","BOSS","M","M","?","?","M","E","?","?","T","R","M","M","R","$","R","BOSS","M","?","?","M","?"],"items_purchased_type":["Card","Relic","Card"],"build_version":"2020-12-22","purchased_purges":1,"victory":false,"max_hp_per_floor":[75,75,75,75,75,75,75,75,75,75,75,75,75,75,75,75,75,75,75,75,75,75,75,75,75,75,75,75,75,75,82,82,82,82,82,82,82,82,82,82],"card_choices":[{"not_picked":["Sunder","Hologram"],"picked":"Ball Lightning","floor":1.0},{"not_picked":["Fusion","Undo","Chill"],"picked":"SKIP","floor":4.0},{"not_picked":["Conserve Battery","Beam Cell"],"picked":"Defragment","floor":5.0},{"not_picked":["Sunder","Darkness"],"picked":"Turbo","floor":6.0},{"not_picked":["Rip and Tear","Sweeping Beam","Hologram"],"picked":"SKIP","floor":8.0},{"not_picked":["Sweeping Beam","Recycle"],"picked":"Double Energy","floor":11.0},{"not_picked":["Hyperbeam","Turbo"],"picked":"Conserve Battery","floor":13.0},{"not_picked":["Go for the Eyes","Steam"],"picked":"Ball Lightning","floor":14.0},{"not_picked":["Machine Learning","Core Surge"],"picked":"Reboot","floor":16.0},{"not_picked":["FTL","Recycle","Cold Snap"],"picked":"SKIP","floor":18.0},{"not_picked":["Hologram","Coolheaded+1"],"picked":"Static Discharge","floor":19.0},{"not_picked":["Turbo","Sweeping Beam+1","Steam"],"picked":"SKIP","floor":22.0},{"not_picked":["White Noise","Turbo","Cold Snap"],"picked":"SKIP","floor":23.0},{"not_picked":["Beam Cell+1","Barrage"],"picked":"Capacitor+1","floor":25.0},{"not_picked":["Go for the Eyes","Coolheaded","Hologram"],"picked":"SKIP","floor":28.0},{"not_picked":["Rebound+1","Cold Snap"],"picked":"Redo","floor":29.0},{"not_picked":["Meteor Strike","Hyperbeam"],"picked":"Creative AI","floor":33},{"not_picked":["Fusion","Streamline"],"picked":"Turbo+1","floor":35},{"not_picked":["Sweeping Beam","Tempest"],"picked":"Conserve Battery+1","floor":37},{"not_picked":["Hologram","Cold Snap","Streamline"],"picked":"SKIP","floor":38}],"player_experience":399028,"relics_obtained":[{"floor":6.0,"key":"InkBottle"},{"floor":8.0,"key":"Anchor"},{"floor":9.0,"key":"PreservedInsect"},{"floor":11.0,"key":"Pantograph"},{"floor":13.0,"key":"Odd Mushroom"},{"floor":23.0,"key":"Bronze Scales"},{"floor":37,"key":"Bird Faced Urn"}],"event_choices":[{"damage_healed":0.0,"max_hp_gain":0.0,"max_hp_loss":0.0,"gold_gain":0.0,"event_name":"Golden Idol","player_choice":"Take Damage","floor":2.0,"gold_loss":0.0,"damage_taken":18.0,"relics_obtained":["Golden Idol"]},{"cards_removed":["Strike_B"],"damage_healed":0.0,"max_hp_gain":0.0,"max_hp_loss":0.0,"gold_gain":0.0,"event_name":"Living Wall","player_choice":"Forget","floor":3.0,"gold_loss":0.0,"damage_taken":0.0},{"cards_removed":["Strike_B"],"damage_healed":0.0,"max_hp_gain":0.0,"max_hp_loss":0.0,"gold_gain":0.0,"event_name":"The Cleric","player_choice":"Card Removal","floor":12.0,"gold_loss":50.0,"damage_taken":0.0},{"damage_healed":0.0,"max_hp_gain":0.0,"max_hp_loss":0.0,"gold_gain":0.0,"event_name":"Mushrooms","player_choice":"Fought Mushrooms","floor":13.0,"gold_loss":0.0,"damage_taken":0.0},{"damage_healed":0.0,"max_hp_gain":0.0,"max_hp_loss":0.0,"gold_gain":0.0,"event_name":"Nest","player_choice":"Joined the Cult","floor":20.0,"gold_loss":0.0,"damage_taken":6.0,"cards_obtained":["RitualDagger"]},{"damage_healed":0.0,"max_hp_gain":0.0,"max_hp_loss":0.0,"gold_gain":0.0,"cards_transformed":["Defend_B","Defend_B"],"event_name":"Drug Dealer","player_choice":"Became Test Subject","floor":21.0,"gold_loss":0.0,"damage_taken":0.0,"cards_obtained":["Aggregate","Hologram"]},{"cards_removed":["Defend_B"],"damage_healed":0.0,"max_hp_gain":0.0,"max_hp_loss":0.0,"gold_gain":0.0,"event_name":"Beggar","player_choice":"Gave Gold","floor":24.0,"gold_loss":75.0,"damage_taken":0.0},{"damage_healed":0,"gold_gain":0,"player_choice":"Embrace Madness","damage_taken":10,"max_hp_gain":0,"max_hp_loss":0,"event_name":"Winding Halls","floor":36,"gold_loss":0,"cards_obtained":["Madness","Madness"]},{"damage_healed":0,"gold_gain":0,"player_choice":"Fight","damage_taken":0,"max_hp_gain":0,"max_hp_loss":0,"event_name":"MindBloom","floor":37,"gold_loss":0},{"damage_healed":0,"gold_gain":0,"player_choice":"Fight","damage_taken":0,"max_hp_gain":0,"max_hp_loss":0,"event_name":"Mysterious Sphere","floor":39,"gold_loss":0}],"is_beta":false,"boss_relics":[{"not_picked":["Astrolabe","Tiny House"],"picked":"Sozu"},{"not_picked":["Cursed Key","Empty Cage"],"picked":"Fusion Hammer"}],"items_purged_floors":[31],"is_endless":false,"potions_floor_spawned":[1,8,13,16,18,25,33,38],"killed_by":"2 Orb Walkers","ascension_level":1}}