{"host":"jz4ul6vrcxqkcr33","time":1614297976,"event":{"mods":["BaseMod","Minty Spire (QoL Compilation)","StSLib"],"gold_per_floor":[20,20,40,54,69,69,97,112,112,137,148,164,231,243,243,316,316,326,241,241,241,43,72,89,89,166,194,206,238,238,271,271,347,347,357,357,129,143,157,157,157,157,203,232,276,276,313,151,151,151,151,151,103,138,138],"floor_reached":56,"language":"ENG","playtime":3881,"items_purged":["Chaos","Strike_B"],"score":2223,"play_id":"0196352d-876e-4728-a09f-fa379c977968","local_time":"20210225190616","is_ascension_mode":true,"campfire_choices":[{"data":"Sunder","floor":6.0,"key":"SMITH"},{"floor":15.0,"key":"REST"},{"data":"Reprogram","floor":30.0,"key":"SMITH"},{"data":"Reboot","floor":32.0,"key":"SMITH"},{"data":"Buffer","floor":40.0,"key":"SMITH"},{"floor":42.0,"key":"RECALL"},{"data":"Seek","floor":46.0,"key":"SMITH"},{"data":"Reboot","floor":49.0,"key":"SMITH"},{"data":"Static Discharge","floor":52.0,"key":"SMITH"}],"circlet_count":0,"master_deck":["AscendersBane","Strike_B","Strike_B","Defend_B","Defend_B","Defend_B","Defend_B","Zap","Dualcast","Gash","Go for the Eyes","Sunder+1","FTL","Sunder","Cold Snap","Reboot+1","Leap","Electrodynamics","Ball Lightning","All For One","Gash","Ghostly","Ghostly","Ghostly","Ghostly","Ghostly","Steam","Gash+1","Go for the Eyes","Gash","Reprogram+1","Gash","Seek+1","CurseOfTheBell","Rebound","Gash","Buffer+1","Static Discharge","Reboot+1","Scrape","Go for the Eyes","Static Discharge+1","Gash"],"relics":["Cracked Core","TungstenRod","Symbiotic Virus","Singing Bowl","Art of War","Nuclear Battery","Calipers","Pen Nib","Vajra","Pantograph","StrikeDummy","Bag of Preparation","Red Mask","Calling Bell","Regal Pillow","Gremlin Horn","Prayer Wheel","HandDrill","CeramicFish","Question Card","Torii","Bottled Lightning"],"acts_visited":["Exordium","TheCity","TheBeyond","TheEnding"],"potions_floor_usage":[55,55],"damage_taken":[{"damage":4.0,"enemies":"Small Slimes","floor":1.0,"turns":3.0},{"damage":0.0,"enemies":"2 Louse","floor":3.0,"turns":2.0},{"damage":8.0,"enemies":"Jaw Worm","floor":4.0,"turns":3.0},{"damage":11.0,"enemies":"Exordium Wildlife","floor":5.0,"turns":4.0},{"damage":12.0,"enemies":"3 Sentries","floor":7.0,"turns":6.0},{"damage":7.0,"enemies":"Looter","floor":8.0,"turns":2.0},{"damage":19.0,"enemies":"Lagavulin","floor":10.0,"turns":4.0},{"damage":0.0,"enemies":"Gremlin Gang","floor":11.0,"turns":3.0},{"damage":1.0,"enemies":"Red Slaver","floor":12.0,"turns":3.0},{"damage":0.0,"enemies":"3 Louse","floor":14.0,"turns":1.0},{"damage":0.0,"enemies":"Slime Boss","floor":16.0,"turns":6.0},{"damage":0.0,"enemies":"3 Byrds","floor":18.0,"turns":4.0},{"damage":2.0,"enemies":"Gremlin Leader","floor":23.0,"turns":9.0},{"damage":0.0,"enemies":"2 Thieves","floor":24.0,"turns":3.0},{"damage":0.0,"enemies":"Book of Stabbing","floor":27.0,"turns":5.0},{"damage":3.0,"enemies":"Chosen and Byrds","floor":28.0,"turns":4.0},{"damage":0.0,"enemies":"Slavers","floor":29.0,"turns":4.0},{"damage":0.0,"enemies":"Masked Bandits","floor":31.0,"turns":4.0},{"damage":0.0,"enemies":"Collector","floor":33.0,"turns":8.0},{"damage":0.0,"enemies":"Orb Walker","floor":35.0,"turns":3.0},{"damage":0.0,"enemies":"3 Darklings","floor":38.0,"turns":3.0},{"damage":0.0,"enemies":"Jaw Worm Horde","floor":39.0,"turns":3.0},{"damage":0.0,"enemies":"Maw","floor":44.0,"turns":5.0},{"damage":0.0,"enemies":"Reptomancer","floor":45.0,"turns":4.0},{"damage":3.0,"enemies":"Giant Head","floor":47.0,"turns":6.0},{"damage":21.0,"enemies":"Donu and Deca","floor":50.0,"turns":7.0},{"damage":0.0,"enemies":"Shield and Spear","floor":54.0,"turns":7.0},{"damage":38,"enemies":"The Heart","floor":55,"turns":7}],"seed_played":"4919427757460222149","potions_obtained":[{"floor":5.0,"key":"SteroidPotion"},{"floor":7.0,"key":"EssenceOfSteel"},{"floor":10.0,"key":"DistilledChaos"},{"floor":12.0,"key":"LiquidMemories"},{"floor":23.0,"key":"BlessingOfTheForge"},{"floor":38.0,"key":"ColorlessPotion"},{"floor":44.0,"key":"DuplicationPotion"},{"floor":47.0,"key":"Strength Potion"}],"is_trial":false,"path_per_floor":["M","?","M","M","M","R","E","M","T","E","M","M","?","M","R","B",null,"M","?","?","?","$","E","M","$","T","E","M","E","R","?","R","B",null,"M","?","$","M","M","R","T","R","T","M","E","R","E","$","R","B",null,"R","$","E","B",null],"character_chosen":"DEFECT","items_purchased":["Pen Nib","Steam","HandDrill","Static Discharge","Swift Potion"],"campfire_rested":1,"item_purchase_floors":[22,22,37,48,53],"current_hp_per_floor":[64,64,64,56,45,45,33,26,26,7,7,6,6,6,28,28,63,63,63,37,37,37,35,35,35,35,35,32,34,34,34,34,39,39,41,43,43,43,45,45,45,45,45,47,47,47,44,44,44,26,42,42,42,42,9],"gold":138,"neow_bonus":"ONE_RARE_RELIC","is_daily":false,"chose_seed":false,"campfire_upgraded":7,"win_rate":0.0,"timestamp":1614297976,"path_taken":["M","?","M","M","M","R","E","M","T","E","M","M","?","M","R","BOSS","M","?","?","?","$","E","?","?","T","E","?","E","R","?","R","BOSS","M","?","$","M","M","R","?","R","T","M","E","R","E","$","R","BOSS","R","$","E","BOSS"],"items_purchased_type":["Relic","Card","Relic","Card","Potion"],"build_version":"2020-12-13","purchased_purges":2,"victory":true,"max_hp_per_floor":[75,75,75,75,75,75,75,75,75,75,75,75,75,75,75,75,75,75,75,37,37,37,37,37,37,37,37,37,39,39,39,39,39,39,41,43,43,43,45,45,45,45,45,47,47,47,47,47,47,47,47,47,47,47,47],"card_choices":[{"not_picked":["Barrage","Fusion"],"picked":"Gash","floor":1.0},{"not_picked":["Rebound","Compile Driver"],"picked":"Go for the Eyes","floor":3.0},{"not_picked":["Blizzard","Tempest"],"picked":"Sunder","floor":4.0},{"not_picked":["BootSequence","Storm"],"picked":"FTL","floor":5.0},{"not_picked":["Blizzard","Stack"],"picked":"Sunder","floor":7.0},{"not_picked":["Sweeping Beam","White Noise"],"picked":"Cold Snap","floor":8.0},{"not_picked":["Sweeping Beam","Stack"],"picked":"Reboot","floor":10.0},{"not_picked":["Streamline","Reprogram"],"picked":"Leap","floor":11.0},{"not_picked":["Streamline","Coolheaded"],"picked":"Electrodynamics","floor":12.0},{"not_picked":["Reinforced Body","Streamline"],"picked":"Ball Lightning","floor":14.0},{"not_picked":["Creative AI","Machine Learning"],"picked":"All For One","floor":16.0},{"not_picked":["Leap","Double Energy"],"picked":"Gash","floor":18.0},{"not_picked":["Cold Snap","Rebound+1"],"picked":"Gash+1","floor":23.0},{"not_picked":["Coolheaded","Streamline"],"picked":"Go for the Eyes","floor":24.0},{"not_picked":["Go for the Eyes","Loop"],"picked":"Gash","floor":27.0},{"not_picked":["Hello World","Redo+1"],"picked":"Reprogram","floor":28.0},{"not_picked":["Defragment","Ball Lightning","Stack+1"],"picked":"Singing Bowl","floor":29.0},{"not_picked":["Beam Cell","Cold Snap"],"picked":"Gash","floor":31.0},{"not_picked":["Multi-Cast","Meteor Strike"],"picked":"Seek","floor":33.0},{"not_picked":["Undo+1","Ball Lightning","Conserve Battery"],"picked":"Singing Bowl","floor":35.0},{"not_picked":["Reinforced Body","Coolheaded"],"picked":"Rebound","floor":35.0},{"not_picked":["Purity","Madness","Good Instincts"],"picked":"Singing Bowl","floor":36.0},{"not_picked":["Auto Shields","Self Repair+1"],"picked":"Gash","floor":38.0},{"not_picked":["Streamline","Leap"],"picked":"Buffer","floor":38.0},{"not_picked":["Ball Lightning","Stack","Blizzard+1"],"picked":"Singing Bowl","floor":39.0},{"not_picked":["Streamline","Redo"],"picked":"Static Discharge","floor":39.0},{"not_picked":["Stack","Leap"],"picked":"Reboot","floor":44.0},{"not_picked":["Steam","Cold Snap+1","Rebound+1"],"picked":"Singing Bowl","floor":44.0},{"not_picked":["Heatsinks","Reinforced Body+1"],"picked":"Scrape","floor":45.0},{"not_picked":["Steam+1","FTL","Lockon+1"],"picked":"Go for the Eyes","floor":47.0},{"not_picked":["Conserve Battery+1","Sunder+1","Static Discharge"],"picked":"Gash","floor":54.0}],"player_experience":290009,"relics_obtained":[{"floor":7.0,"key":"Symbiotic Virus"},{"floor":9.0,"key":"Singing Bowl"},{"floor":10.0,"key":"Art of War"},{"floor":23.0,"key":"Vajra"},{"floor":26.0,"key":"Pantograph"},{"floor":27.0,"key":"StrikeDummy"},{"floor":29.0,"key":"Bag of Preparation"},{"floor":31.0,"key":"Red Mask"},{"floor":34.0,"key":"Regal Pillow"},{"floor":34.0,"key":"Gremlin Horn"},{"floor":34.0,"key":"Prayer Wheel"},{"floor":43.0,"key":"CeramicFish"},{"floor":45.0,"key":"Question Card"},{"floor":47.0,"key":"Torii"},{"floor":54.0,"key":"Bottled Lightning"}],"event_choices":[{"damage_healed":0.0,"max_hp_gain":0.0,"max_hp_loss":0.0,"gold_gain":0.0,"cards_transformed":["Strike_B"],"event_name":"Living Wall","player_choice":"Change","floor":2.0,"gold_loss":0.0,"damage_taken":0.0,"cards_obtained":["Heatsinks"]},{"damage_healed":0.0,"max_hp_gain":0.0,"max_hp_loss":0.0,"gold_gain":67.0,"event_name":"Golden Wing","player_choice":"Gained Gold","floor":13.0,"gold_loss":0.0,"damage_taken":0.0},{"damage_healed":0.0,"max_hp_gain":0.0,"max_hp_loss":0.0,"gold_gain":0.0,"event_name":"Addict","player_choice":"Obtained Relic","floor":19.0,"gold_loss":85.0,"damage_taken":0.0,"relics_obtained":["Calipers"]},{"damage_healed":0.0,"max_hp_gain":0.0,"max_hp_loss":38.0,"gold_gain":0.0,"event_name":"Ghosts","player_choice":"Became a Ghost","floor":20.0,"gold_loss":0.0,"damage_taken":0.0,"cards_obtained":["Ghostly","Ghostly","Ghostly","Ghostly","Ghostly"]},{"damage_healed":0.0,"max_hp_gain":0.0,"max_hp_loss":0.0,"gold_gain":0.0,"cards_transformed":["Heatsinks"],"event_name":"Transmorgrifier","player_choice":"Transformed","floor":21.0,"gold_loss":0.0,"damage_taken":0.0,"cards_obtained":["Chaos"]},{"damage_healed":0.0,"max_hp_gain":0.0,"max_hp_loss":0.0,"gold_gain":0.0,"event_name":"Masked Bandits","player_choice":"Fought Bandits","floor":31.0,"gold_loss":0.0,"damage_taken":0.0},{"damage_healed":0.0,"max_hp_gain":0.0,"max_hp_loss":0.0,"gold_gain":0.0,"event_name":"SensoryStone","player_choice":"Memory 1","floor":36.0,"gold_loss":0.0,"damage_taken":0.0}],"is_beta":false,"boss_relics":[{"not_picked":["Busted Crown","Snecko Eye"],"picked":"Nuclear Battery"},{"not_picked":["Inserter","Tiny House"],"picked":"Calling Bell"}],"items_purged_floors":[37,48],"is_endless":false,"potions_floor_spawned":[5,7,8,10,12,23,31,33,38,39,44,47],"ascension_level":13}}