{"host":"j1i2cvf2viij1g59","time":1614298782,"event":{"mods":["AchievementEnabler","Act Like it!","Arknights","Aspiration","BaseMod","Better Altar","Better Match","Better Note","Better Sensory Stone","Better Skull","Better Third Choice","Better Vampires","BetterRewards","Colored Powertips","Custom Start","Downfall","Hermit","Highlight Path","Minty Spire (QoL Compilation)","Pale of the Ancients","Quick Restart","Relic Stats","Replay The Spire","Shop Mod","Spicy Shops","StSLib","TestMod","The Bug Knight","The Cursed","TheWitcher","¡¾ÒÅÎï¿¨ÅÆ¡¿REMEMod","óô»ðÖ¸ÄÏ"],"gold_per_floor":[99,113,113,124,144,161,210,220,220,120,146,159,59,71,90,187,187,187,187,187,187,187],"floor_reached":20,"language":"ZHS","playtime":717,"items_purged":[],"score":201,"play_id":"a5b856e6-8a3d-4171-9f4a-5aef73908ea4","local_time":"20210225201942","is_ascension_mode":false,"campfire_choices":[{"data":"testmod-Reverberation","floor":1,"key":"SMITH"},{"data":"sneckomod:UnknownRareSkill","floor":10,"key":"SMITH"},{"floor":13,"key":"REST"},{"floor":18,"key":"RECALL"}],"circlet_count":0,"master_deck":["sneckomod:Strike","sneckomod:Strike","sneckomod:Strike","sneckomod:Defend","sneckomod:Defend","sneckomod:Defend","sneckomod:TailWhip","sneckomod:SnekBite","sneckomod:Unknown","sneckomod:Unknown","testmod-Reverberation+1","sneckomod:SoulRoll","Regret","sneckomod:UnknownDraw","sneckomod:UnknownBlock","sneckomod:SoulDraw","sneckomod:UnknownRareSkill+1","sneckomod:IronFang","sneckomod:SnakeSap","sneckomod:SlitherStrike","sneckomod:UnknownUncommonSkill","sneckomod:UnknownRarePower"],"relics":["sneckomod:SneckoSoul","testmod-TestBox","REME_ComplimentaryCards","testmod-NegativeEmotionEnhancer","Quantum Egg","downfall:HeartBlessingBlue","ats:Originium","testmod-ArcanaOfDestiny","downfall:HeartBlessingGreen","Snecko Eye"],"acts_visited":["Exordium","TheCity"],"potions_floor_usage":[6,16,16,16],"damage_taken":[{"damage":5,"enemies":"Jaw Worm","floor":2,"turns":3},{"damage":6,"enemies":"Cultist","floor":4,"turns":4},{"damage":15,"enemies":"Small Slimes","floor":5,"turns":3},{"damage":5,"enemies":"3 Louse","floor":6,"turns":3},{"damage":12,"enemies":"Blue Slaver","floor":8,"turns":3},{"damage":57,"enemies":"Lagavulin","floor":11,"turns":7},{"damage":35,"enemies":"2 Fungi Beasts","floor":12,"turns":4},{"damage":11,"enemies":"Exordium Thugs","floor":14,"turns":4},{"damage":18,"enemies":"Large Slime","floor":15,"turns":6},{"damage":25,"enemies":"SI_SHIV_ARCHETYPE","floor":16,"turns":7},{"damage":0,"enemies":"3 Byrds","floor":20,"turns":1}],"seed_played":"-4793008387143369836","potions_obtained":[{"floor":4,"key":"SkillPotion"},{"floor":5,"key":"FairyPotion"},{"floor":9,"key":"CultistPotion"},{"floor":9,"key":"CultistPotion"},{"floor":12,"key":"Dexterity Potion"}],"is_trial":false,"path_per_floor":["R","M","?","M","M","M","T","M","?","R","E","M","R","M","M","B",null,"R","?","M"],"character_chosen":"THE_SNECKO","items_purchased":[],"campfire_rested":1,"item_purchase_floors":[],"current_hp_per_floor":[99,96,96,97,85,84,84,74,74,84,29,36,70,65,50,48,119,119,119,119,119,119],"gold":187,"neow_bonus":"TEN_PERCENT_HP_BONUS","is_daily":false,"chose_seed":false,"campfire_upgraded":2,"win_rate":0.0,"timestamp":1614298782,"path_taken":["R","M","?","M","M","M","T","M","?","R","E","M","R","M","M","BOSS","R","?","M"],"items_purchased_type":[],"build_version":"2020-12-22","purchased_purges":0,"victory":false,"max_hp_per_floor":[99,100,100,101,102,103,103,104,104,114,115,116,116,117,118,119,119,119,119,119,119,119],"relic_stats":{"counters":[11,45],"Snecko Eye":[0,2,2,3],"obtain_stats":[{"testmod-TestBox":0,"ats:Originium":11,"downfall:HeartBlessingBlue":10,"Quantum Egg":3,"Snecko Eye":17,"downfall:HeartBlessingGreen":13,"testmod-NegativeEmotionEnhancer":0,"sneckomod:SneckoSoul":0,"testmod-ArcanaOfDestiny":11,"REME_ComplimentaryCards":0},{"testmod-TestBox":0,"ats:Originium":6,"downfall:HeartBlessingBlue":5,"Quantum Egg":1,"Snecko Eye":10,"downfall:HeartBlessingGreen":7,"testmod-NegativeEmotionEnhancer":0,"sneckomod:SneckoSoul":0,"testmod-ArcanaOfDestiny":6,"REME_ComplimentaryCards":0},{"testmod-TestBox":0,"ats:Originium":23,"downfall:HeartBlessingBlue":16,"Quantum Egg":3,"Snecko Eye":44,"downfall:HeartBlessingGreen":27,"testmod-NegativeEmotionEnhancer":0,"sneckomod:SneckoSoul":0,"testmod-ArcanaOfDestiny":23,"REME_ComplimentaryCards":0}]},"card_choices":[{"not_picked":["sneckomod:DiceBlock","sneckomod:Nope"],"picked":"sneckomod:SoulRoll","floor":2},{"not_picked":["sneckomod:DiceCrush","sneckomod:TrashToTreasure"],"picked":"sneckomod:UnknownDraw","floor":4},{"not_picked":["sneckomod:Nope","sneckomod:SoulRoll"],"picked":"sneckomod:UnknownBlock","floor":5},{"not_picked":["sneckomod:DiceCrush","sneckomod:Unknown1Cost"],"picked":"sneckomod:SoulDraw","floor":6},{"not_picked":["sneckomod:UnknownUncommonAttack","sneckomod:UnknownCommonAttack"],"picked":"sneckomod:UnknownRareSkill","floor":8},{"not_picked":["sneckomod:DefensiveFlair","sneckomod:MasterEye"],"picked":"sneckomod:IronFang","floor":11},{"not_picked":["sneckomod:Unknown1Cost","sneckomod:SoulDraw"],"picked":"sneckomod:SnakeSap","floor":12},{"not_picked":["sneckomod:UnknownUncommonSkill","sneckomod:Unknown2Cost"],"picked":"sneckomod:SlitherStrike","floor":14},{"not_picked":["sneckomod:SoulRoll","sneckomod:UnknownBlock"],"picked":"sneckomod:UnknownUncommonSkill","floor":15},{"not_picked":["sneckomod:UnknownRareAttack","sneckomod:UnlimitedRolls"],"picked":"sneckomod:UnknownRarePower","floor":16}],"player_experience":119269,"relics_obtained":[{"floor":11,"key":"ats:Originium"},{"floor":11,"key":"testmod-ArcanaOfDestiny"}],"event_choices":[{"damage_healed":0,"gold_gain":0,"player_choice":"Box","damage_taken":0,"relics_obtained":["Quantum Egg"],"max_hp_gain":0,"max_hp_loss":0,"event_name":"Big Fish","floor":3,"gold_loss":0,"cards_obtained":["Regret"]},{"damage_healed":0,"gold_gain":0,"player_choice":"Got Potions","damage_taken":0,"max_hp_gain":0,"max_hp_loss":0,"event_name":"Lab","floor":9,"gold_loss":0},{"damage_healed":0,"gold_gain":0,"player_choice":"Ignored","damage_taken":0,"max_hp_gain":0,"max_hp_loss":0,"event_name":"betterNote:BetterNote","floor":19,"gold_loss":0,"cards_obtained":["Slimebound:Strike_Slimebound"]}],"is_beta":false,"boss_relics":[{"not_picked":["Black Star","Sozu"],"picked":"Snecko Eye"}],"items_purged_floors":[],"is_endless":false,"potions_floor_spawned":[4,5,11,12],"killed_by":"3 Byrds","ascension_level":0}}