{"host":"5w25fvbdcbru4pxd","time":1614320013,"event":{"mods":["ATMod(°¢èªMod)","Act Like it!","Arknights","BaseMod","Friendly Minions","Library of Ruina","Library of Ruina Extra","Lobotomy","LobotomyExtend","Marked Mod","Minty Spire (QoL Compilation)","MostiFishMod","Relic Filter Mod","Replay The Spire","RumiaBox-Â¶Ã×æ«µÄÉñÃØºÐ×Ó","Shop Mod","StSLib","TestMod","Waifu the Spire","Yakumo Yukari mod","Yuri Mod","[IsaacMod]ÒÔÈö¼âËþ","noobMod","¡¾ÒÅÎï¿¨ÅÆ¡¿REMEMod"],"gold_per_floor":[111,111,111,125,50,70,70,105,105,131,148,148,160,176,176,280,280,291,390,390,390,405,405,405,417,471,489,507,507,507,543,543,649,749,761,-1300,-1200,-1181,-1181,-1181,-1181,-1163,-1163,-1163,-1135,-1135,-1119,-1093,-1093,-1092],"floor_reached":51,"language":"ZHS","playtime":1880,"items_purged":["LightDefense","LightAttack"],"score":917,"play_id":"cec934cf-60f7-4b3d-9659-a5763493b616","local_time":"20210226141333","is_ascension_mode":false,"campfire_choices":[{"data":"MostiFishMod:KingOfFree","floor":7.0,"key":"SMITH"},{"data":"TheWillOfTheCity","floor":15.0,"key":"SMITH"},{"data":"SuanNi","floor":24.0,"key":"SMITH"},{"data":"Pot Of Greed","floor":29.0,"key":"SMITH"},{"data":"BlindFaith","floor":32.0,"key":"SMITH"},{"data":"Pot Of Greed","floor":40.0,"key":"SMITH"},{"data":"AT_SoftenMuscles","floor":44.0,"key":"SMITH"},{"data":"RagingStormLove","floor":49.0,"key":"SMITH"}],"circlet_count":0,"master_deck":["Dodge","LightAttack","LightDefense","LightDefense","LightDefense","ChargeAndCover","FocusedStrikes","BettingIsNotGood","MostiFishMod:KingOfFree+1","AT_SoftenMuscles+1","StrikeDown","SkyClearingCut","Reload","CumulusWall","Pot Of Greed+1","Pot Of Greed+1","SnakesPrey","TheWillOfTheCity+1","BayonetCombat","SuanNi+1","ClassAndRespect","FeatherShield+1","BlindFaith+1","GuardingStance+1","SerpentSwordTechnique","RagingStormLove+1","GrazeTheGrass","BlindFaith+1","ClassAndRespect","SnakesPrey"],"relics":["PageOfLibrarian","testmod-TestBox","ice","DaveBox","AT_ATBox","REME_ComplimentaryCards","HushsDoor","GuppysHead","ShadowXiaoBlade","testmod-ObsoleteBoomerang","RabbitCall","LetterFromLob","AnarchistCookbook","BookOfRevelations","AT_RedTearstoneRing","Grinning Jar","Busted Crown","Replay:Baseball","MerchantsRug","ReplayTheSpireMod:Ninjato","Question Card","SynthV:MejaisSoulstealer","Replay:Rubber Ducky","Eternal Feather","ReplayFunnel"],"acts_visited":["Exordium","TheCity","TheBeyond"],"potions_floor_usage":[],"damage_taken":[{"damage":5.0,"enemies":"ats:Genji","floor":1.0,"turns":3.0},{"damage":0.0,"enemies":"Cultist","floor":4.0,"turns":2.0},{"damage":11.0,"enemies":"Jaw Worm","floor":6.0,"turns":2.0},{"damage":0.0,"enemies":"Gremlin Nob","floor":8.0,"turns":2.0},{"damage":0.0,"enemies":"Lagavulin","floor":10.0,"turns":2.0},{"damage":12.0,"enemies":"Blue Slaver","floor":11.0,"turns":2.0},{"damage":0.0,"enemies":"Large Slime","floor":13.0,"turns":1.0},{"damage":3.0,"enemies":"2 Fungi Beasts","floor":14.0,"turns":1.0},{"damage":14.0,"enemies":"The Guardian","floor":16.0,"turns":4.0},{"damage":2.0,"enemies":"2 Thieves","floor":18.0,"turns":2.0},{"damage":0.0,"enemies":"Spheric Guardian","floor":22.0,"turns":1.0},{"damage":18.0,"enemies":"Centurion and Healer","floor":25.0,"turns":3.0},{"damage":0.0,"enemies":"Snake Plant","floor":27.0,"turns":2.0},{"damage":0.0,"enemies":"Chosen and Byrds","floor":28.0,"turns":3.0},{"damage":0.0,"enemies":"Cultist and Chosen","floor":31.0,"turns":3.0},{"damage":4.0,"enemies":"Pondfish","floor":33.0,"turns":5.0},{"damage":0.0,"enemies":"3 Darklings","floor":35.0,"turns":2.0},{"damage":0.0,"enemies":"3 Shapes","floor":38.0,"turns":1.0},{"damage":0.0,"enemies":"Maw","floor":42.0,"turns":2.0},{"damage":0.0,"enemies":"Nemesis","floor":45.0,"turns":3.0},{"damage":0.0,"enemies":"Writhing Mass","floor":47.0,"turns":1.0},{"damage":0.0,"enemies":"Reptomancer","floor":48.0,"turns":2.0},{"damage":0.0,"enemies":"Replay:Hell Engine","floor":50.0,"turns":2.0},{"damage":0.0,"enemies":"Malkuth","floor":51.0,"turns":3.0},{"damage":3.0,"enemies":"Netzach","floor":51.0,"turns":5.0}],"seed_played":"1392160675707733836","potions_obtained":[{"floor":6.0,"key":"Dexterity Potion"},{"floor":8.0,"key":"PowerPotion"},{"floor":13.0,"key":"ColorlessPotion"},{"floor":18.0,"key":"REME_GoldPotion"},{"floor":42.0,"key":"SteroidPotion"}],"is_trial":false,"path_per_floor":["M","?","?","M","$","M","R","E","T","E","M","?","M","M","R","B",null,"M","?","?","?","M","?","R","M","T","M","M","R","?","M","R","B",null,"M","$","?","M","?","R","?","M","T","R","E","?","M","E","R","B",null,null],"character_chosen":"Librarian","items_purchased":["MerchantsRug","ReplayTheSpireMod:Ninjato","Question Card","GrazeTheGrass","SynthV:MejaisSoulstealer"],"campfire_rested":0,"item_purchase_floors":[36,36,36,36,36],"current_hp_per_floor":[55,43,48,54,54,43,43,44,44,50,38,38,39,36,36,24,87,86,86,86,86,87,71,71,53,53,53,54,54,54,55,55,52,87,87,87,87,87,87,87,87,87,87,87,87,87,87,87,87,87],"gold":-1090,"neow_bonus":"","is_daily":false,"chose_seed":false,"campfire_upgraded":8,"win_rate":0.0,"timestamp":1614320013,"path_taken":["M","?","?","M","$","M","R","E","T","E","M","?","?","M","R","BOSS","M","?","?","?","M","?","R","M","T","M","M","R","?","M","R","BOSS","M","$","?","M","?","R","?","?","T","R","E","?","M","E","R","BOSS"],"items_purchased_type":["Relic","Relic","Relic","Card","Relic"],"build_version":"2020-12-22","purchased_purges":2,"victory":true,"max_hp_per_floor":[70,70,75,67,67,87,87,82,82,82,90,90,90,90,87,87,87,87,87,87,87,87,87,87,87,87,87,87,79,79,79,87,87,87,87,87,87,87,87,87,87,87,87,87,87,87,87,87,87,87],"card_choices":[{"not_picked":[],"picked":"BettingIsNotGood","floor":0.0},{"not_picked":["Bomb","MindWhip"],"picked":"StrikeDown","floor":1.0},{"not_picked":["StrikeDown","Bomb"],"picked":"SkyClearingCut","floor":4.0},{"not_picked":["BlindFaith","ForTheFamily"],"picked":"Reload","floor":6.0},{"not_picked":["SerpentineBarrier","SharpenedBlade"],"picked":"CumulusWall","floor":8.0},{"not_picked":["SearingSword","BiXi"],"picked":"SnakesPrey","floor":10.0},{"not_picked":["SuppressingShot","BlindFaith"],"picked":"TheWillOfTheCity","floor":11.0},{"not_picked":["SerpentSwordTechnique","Laceration","SuanNi"],"picked":"SKIP","floor":13.0},{"not_picked":["FierceCharge","SuppressingShot"],"picked":"BayonetCombat","floor":14.0},{"not_picked":["MirageStorm","Punishment"],"picked":"SuanNi","floor":16.0},{"not_picked":["SteelKnuckles+1"],"picked":"SKIP","floor":18.0},{"not_picked":["SteelKnuckles+1"],"picked":"SKIP","floor":18.0},{"not_picked":[],"picked":"FeatherShield+1","floor":22.0},{"not_picked":[],"picked":"BlindFaith","floor":25.0},{"not_picked":[],"picked":"GuardingStance+1","floor":27.0},{"not_picked":[],"picked":"SerpentSwordTechnique","floor":28.0},{"not_picked":["SnakesPrey"],"picked":"SKIP","floor":31.0},{"not_picked":[],"picked":"RagingStormLove","floor":33.0},{"not_picked":["DarkCloud"],"picked":"SKIP","floor":35.0},{"not_picked":["SnakeSlit+1","CoordinatedAssault"],"picked":"SKIP","floor":38.0},{"not_picked":["BattleCommand"],"picked":"BlindFaith+1","floor":42.0},{"not_picked":["ShockRound"],"picked":"ClassAndRespect","floor":45.0},{"not_picked":["GreatSerpentsImpact","DarkCloud+1"],"picked":"SKIP","floor":47.0},{"not_picked":["GuardingStance","SnakesPrey"],"picked":"SKIP","floor":48.0}],"player_experience":49931,"relics_obtained":[{"floor":1.0,"key":"LetterFromLob"},{"floor":8.0,"key":"BookOfRevelations"},{"floor":9.0,"key":"AT_RedTearstoneRing"},{"floor":10.0,"key":"Grinning Jar"},{"floor":26.0,"key":"Replay:Baseball"},{"floor":43.0,"key":"Replay:Rubber Ducky"},{"floor":45.0,"key":"Eternal Feather"},{"floor":48.0,"key":"ReplayFunnel"}],"event_choices":[{"damage_healed":0.0,"max_hp_gain":0.0,"max_hp_loss":0.0,"gold_gain":0.0,"event_name":"Scrap Ooze","player_choice":"Success","floor":2.0,"gold_loss":0.0,"damage_taken":12.0,"relics_obtained":["AnarchistCookbook"]},{"damage_healed":0.0,"max_hp_gain":5.0,"max_hp_loss":0.0,"gold_gain":0.0,"event_name":"Big Fish","player_choice":"Donut","floor":3.0,"gold_loss":0.0,"damage_taken":0.0},{"damage_healed":0.0,"max_hp_gain":0.0,"max_hp_loss":0.0,"gold_gain":99.0,"event_name":"Nest","player_choice":"Stole From Cult","floor":19.0,"gold_loss":0.0,"damage_taken":0.0},{"cards_removed":["LightAttack"],"damage_healed":0.0,"max_hp_gain":0.0,"max_hp_loss":0.0,"gold_gain":0.0,"event_name":"Back to Basics","player_choice":"Elegance","floor":20.0,"gold_loss":0.0,"damage_taken":0.0},{"damage_healed":0.0,"max_hp_gain":0.0,"max_hp_loss":0.0,"gold_gain":0.0,"event_name":"The Library","player_choice":"Read","floor":21.0,"gold_loss":0.0,"damage_taken":0.0,"cards_obtained":["ClassAndRespect"]},{"damage_healed":0.0,"max_hp_gain":0.0,"max_hp_loss":0.0,"gold_gain":0.0,"event_name":"Cursed Tome","player_choice":"Obtained Book","floor":23.0,"gold_loss":0.0,"damage_taken":16.0},{"damage_healed":0.0,"max_hp_gain":0.0,"max_hp_loss":0.0,"gold_gain":100.0,"event_name":"Golden Shrine","player_choice":"Pray","floor":37.0,"gold_loss":0.0,"damage_taken":0.0},{"cards_removed":["Pot Of Greed"],"damage_healed":5.0,"max_hp_gain":0.0,"max_hp_loss":0.0,"gold_gain":0.0,"event_name":"Bonfire Elementals","player_choice":"Offered Special","floor":41.0,"gold_loss":0.0,"damage_taken":0.0},{"damage_healed":0.0,"max_hp_gain":0.0,"max_hp_loss":0.0,"gold_gain":0.0,"event_name":"Duplicator","player_choice":"Copied","floor":46.0,"gold_loss":0.0,"damage_taken":0.0,"cards_obtained":["SnakesPrey"]}],"is_beta":false,"boss_relics":[{"not_picked":["testmod-PortableAltar","FeatherPendant"],"picked":"Busted Crown"},{"not_picked":[]},{"not_picked":["testmod-StringDisintegrator","REME_DuelDisc"],"picked":"Replay:Wanted Poster"},{"not_picked":[]}],"items_purged_floors":[5,36],"is_endless":false,"potions_floor_spawned":[6,8,13,18,28,35,42,48],"ascension_level":0}}