{"host":"l3lzhw5qete3bz2v","time":1614346910,"event":{"mods":["BaseMod","Colored Map","Colored Powertips","Minty Spire (QoL Compilation)","StSLib","SuperFastMode"],"gold_per_floor":[119,134,134,146,159,186,186,200,200,214,214,241,255,273,273,375,375,375,345,345,345,13,13,13,13,13,13,13,13,13,13,13,13,13,13,13,13,13,13,13,13,13,13,13,13,13,13,13,13,13],"floor_reached":51,"language":"JPN","playtime":3129,"items_purged":["Bash"],"score":1637,"play_id":"a5f5d1ec-0951-407f-aae8-caeca700f899","local_time":"20210226224150","is_ascension_mode":true,"campfire_choices":[{"data":"Feel No Pain","floor":7.0,"key":"SMITH"},{"data":"Uppercut","floor":11.0,"key":"SMITH"},{"data":"Demon Form","floor":15.0,"key":"SMITH"},{"data":"Fire Breathing","floor":27.0,"key":"SMITH"},{"data":"Feel No Pain","floor":32.0,"key":"SMITH"},{"data":"Barricade","floor":41.0,"key":"SMITH"},{"data":"Battle Trance","floor":46,"key":"SMITH"},{"data":"Battle Trance","floor":49,"key":"SMITH"}],"circlet_count":0,"master_deck":["AscendersBane","Uppercut+1","Inflame","Fire Breathing+1","Spot Weakness","Clothesline","Demon Form+1","Feel No Pain+1","Warcry","Twin Strike","Evolve","Reckless Charge","Battle Trance+1","Warcry","Reckless Charge","Feel No Pain+1","Corruption","Shrug It Off","Heavy Blade+1","Havoc+1","Disarm","Ghostly","Ghostly","Ghostly","Ghostly","Ghostly","Shrug It Off+1","Brutality","Barricade+1","Battle Trance+1","Bandage Up","Double Tap","Dark Embrace","Shrug It Off","Feel No Pain+1"],"relics":["Pandora\u0027s Box","StrikeDummy","CaptainsWheel","Darkstone Periapt","Ectoplasm","Red Mask","Anchor","TungstenRod","Torii","Bottled Lightning","Coffee Dripper","Mummified Hand","Lantern","Shuriken","Oddly Smooth Stone"],"acts_visited":["Exordium","TheCity","TheBeyond"],"potions_floor_usage":[44,44],"damage_taken":[{"damage":0.0,"enemies":"2 Louse","floor":1.0,"turns":2.0},{"damage":1.0,"enemies":"Cultist","floor":2.0,"turns":3.0},{"damage":4.0,"enemies":"Small Slimes","floor":4.0,"turns":3.0},{"damage":13.0,"enemies":"3 Louse","floor":5.0,"turns":3.0},{"damage":20.0,"enemies":"3 Sentries","floor":6.0,"turns":4.0},{"damage":8.0,"enemies":"Blue Slaver","floor":8.0,"turns":3.0},{"damage":14.0,"enemies":"Lots of Slimes","floor":10.0,"turns":3.0},{"damage":12.0,"enemies":"Gremlin Nob","floor":12.0,"turns":4.0},{"damage":2.0,"enemies":"3 Louse","floor":13.0,"turns":3.0},{"damage":12.0,"enemies":"Exordium Thugs","floor":14.0,"turns":3.0},{"damage":0.0,"enemies":"Hexaghost","floor":16.0,"turns":5.0},{"damage":10.0,"enemies":"Spheric Guardian","floor":18.0,"turns":3.0},{"damage":14.0,"enemies":"2 Thieves","floor":19.0,"turns":3.0},{"damage":22.0,"enemies":"Masked Bandits","floor":20.0,"turns":4.0},{"damage":11.0,"enemies":"Sentry and Sphere","floor":21.0,"turns":5.0},{"damage":17.0,"enemies":"Gremlin Leader","floor":23.0,"turns":5.0},{"damage":0.0,"enemies":"Slavers","floor":25.0,"turns":6.0},{"damage":0.0,"enemies":"Shelled Parasite and Fungi","floor":30.0,"turns":6.0},{"damage":0.0,"enemies":"Snake Plant","floor":31.0,"turns":5.0},{"damage":0.0,"enemies":"Champ","floor":33.0,"turns":10.0},{"damage":0.0,"enemies":"3 Darklings","floor":35.0,"turns":6.0},{"damage":0.0,"enemies":"Orb Walker","floor":37.0,"turns":5.0},{"damage":0.0,"enemies":"Reptomancer","floor":40.0,"turns":6.0},{"damage":0.0,"enemies":"Giant Head","floor":42.0,"turns":7.0},{"damage":28,"enemies":"Reptomancer","floor":44,"turns":4},{"damage":0,"enemies":"Transient","floor":45,"turns":5},{"damage":0,"enemies":"Spire Growth","floor":47,"turns":5},{"damage":0,"enemies":"3 Darklings","floor":48,"turns":5},{"damage":0,"enemies":"Time Eater","floor":50,"turns":7}],"seed_played":"-7246010421148783125","potions_obtained":[{"floor":1.0,"key":"SkillPotion"},{"floor":4.0,"key":"Block Potion"},{"floor":8.0,"key":"Energy Potion"},{"floor":12.0,"key":"EssenceOfSteel"},{"floor":14.0,"key":"Energy Potion"},{"floor":18.0,"key":"Explosive Potion"},{"floor":19.0,"key":"Fruit Juice"},{"floor":21.0,"key":"SpeedPotion"},{"floor":23.0,"key":"Dexterity Potion"},{"floor":37.0,"key":"FearPotion"},{"floor":44,"key":"SmokeBomb"},{"floor":48,"key":"BlessingOfTheForge"}],"is_trial":false,"path_per_floor":["M","M","?","M","M","E","R","M","T","M","R","E","M","M","R","B",null,"M","M","?","M","$","E","?","E","T","R","?","$","M","M","R","B",null,"M","?","M","?","?","E","R","E","T","E","M","R","M","M","R","B",null],"character_chosen":"IRONCLAD","items_purchased":["Anchor","Disarm","Regen Potion"],"campfire_rested":0,"item_purchase_floors":[22,22,22],"current_hp_per_floor":[72,71,90,86,73,53,53,45,45,31,31,19,17,5,5,5,69,59,45,23,12,17,14,14,14,14,14,14,14,14,14,14,14,39,39,39,39,39,39,43,43,47,47,19,23,23,27,31,31,35],"gold":13,"neow_bonus":"BOSS_RELIC","is_daily":false,"chose_seed":false,"campfire_upgraded":8,"win_rate":0.0,"timestamp":1614346910,"path_taken":["M","M","?","M","M","E","R","M","T","?","R","E","M","M","R","BOSS","M","M","?","M","$","E","?","E","T","R","?","?","M","?","R","BOSS","M","?","?","?","?","E","R","E","T","E","M","R","M","?","R","BOSS"],"items_purchased_type":["Relic","Card","Potion"],"build_version":"2020-12-22","purchased_purges":1,"victory":true,"max_hp_per_floor":[80,80,90,90,90,90,90,90,90,90,90,90,90,90,90,90,90,90,90,90,90,95,95,47,47,47,47,47,47,47,47,47,47,47,47,47,47,47,47,47,47,47,47,47,47,47,47,47,47,47],"card_choices":[{"not_picked":["Twin Strike","Entrench"],"picked":"Feel No Pain","floor":1.0},{"not_picked":["Pommel Strike","Headbutt"],"picked":"Warcry","floor":2.0},{"not_picked":["True Grit","Headbutt"],"picked":"Twin Strike","floor":4.0},{"not_picked":["Wild Strike","Entrench"],"picked":"Evolve","floor":5.0},{"not_picked":["Heavy Blade","Seeing Red"],"picked":"Reckless Charge","floor":6.0},{"not_picked":["Armaments","Shockwave"],"picked":"Battle Trance","floor":8.0},{"not_picked":["Uppercut","Blood for Blood"],"picked":"Warcry","floor":10.0},{"not_picked":["Brutality","Headbutt"],"picked":"Reckless Charge","floor":12.0},{"not_picked":["Dark Embrace","Clash","Clothesline"],"picked":"SKIP","floor":13.0},{"not_picked":["Iron Wave","Sword Boomerang"],"picked":"Feel No Pain","floor":14.0},{"not_picked":["Juggernaut","Feed"],"picked":"Corruption","floor":16.0},{"not_picked":["Warcry","Thunderclap"],"picked":"Shrug It Off","floor":18.0},{"not_picked":["Blood for Blood","Wild Strike","Rage"],"picked":"SKIP","floor":19.0},{"not_picked":["Entrench","Rage"],"picked":"Heavy Blade+1","floor":20.0},{"not_picked":["Sword Boomerang","Wild Strike+1"],"picked":"Havoc+1","floor":21.0},{"not_picked":["Pommel Strike","Sword Boomerang","Wild Strike"],"picked":"SKIP","floor":23.0},{"not_picked":["Rupture","Feel No Pain+1"],"picked":"Shrug It Off+1","floor":25.0},{"not_picked":["Sever Soul","Thunderclap+1","Anger+1"],"picked":"SKIP","floor":30.0},{"not_picked":["Dropkick+1","Sever Soul","Heavy Blade"],"picked":"SKIP","floor":31.0},{"not_picked":["Bludgeon","Corruption"],"picked":"Barricade","floor":33.0},{"not_picked":["Pummel+1","Rupture+1"],"picked":"Battle Trance","floor":35.0},{"not_picked":["Clash+1","Cleave+1","Thunderclap+1"],"picked":"SKIP","floor":37.0},{"not_picked":["Discovery","Dramatic Entrance"],"picked":"Bandage Up","floor":38.0},{"not_picked":["Headbutt+1","Heavy Blade+1"],"picked":"Dark Embrace","floor":40.0},{"not_picked":["Dark Embrace+1","Wild Strike+1","Combust"],"picked":"SKIP","floor":42.0},{"not_picked":["Berserk","Clash+1","Blood for Blood+1"],"picked":"SKIP","floor":44},{"not_picked":["True Grit+1","Reckless Charge+1"],"picked":"Shrug It Off","floor":45},{"not_picked":["Wild Strike+1","Warcry"],"picked":"Feel No Pain+1","floor":47},{"not_picked":["Seeing Red+1","Heavy Blade+1","Clothesline+1"],"picked":"SKIP","floor":48}],"player_experience":177122,"relics_obtained":[{"floor":6.0,"key":"StrikeDummy"},{"floor":9.0,"key":"CaptainsWheel"},{"floor":12.0,"key":"Darkstone Periapt"},{"floor":20.0,"key":"Red Mask"},{"floor":23.0,"key":"TungstenRod"},{"floor":25.0,"key":"Torii"},{"floor":26.0,"key":"Bottled Lightning"},{"floor":40.0,"key":"Mummified Hand"},{"floor":42.0,"key":"Lantern"},{"floor":43.0,"key":"Shuriken"},{"floor":44,"key":"Oddly Smooth Stone"}],"event_choices":[{"cards_removed":["Berserk"],"damage_healed":9.0,"max_hp_gain":10.0,"max_hp_loss":0.0,"gold_gain":0.0,"event_name":"Bonfire Elementals","player_choice":"Offered Rare","floor":3.0,"gold_loss":0.0,"damage_taken":0.0},{"damage_healed":0.0,"max_hp_gain":0.0,"max_hp_loss":0.0,"gold_gain":0.0,"event_name":"Masked Bandits","player_choice":"Fought Bandits","floor":20.0,"gold_loss":0.0,"damage_taken":0.0},{"damage_healed":0.0,"max_hp_gain":0.0,"max_hp_loss":48.0,"gold_gain":0.0,"event_name":"Ghosts","player_choice":"Became a Ghost","floor":24.0,"gold_loss":0.0,"damage_taken":0.0,"cards_obtained":["Ghostly","Ghostly","Ghostly","Ghostly","Ghostly"]},{"damage_healed":0.0,"max_hp_gain":0.0,"max_hp_loss":0.0,"gold_gain":0.0,"cards_transformed":["Bloodletting","Anger"],"event_name":"Drug Dealer","player_choice":"Became Test Subject","floor":28.0,"gold_loss":0.0,"damage_taken":0.0,"cards_obtained":["Brutality","Flame Barrier"]},{"damage_healed":0.0,"max_hp_gain":0.0,"max_hp_loss":0.0,"gold_gain":0.0,"event_name":"Golden Shrine","player_choice":"Ignored","floor":36.0,"gold_loss":0.0,"damage_taken":0.0},{"damage_healed":0.0,"max_hp_gain":0.0,"max_hp_loss":0.0,"gold_gain":0.0,"event_name":"SensoryStone","player_choice":"Memory 1","floor":38.0,"gold_loss":0.0,"damage_taken":0.0},{"damage_healed":0.0,"max_hp_gain":0.0,"max_hp_loss":0.0,"gold_gain":0.0,"cards_transformed":["Flame Barrier"],"event_name":"Transmorgrifier","player_choice":"Transformed","floor":39.0,"gold_loss":0.0,"damage_taken":0.0,"cards_obtained":["Double Tap"]}],"is_beta":false,"boss_relics":[{"not_picked":["Busted Crown","Runic Cube"],"picked":"Ectoplasm"},{"not_picked":["Empty Cage","Sozu"],"picked":"Coffee Dripper"}],"items_purged_floors":[22],"is_endless":false,"potions_floor_spawned":[1,4,8,12,14,18,19,21,23,37,42,44,48],"ascension_level":10}}