{"host":"jx3f6ezc0g3s9edc","time":1614301231,"event":{"mods":["AchievementEnabler","BaseMod","Bestiary","Colored Map","Highlight Path","Minty Spire (QoL Compilation)","StSLib"],"gold_per_floor":[116,116,116,129,141,141,141,157,157,170,196,215,215,244,244,244,244],"floor_reached":16,"language":"ENG","playtime":816,"items_purged":[],"score":164,"play_id":"17e512ed-c2ea-4e17-a0e3-1bea471edd2e","local_time":"20210225200031","is_ascension_mode":true,"campfire_choices":[{"data":"Judgement","floor":6.0,"key":"SMITH"},{"data":"EmptyFist","floor":13,"key":"SMITH"},{"data":"Tantrum","floor":15,"key":"SMITH"}],"circlet_count":0,"master_deck":["Strike_P","Strike_P","Defend_P","Defend_P","Defend_P","Defend_P","Eruption+1","Vigilance","FollowUp","Halt","EmptyFist+1","Judgement+1","DeceiveReality","FlurryOfBlows","Tantrum+1","BowlingBash","CrushJoints"],"relics":["PureWater","Mummified Hand","Darkstone Periapt","Juzu Bracelet"],"acts_visited":["Exordium"],"potions_floor_usage":[14],"damage_taken":[{"damage":0.0,"enemies":"2 Louse","floor":1.0,"turns":1.0},{"damage":0.0,"enemies":"Small Slimes","floor":4.0,"turns":4.0},{"damage":0.0,"enemies":"Cultist","floor":5.0,"turns":2.0},{"damage":6.0,"enemies":"Red Slaver","floor":8.0,"turns":2.0},{"damage":0.0,"enemies":"Looter","floor":10.0,"turns":1.0},{"damage":7.0,"enemies":"3 Sentries","floor":11.0,"turns":6.0},{"damage":11,"enemies":"3 Louse","floor":12,"turns":3},{"damage":0,"enemies":"Lagavulin","floor":14,"turns":3},{"damage":51,"enemies":"The Guardian","floor":16,"turns":8}],"seed_played":"-1964828772352130199","potions_obtained":[{"floor":4.0,"key":"Explosive Potion"},{"floor":10.0,"key":"Ancient Potion"},{"floor":12,"key":"ColorlessPotion"},{"floor":14,"key":"CultistPotion"}],"is_trial":false,"path_per_floor":["M","?","?","M","M","R","?","M","T","M","E","M","R","E","R","B"],"character_chosen":"WATCHER","items_purchased":[],"campfire_rested":0,"item_purchase_floors":[],"current_hp_per_floor":[72,72,72,72,72,72,72,66,66,66,59,48,48,48,48,0,0],"gold":244,"neow_bonus":"UPGRADE_CARD","is_daily":false,"chose_seed":false,"campfire_upgraded":3,"win_rate":0.0,"timestamp":1614301231,"path_taken":["M","?","?","M","M","R","?","M","T","?","E","M","R","E","R","BOSS"],"items_purchased_type":[],"build_version":"2020-12-22","purchased_purges":0,"victory":false,"max_hp_per_floor":[72,72,72,72,72,72,72,72,72,72,72,72,72,72,72,72,72],"card_choices":[{"not_picked":["Indignation","SashWhip"],"picked":"FollowUp","floor":1.0},{"not_picked":["ThirdEye","ClearTheMind"],"picked":"EmptyFist","floor":4.0},{"not_picked":["ThirdEye","Crescendo"],"picked":"Judgement","floor":5.0},{"not_picked":["JustLucky","Worship"],"picked":"DeceiveReality","floor":8.0},{"not_picked":["Halt","EmptyBody"],"picked":"FlurryOfBlows","floor":10.0},{"not_picked":["CarveReality","Evaluate"],"picked":"Tantrum","floor":11.0},{"not_picked":["Prostrate","Study"],"picked":"BowlingBash","floor":12},{"not_picked":["ThirdEye","Halt"],"picked":"CrushJoints","floor":14}],"player_experience":901208,"relics_obtained":[{"floor":9.0,"key":"Mummified Hand"},{"floor":11.0,"key":"Darkstone Periapt"},{"floor":14,"key":"Juzu Bracelet"}],"event_choices":[{"damage_healed":0.0,"max_hp_gain":0.0,"max_hp_loss":0.0,"gold_gain":0.0,"event_name":"Liars Game","player_choice":"Ignored","floor":2.0,"gold_loss":0.0,"damage_taken":0.0},{"damage_healed":0.0,"max_hp_gain":0.0,"max_hp_loss":0.0,"gold_gain":0.0,"cards_transformed":["Strike_P"],"event_name":"Living Wall","player_choice":"Change","floor":3.0,"gold_loss":0.0,"damage_taken":0.0,"cards_obtained":["Halt"]},{"cards_removed":["Strike_P"],"damage_healed":0.0,"max_hp_gain":0.0,"max_hp_loss":0.0,"gold_gain":0.0,"event_name":"Bonfire Elementals","player_choice":"Offered Basic","floor":7.0,"gold_loss":0.0,"damage_taken":0.0}],"is_beta":false,"boss_relics":[],"items_purged_floors":[],"is_endless":false,"potions_floor_spawned":[4,10,12,14],"killed_by":"The Guardian","ascension_level":4}}