{"host":"bxn2em57qlx5u4i0","time":1614303701,"event":{"mods":["BaseMod","Colored Map","Colored Powertips","Highlight Path","Minty Spire (QoL Compilation)","Random Character Button","Relic Sorter","Relic Stats","StSLib","SuperFastMode"],"gold_per_floor":[112,112,112,112,130,163,163,206,206,206,206],"floor_reached":10,"language":"ENG","playtime":121,"items_purged":[],"score":198,"play_id":"e764c51b-12c4-4916-a359-c9118a0637e3","local_time":"20210225204141","is_ascension_mode":true,"campfire_choices":[{"data":"Dash","floor":7,"key":"SMITH"}],"circlet_count":0,"master_deck":["AscendersBane","Strike_G","Strike_G","Strike_G","Strike_G","Defend_G","Defend_G","Defend_G","Defend_G","Defend_G","Survivor","Neutralize","Poisoned Stab","Dash+1","Terror","Catalyst"],"relics":["Ring of the Snake","NeowsBlessing","Mummified Hand","Golden Idol","StoneCalendar","Letter Opener","Ornamental Fan"],"acts_visited":["Exordium"],"potions_floor_usage":[8],"damage_taken":[{"damage":0,"enemies":"2 Louse","floor":1,"turns":1},{"damage":0,"enemies":"Small Slimes","floor":5,"turns":1},{"damage":0,"enemies":"Gremlin Nob","floor":6,"turns":1},{"damage":17,"enemies":"3 Sentries","floor":8,"turns":7},{"damage":31,"enemies":"Gremlin Nob","floor":10,"turns":3}],"seed_played":"-561815569227480421","potions_obtained":[{"floor":5,"key":"SkillPotion"}],"is_trial":false,"path_per_floor":["M","?","?","?","M","E","R","E","T","E"],"character_chosen":"THE_SILENT","items_purchased":[],"campfire_rested":0,"item_purchase_floors":[],"current_hp_per_floor":[59,41,34,34,34,34,34,17,17,0,0],"gold":206,"neow_bonus":"THREE_ENEMY_KILL","is_daily":false,"chose_seed":false,"campfire_upgraded":1,"win_rate":0.0,"timestamp":1614303701,"path_taken":["M","?","?","?","M","E","R","E","T","E"],"items_purchased_type":[],"build_version":"2020-12-22","purchased_purges":0,"victory":false,"max_hp_per_floor":[66,66,66,60,60,60,60,60,60,60,60],"relic_stats":{"counters":[5,13],"Mummified Hand":[0],"Golden Idol":20,"Ornamental Fan":[4],"StoneCalendar":[53],"Letter Opener":[0],"obtain_stats":[{"NeowsBlessing":0,"Mummified Hand":2,"Golden Idol":4,"Ornamental Fan":9,"StoneCalendar":6,"Letter Opener":8,"Ring of the Snake":0},{"NeowsBlessing":0,"Mummified Hand":1,"Golden Idol":1,"Ornamental Fan":4,"StoneCalendar":3,"Letter Opener":4,"Ring of the Snake":0},{"NeowsBlessing":0,"Mummified Hand":1,"Golden Idol":1,"Ornamental Fan":10,"StoneCalendar":3,"Letter Opener":10,"Ring of the Snake":0}],"Ring of the Snake":[10]},"card_choices":[{"not_picked":["Backflip","Reflex"],"picked":"Poisoned Stab","floor":1},{"not_picked":["Prepared","Bane"],"picked":"Dash","floor":5},{"not_picked":["Distraction","Blade Dance"],"picked":"Terror","floor":6},{"not_picked":["Slice","Deflect"],"picked":"Catalyst","floor":8}],"player_experience":3051962,"relics_obtained":[{"floor":6,"key":"StoneCalendar"},{"floor":8,"key":"Letter Opener"},{"floor":9,"key":"Ornamental Fan"}],"event_choices":[{"damage_healed":0,"gold_gain":0,"player_choice":"Success","damage_taken":18,"relics_obtained":["Mummified Hand"],"max_hp_gain":0,"max_hp_loss":0,"event_name":"Scrap Ooze","floor":2,"gold_loss":0},{"cards_removed":["Strike_G"],"damage_healed":0,"gold_gain":0,"player_choice":"Card Removal","damage_taken":7,"max_hp_gain":0,"max_hp_loss":0,"event_name":"Golden Wing","floor":3,"gold_loss":0},{"damage_healed":0,"gold_gain":0,"player_choice":"Lose Max HP","damage_taken":0,"relics_obtained":["Golden Idol"],"max_hp_gain":0,"max_hp_loss":6,"event_name":"Golden Idol","floor":4,"gold_loss":0}],"is_beta":false,"boss_relics":[],"items_purged_floors":[],"is_endless":false,"potions_floor_spawned":[5],"killed_by":"Gremlin Nob","ascension_level":20}}