{"host":"7bb7osqc91rjfyph","time":1614314085,"event":{"mods":["AchievementEnabler","BaseMod","BetterRewards","Colored Map","Colored Powertips","Downfall","Googly Eyes","Hermit","Hubris","Marisa????????","Minty Spire (QoL Compilation)","Shop Mod","StSLib","The Cursed"],"gold_per_floor":[115,126,138,153,164,196,221,256,256,311,344,394,434,469,469,573,573,613,623,636,202,245,274,274,335,358,422,449,480,131,165,165,302,302,401,446,10,112,232,385,487,549,623,649,719,836,237,315,315,485,655,655,655,655,699,699],"floor_reached":57,"language":"ENG","playtime":2719,"items_purged":[],"score":4704,"play_id":"174eea58-a8a2-4202-92ab-72324bbad82a","local_time":"20210225223445","daily_mods":["SealedDeck","Vintage","Heirloom","Time Dilation","Flight","DeadlyEvents","Elite Swarm"],"is_ascension_mode":true,"campfire_choices":[{"data":"Wish","floor":15.0,"key":"SMITH"},{"floor":24.0,"key":"RECALL"},{"floor":32.0,"key":"DIG"},{"floor":49.0,"key":"DIG"},{"floor":53.0,"key":"DIG"}],"circlet_count":0,"master_deck":["AscendersBane","Consecrate+1","Protect+1","CrushJoints+1","FlyingSleeves+1","Crescendo+1","Weave+1","Vengeance+1","ClearTheMind+1","FollowUp+1","TalkToTheHand+1","Vault+1","SpiritShield+1","Wish+1","LessonLearned+1","Establishment+1","Omniscience+1","Vault+1","DevaForm+1","DeusExMachina+1","Omniscience+1","Omniscience+1","SpiritShield+1","Master of Strategy","Vault","Wish","CurseOfTheBell","Vault+1","DeusExMachina","Wish+1","Devotion","Vault+1","Ragnarok"],"relics":["PureWater","CloakClasp","champ:DuelingGlove","Meat on the Bone","hubris:CrystalStatue","Bottled Lightning","White Beast Statue","Whetstone","MealTicket","hexamod:CandleOfCauterizing","Question Card","Oddly Smooth Stone","Anchor","HornCleat","Bag of Preparation","Damaru","Philosopher\u0027s Stone","Tiny Chest","Bottled Flame","Shuriken","Medical Kit","hubris:PeanutButter","StrikeDummy","Lizard Tail","Akabeko","Guardian:PocketSentry","Regal Pillow","War Paint","Toy Ornithopter","sneckomod:BlankCard","Shovel","Letter Opener","Calling Bell","CeramicFish","hubris:SphereOfDissonance","CaptainsWheel","Gremlin Horn","InkBottle","Mercury Hourglass","Blue Candle","Dream Catcher","Slimebound:PreparedRelic","hexamod:BolsterEngine","hubris:DeckOfHolding","hubris:ToyBattleship","Smiling Mask","hubris:TenFootPole","Slimebound:StickyStick","TeardropLocket","Cauldron","Blood Vial","hubris:DisguiseKit","hubris:BottledRain","Vajra"],"acts_visited":["Exordium","TheCity","TheBeyond","TheEnding"],"potions_floor_usage":[56,56],"damage_taken":[{"damage":10.0,"enemies":"2 Louse","floor":1.0,"turns":2.0},{"damage":0.0,"enemies":"Jaw Worm","floor":2.0,"turns":2.0},{"damage":6.0,"enemies":"Small Slimes","floor":3.0,"turns":2.0},{"damage":0.0,"enemies":"Exordium Thugs","floor":4.0,"turns":4.0},{"damage":0.0,"enemies":"Exordium Wildlife","floor":5.0,"turns":3.0},{"damage":0.0,"enemies":"Gremlin Nob","floor":6.0,"turns":2.0},{"damage":0.0,"enemies":"Lagavulin","floor":7.0,"turns":3.0},{"damage":0.0,"enemies":"Gremlin Nob","floor":8.0,"turns":2.0},{"damage":0.0,"enemies":"Lagavulin","floor":10.0,"turns":4.0},{"damage":0.0,"enemies":"Gremlin Nob","floor":11.0,"turns":3.0},{"damage":0.0,"enemies":"3 Sentries","floor":12.0,"turns":5.0},{"damage":0.0,"enemies":"Gremlin Gang","floor":13.0,"turns":4.0},{"damage":0.0,"enemies":"Large Slime","floor":14.0,"turns":2.0},{"damage":0.0,"enemies":"The Guardian","floor":16.0,"turns":5.0},{"damage":0.0,"enemies":"Chosen","floor":18.0,"turns":4.0},{"damage":0.0,"enemies":"Shell Parasite","floor":19.0,"turns":2.0},{"damage":0.0,"enemies":"Shelled Parasite and Fungi","floor":20.0,"turns":2.0},{"damage":0.0,"enemies":"Snake Plant","floor":22.0,"turns":3.0},{"damage":0.0,"enemies":"Book of Stabbing","floor":23.0,"turns":4.0},{"damage":0.0,"enemies":"Slavers","floor":25.0,"turns":5.0},{"damage":0.0,"enemies":"Book of Stabbing","floor":27.0,"turns":3.0},{"damage":0.0,"enemies":"Gremlin Leader","floor":28.0,"turns":2.0},{"damage":0.0,"enemies":"Slavers","floor":29.0,"turns":2.0},{"damage":0.0,"enemies":"Gremlin Leader","floor":31.0,"turns":2.0},{"damage":0.0,"enemies":"Automaton","floor":33.0,"turns":5.0},{"damage":0.0,"enemies":"3 Darklings","floor":35.0,"turns":3.0},{"damage":1.0,"enemies":"3 Shapes","floor":36.0,"turns":4.0},{"damage":0.0,"enemies":"Transient","floor":38.0,"turns":8.0},{"damage":0.0,"enemies":"3 Darklings","floor":39.0,"turns":2.0},{"damage":0.0,"enemies":"Reptomancer","floor":40.0,"turns":2.0},{"damage":0.0,"enemies":"Nemesis","floor":41.0,"turns":1.0},{"damage":0.0,"enemies":"Reptomancer","floor":42.0,"turns":3.0},{"damage":0.0,"enemies":"Nemesis","floor":44.0,"turns":3.0},{"damage":0.0,"enemies":"Sphere and 2 Shapes","floor":45.0,"turns":4.0},{"damage":0.0,"enemies":"Giant Head","floor":46.0,"turns":5.0},{"damage":0.0,"enemies":"Reptomancer","floor":48.0,"turns":4.0},{"damage":0.0,"enemies":"Awakened One","floor":50.0,"turns":6.0},{"damage":0.0,"enemies":"hubris:GrandSnecko","floor":51.0,"turns":4.0},{"damage":0,"enemies":"Shield and Spear","floor":55,"turns":2},{"damage":12,"enemies":"The Heart","floor":56,"turns":8}],"seed_played":"8449511020103908351","potions_obtained":[{"floor":2.0,"key":"SpeedPotion"},{"floor":6.0,"key":"BottledMiracle"},{"floor":12.0,"key":"Regen Potion"},{"floor":13.0,"key":"Energy Potion"},{"floor":20.0,"key":"Guardian:BlockOnCardUsePotion"},{"floor":22.0,"key":"PowerPotion"},{"floor":36.0,"key":"Fruit Juice"},{"floor":38.0,"key":"bronze:BurnAndBuffPotion"},{"floor":39.0,"key":"Block Potion"},{"floor":47.0,"key":"DuplicationPotion"}],"is_trial":true,"path_per_floor":["M","M","M","M","M","E","E","E","T","E","E","E","M","M","R","B",null,"M","M","M","$","M","E","R","E","T","E","E","E","$","E","R","B",null,"M","M","$","M","M","E","E","E","T","E","M","E","$","E","R","B","B",null,"R","$","E","B",null],"character_chosen":"WATCHER","items_purchased":["Medical Kit","hubris:PeanutButter","sneckomod:BlankCard","Master of Strategy","Mercury Hourglass","Vault","Slimebound:StickyStick","TeardropLocket","Cauldron"],"campfire_rested":0,"item_purchase_floors":[21,21,30,30,37,37,47,47,47],"current_hp_per_floor":[51,51,45,45,45,45,45,45,45,45,45,45,45,45,45,45,62,62,62,67,68,68,68,68,68,68,68,68,68,68,68,68,68,68,68,73,73,73,73,73,73,73,73,73,73,73,73,73,73,73,73,73,73,73,73,71],"gold":699,"neow_bonus":"","is_daily":false,"chose_seed":false,"campfire_upgraded":1,"win_rate":0.0,"timestamp":1614314085,"path_taken":["M","M","M","M","M","E","E","E","T","E","E","E","M","M","R","BOSS","M","M","M","$","M","E","R","E","T","E","E","E","$","E","R","BOSS","M","M","$","M","M","E","E","E","T","E","M","E","$","E","R","BOSS","BOSS","R","$","E","BOSS"],"items_purchased_type":["Relic","Relic","Relic","Card","Relic","Card","Relic","Relic","Relic"],"build_version":"2020-12-22","purchased_purges":0,"victory":true,"max_hp_per_floor":[68,68,68,68,68,68,68,68,68,68,68,68,68,68,68,68,68,68,68,68,68,68,68,68,68,68,68,68,68,68,68,68,68,68,68,73,73,73,73,73,73,73,73,73,73,73,73,73,73,73,73,73,73,73,73,73],"card_choices":[{"not_picked":["Ragnarok","Devotion"],"picked":"Vault","floor":6.0},{"not_picked":["DevaForm","Blasphemy"],"picked":"SpiritShield","floor":7.0},{"not_picked":["ConjureBlade","Alpha"],"picked":"Wish","floor":8.0},{"not_picked":["Devotion","Scrawl","SpiritShield"],"picked":"LessonLearned","floor":10.0},{"not_picked":["DeusExMachina","Wish","Alpha"],"picked":"Establishment","floor":11.0},{"not_picked":["DeusExMachina","Establishment","DevaForm"],"picked":"Omniscience","floor":12.0},{"not_picked":["Devotion","LessonLearned","Judgement"],"picked":"Vault","floor":16.0},{"not_picked":["Ragnarok","MasterReality","Judgement"],"picked":"DevaForm","floor":23.0},{"not_picked":["Devotion","Scrawl","Alpha"],"picked":"DeusExMachina","floor":25.0},{"not_picked":["LessonLearned","MasterReality","Scrawl"],"picked":"Omniscience","floor":27.0},{"not_picked":["SpiritShield","Alpha","DeusExMachina"],"picked":"Omniscience","floor":28.0},{"not_picked":["MasterReality","Ragnarok","Wish"],"picked":"SpiritShield","floor":29.0},{"not_picked":["ConjureBlade","Judgement","Alpha"],"picked":"Vault","floor":31.0},{"not_picked":["Blasphemy","SpiritShield","LessonLearned"],"picked":"Wish","floor":33.0},{"not_picked":["MasterReality","Alpha","Brilliance"],"picked":"DeusExMachina","floor":40.0},{"not_picked":["Devotion","Alpha","LessonLearned"],"picked":"Wish","floor":41.0},{"not_picked":["DevaForm","Scrawl","Alpha"],"picked":"Devotion","floor":42.0},{"not_picked":["ConjureBlade","Scrawl","MasterReality","Judgement"],"picked":"SKIP","floor":44.0},{"not_picked":["Devotion","Brilliance","ConjureBlade"],"picked":"Vault","floor":46.0},{"not_picked":["Alpha","Scrawl","Brilliance","DeusExMachina"],"picked":"SKIP","floor":48.0},{"not_picked":["DeusExMachina","Brilliance","SpiritShield","hubris:DoWhile"],"picked":"Ragnarok","floor":55}],"player_experience":147435,"relics_obtained":[{"floor":1.0,"key":"champ:DuelingGlove"},{"floor":2.0,"key":"Meat on the Bone"},{"floor":3.0,"key":"hubris:CrystalStatue"},{"floor":4.0,"key":"Bottled Lightning"},{"floor":5.0,"key":"White Beast Statue"},{"floor":6.0,"key":"Whetstone"},{"floor":7.0,"key":"MealTicket"},{"floor":8.0,"key":"hexamod:CandleOfCauterizing"},{"floor":9.0,"key":"Question Card"},{"floor":10.0,"key":"Oddly Smooth Stone"},{"floor":11.0,"key":"Anchor"},{"floor":12.0,"key":"HornCleat"},{"floor":13.0,"key":"Bag of Preparation"},{"floor":14.0,"key":"Damaru"},{"floor":18.0,"key":"Tiny Chest"},{"floor":19.0,"key":"Bottled Flame"},{"floor":20.0,"key":"Shuriken"},{"floor":22.0,"key":"StrikeDummy"},{"floor":23.0,"key":"Lizard Tail"},{"floor":25.0,"key":"Akabeko"},{"floor":26.0,"key":"Guardian:PocketSentry"},{"floor":27.0,"key":"Regal Pillow"},{"floor":28.0,"key":"War Paint"},{"floor":29.0,"key":"Toy Ornithopter"},{"floor":31.0,"key":"Shovel"},{"floor":32.0,"key":"Letter Opener"},{"floor":34.0,"key":"CeramicFish"},{"floor":34.0,"key":"hubris:SphereOfDissonance"},{"floor":34.0,"key":"CaptainsWheel"},{"floor":35.0,"key":"Gremlin Horn"},{"floor":36.0,"key":"InkBottle"},{"floor":38.0,"key":"Blue Candle"},{"floor":39.0,"key":"Dream Catcher"},{"floor":40.0,"key":"Slimebound:PreparedRelic"},{"floor":41.0,"key":"hexamod:BolsterEngine"},{"floor":42.0,"key":"hubris:DeckOfHolding"},{"floor":44.0,"key":"hubris:ToyBattleship"},{"floor":45.0,"key":"Smiling Mask"},{"floor":46.0,"key":"hubris:TenFootPole"},{"floor":48.0,"key":"Blood Vial"},{"floor":49.0,"key":"hubris:DisguiseKit"},{"floor":53.0,"key":"hubris:BottledRain"},{"floor":55,"key":"Vajra"}],"event_choices":[],"is_beta":false,"boss_relics":[{"not_picked":["hubris:BlackHole","hubris:ScarierMask"],"picked":"Philosopher\u0027s Stone"},{"not_picked":["Velvet Choker","Sozu"],"picked":"Calling Bell"}],"items_purged_floors":[],"is_endless":false,"potions_floor_spawned":[2,6,7,8,10,11,12,13,14,16,18,19,20,22,23,25,27,28,29,31,33,35,36,38,39,40,41,42,44,45,46,48,55],"ascension_level":20}}