{"host":"v4pe0ixo3k7iwzp0","time":1614302138,"event":{"mods":["Aya Shameimaru","BaseMod","Bestiary","Highlight Path","Minty Spire (QoL Compilation)","Railgun Mod","StSLib","The Senshi","The Wild Card"],"gold_per_floor":[115,125,138,157,176,208,20,20,69,69,87,20,39,73,73,178,178,197,197,197],"floor_reached":19,"language":"ENG","playtime":2484,"items_purged":["shameimaru:Strike"],"score":181,"play_id":"af0f3c5c-6f7a-4de7-a2bc-2781b4093d8f","local_time":"20210225171538","is_ascension_mode":false,"campfire_choices":[{"floor":8.0,"key":"REST"},{"floor":10.0,"key":"REST"},{"floor":15.0,"key":"REST"}],"circlet_count":0,"master_deck":["shameimaru:Strike","shameimaru:Strike","shameimaru:Strike","shameimaru:Defend","shameimaru:Defend","shameimaru:Defend","shameimaru:Defend","shameimaru:PlayfulTaunt","shameimaru:SnapshotStrike","shameimaru:LoadedStatement","shameimaru:Telescoping","shameimaru:RapidFirePhotography","shameimaru:Photoshoot","shameimaru:FranticSearch","shameimaru:Imitation","shameimaru:QuickReporting","shameimaru:Galeforce","shameimaru:HitAndRun","shameimaru:FreezeFrame","shameimaru:AirCutter","shameimaru:Duality","shameimaru:OutburstingGust","shameimaru:WhispersOfTheWind+1"],"relics":["shameimaru:blackbirdfeather","Smiling Mask","Bronze Scales","Meat on the Bone","Runic Pyramid"],"acts_visited":["Exordium","TheCity"],"potions_floor_usage":[],"damage_taken":[{"damage":1.0,"enemies":"2 Louse","floor":1.0,"turns":3.0},{"damage":1.0,"enemies":"Cultist","floor":2.0,"turns":5.0},{"damage":1.0,"enemies":"Jaw Worm","floor":3.0,"turns":5.0},{"damage":13.0,"enemies":"Large Slime","floor":4.0,"turns":9.0},{"damage":8.0,"enemies":"Blue Slaver","floor":5.0,"turns":5.0},{"damage":25.0,"enemies":"3 Sentries","floor":6.0,"turns":10.0},{"damage":19.0,"enemies":"Gremlin Gang","floor":11.0,"turns":4.0},{"damage":16.0,"enemies":"3 Louse","floor":13.0,"turns":3.0},{"damage":42.0,"enemies":"Gremlin Nob","floor":14.0,"turns":5.0},{"damage":31.0,"enemies":"Hexaghost","floor":16.0,"turns":9.0},{"damage":2.0,"enemies":"Chosen","floor":18.0,"turns":5.0},{"damage":0,"enemies":"3 Byrds","floor":19,"turns":1}],"seed_played":"1344997735533462991","potions_obtained":[{"floor":2.0,"key":"Energy Potion"},{"floor":4.0,"key":"ColorlessPotion"},{"floor":5.0,"key":"BlessingOfTheForge"},{"floor":13.0,"key":"PowerPotion"},{"floor":16.0,"key":"Strength Potion"},{"floor":18.0,"key":"Explosive Potion"}],"is_trial":false,"path_per_floor":["M","M","M","M","M","E","$","R","T","R","M","$","M","E","R","B",null,"M","M"],"character_chosen":"AYA","items_purchased":["shameimaru:QuickReporting","shameimaru:Galeforce","shameimaru:FreezeFrame"],"campfire_rested":3,"item_purchase_floors":[7,7,12],"current_hp_per_floor":[87,86,85,72,64,39,39,65,65,88,69,69,53,11,37,18,88,86,86,86],"gold":197,"neow_bonus":"TEN_PERCENT_HP_BONUS","is_daily":false,"chose_seed":false,"campfire_upgraded":0,"win_rate":0.0,"timestamp":1614302138,"path_taken":["M","M","M","M","M","E","$","R","T","R","M","$","M","E","R","BOSS","M","M"],"items_purchased_type":["Card","Card","Card"],"build_version":"2020-12-22","purchased_purges":1,"victory":false,"max_hp_per_floor":[88,88,88,88,88,88,88,88,88,88,88,88,88,88,88,88,88,88,88,88],"card_choices":[{"not_picked":["shameimaru:Preparation","shameimaru:Photocopier"],"picked":"shameimaru:LoadedStatement","floor":1.0},{"not_picked":["shameimaru:GuidingBreeze","shameimaru:GaleBullet"],"picked":"shameimaru:Telescoping","floor":2.0},{"not_picked":["shameimaru:Photocopier","shameimaru:Preparation"],"picked":"shameimaru:RapidFirePhotography","floor":3.0},{"not_picked":["shameimaru:PeerlessWind","shameimaru:Foresight"],"picked":"shameimaru:Photoshoot","floor":4.0},{"not_picked":["shameimaru:MountainProcession","shameimaru:AdverseWind"],"picked":"shameimaru:FranticSearch","floor":5.0},{"not_picked":["shameimaru:GaleBullet","shameimaru:Photocopier"],"picked":"shameimaru:Imitation","floor":6.0},{"not_picked":["shameimaru:InvertedColours","shameimaru:QuickReporting"],"picked":"shameimaru:HitAndRun","floor":11.0},{"not_picked":["shameimaru:DashingGrace","shameimaru:GroupPhoto"],"picked":"shameimaru:AirCutter","floor":13.0},{"not_picked":["shameimaru:FreezeFrame","shameimaru:WindsOfChange"],"picked":"shameimaru:Duality","floor":14.0},{"not_picked":["shameimaru:Plagiarism","shameimaru:OpeningWindAdvent"],"picked":"shameimaru:OutburstingGust","floor":16.0},{"not_picked":["shameimaru:Opportunity+1","shameimaru:LibraryResearch"],"picked":"shameimaru:WhispersOfTheWind+1","floor":18.0}],"player_experience":202408,"relics_obtained":[{"floor":6.0,"key":"Smiling Mask"},{"floor":9.0,"key":"Bronze Scales"},{"floor":14.0,"key":"Meat on the Bone"}],"event_choices":[],"is_beta":false,"boss_relics":[{"not_picked":["Ectoplasm","Fusion Hammer"],"picked":"Runic Pyramid"}],"items_purged_floors":[7],"is_endless":false,"potions_floor_spawned":[2,4,5,6,13,16,18],"killed_by":"3 Byrds","ascension_level":0}}