{"host":"r5cycnjhcbwgkpkf","time":1614365684,"event":{"mods":["2.2 Compatiblity","AchievementEnabler","BaseMod","Bestiary","Better Altar","Better Match","Better Note","Better Skull","Better Third Choice","BetterRewards","Colored Map","Colored Powertips","Infinite Spire","Minty Spire (QoL Compilation)","Reliquary","Replay The Spire","Spicy Shops","StSLib"],"gold_per_floor":[117,117,127,146,111,111,131,131,157,201,217,217,217,246,246,357,357,373,393,393,418,432,117,126,126,126,145,158,191,191,205,205,312,312,325,325,347,72,86,86,115,115,115,115,115,140,158,178,178,178],"floor_reached":51,"language":"ENG","playtime":2936,"items_purged":["Defend_P","Strike_P","Defend_P"],"score":1398,"play_id":"e8bf0262-79ea-40cc-9c4d-43f6c5d2ce04","local_time":"20210226105444","is_ascension_mode":true,"campfire_choices":[{"floor":6.0,"key":"REST"},{"data":"Ragnarok","floor":8.0,"key":"SMITH"},{"data":"Eruption","floor":12.0,"key":"SMITH"},{"floor":15.0,"key":"REST"},{"floor":24.0,"key":"REST"},{"data":"Tantrum","floor":30.0,"key":"SMITH"},{"data":"SashWhip","floor":32.0,"key":"SMITH"},{"floor":40.0,"key":"REST"},{"data":"MasterReality","floor":45,"key":"SMITH"},{"floor":49,"key":"REST"}],"circlet_count":0,"master_deck":["Strike_P+1","Strike_P+1","Strike_P+1","Defend_P+1","Defend_P+1","Eruption+1","Vigilance","FlurryOfBlows","Ragnarok+1","DeceiveReality+1","SashWhip+1","FollowUp","Crescendo+1","Tantrum+1","DeusExMachina+1","Evaluate+1","Wish+1","Consecrate+1","EmptyFist+1","MasterReality+1","Indignation+1","ClearTheMind+1","WreathOfFlame+1"],"relics":["Replay:M_SmolderingBlood","Toxic Egg 2","Juzu Bracelet","Membership Card","ReplayFunnel","infinitespire:Cubic Diamond","Dream Catcher","CeramicFish","Boot","reliquary:IridiumChain","InkBottle","Eternal Feather","PreservedInsect","Nunchaku","Gremlin Horn","Divine Protection","ReplayTheSpireMod:TigerMarble","Blood Vial","Happy Flower","SlaversCollar","StrikeDummy"],"acts_visited":["Exordium","TheCity","TheBeyond"],"potions_floor_usage":[50,50],"damage_taken":[{"damage":15.0,"enemies":"Small Slimes","floor":1.0,"turns":4.0},{"damage":0.0,"enemies":"Jaw Worm","floor":3.0,"turns":1.0},{"damage":0.0,"enemies":"2 Louse","floor":4.0,"turns":2.0},{"damage":0.0,"enemies":"Exordium Thugs","floor":7.0,"turns":4.0},{"damage":3.0,"enemies":"Replay:BlueRogue","floor":10.0,"turns":2.0},{"damage":3.0,"enemies":"Looter","floor":11.0,"turns":2.0},{"damage":0.0,"enemies":"Lots of Slimes","floor":14.0,"turns":1.0},{"damage":26.0,"enemies":"Hexaghost","floor":16.0,"turns":9.0},{"damage":0.0,"enemies":"Chosen","floor":18.0,"turns":3.0},{"damage":0.0,"enemies":"Spheric Guardian","floor":19.0,"turns":3.0},{"damage":12.0,"enemies":"3 Cultists","floor":21.0,"turns":3.0},{"damage":6.0,"enemies":"Centurion and Healer","floor":22.0,"turns":3.0},{"damage":0.0,"enemies":"Snecko","floor":27.0,"turns":3.0},{"damage":6.0,"enemies":"Snake Plant","floor":28.0,"turns":3.0},{"damage":10.0,"enemies":"Replay:Snechameleon","floor":29.0,"turns":2.0},{"damage":0.0,"enemies":"Centurion and Healer","floor":31.0,"turns":3.0},{"damage":68.0,"enemies":"Collector","floor":33.0,"turns":8.0},{"damage":6.0,"enemies":"3 Darklings","floor":35.0,"turns":5.0},{"damage":28.0,"enemies":"3 Shapes","floor":37.0,"turns":5.0},{"damage":10.0,"enemies":"Writhing Mass","floor":39.0,"turns":5.0},{"damage":0.0,"enemies":"R_Hoarder","floor":41.0,"turns":6.0},{"damage":23,"enemies":"4 Shapes","floor":46,"turns":2},{"damage":27,"enemies":"Sphere and 2 Shapes","floor":47,"turns":6},{"damage":0,"enemies":"Transient","floor":48,"turns":5},{"damage":9,"enemies":"Awakened One","floor":50,"turns":10}],"seed_played":"-1482372146713883266","potions_obtained":[{"floor":1.0,"key":"ColorlessPotion"},{"floor":3.0,"key":"Swift Potion"},{"floor":10.0,"key":"BottledMiracle"},{"floor":19.0,"key":"AttackPotion"},{"floor":37.0,"key":"Fruit Juice"}],"is_trial":false,"path_per_floor":["M","?","M","M","?","R","M","R","T","E","M","R","?","M","R","B",null,"M","M","AVR","M","M","$","R","?","T","M","M","E","R","M","R","B",null,"M","?","M","$","M","R","E","AVR","T","?","R","M","M","M","R","B",null],"character_chosen":"WATCHER","items_purchased":["Toxic Egg 2","Juzu Bracelet","Membership Card","FlurryOfBlows","ReplayFunnel","Ragnarok","DeceiveReality+1","InkBottle","Eternal Feather","PreservedInsect","Divine Protection","ReplayTheSpireMod:TigerMarble","DuplicationPotion"],"campfire_rested":5,"item_purchase_floors":[0,0,0,0,0,0,0,23,23,23,38,38,38],"current_hp_per_floor":[20,20,20,20,38,59,59,59,59,56,53,53,46,46,67,41,64,64,64,64,52,46,46,72,72,72,72,66,56,65,65,72,4,55,49,53,30,30,20,55,59,59,59,59,71,50,25,43,77,68],"gold":178,"neow_bonus":"","is_daily":false,"chose_seed":false,"campfire_upgraded":5,"win_rate":0.0,"timestamp":1614365684,"path_taken":["M","?","M","M","?","R","M","R","T","E","M","R","?","M","R","BOSS","M","M","AVR","M","M","$","R","?","T","M","M","E","R","M","R","BOSS","M","?","M","?","M","R","E","AVR","T","?","R","M","M","M","R","BOSS"],"items_purchased_type":["Relic","Relic","Relic","Card","Relic","Card","Card","Relic","Relic","Relic","Relic","Relic","Potion"],"build_version":"2020-12-22","purchased_purges":3,"victory":true,"max_hp_per_floor":[72,72,72,72,72,72,72,72,72,72,72,72,72,72,72,72,72,72,72,72,72,72,72,72,72,72,72,72,72,72,72,72,72,72,72,72,77,77,77,77,77,77,77,77,77,77,77,77,77,77],"card_choices":[{"not_picked":["CutThroughFate","CrushJoints"],"picked":"SashWhip","floor":1.0},{"not_picked":["Wireheading","Wallop"],"picked":"FollowUp","floor":3.0},{"not_picked":["Clash","EmptyMind+1"],"picked":"Crescendo+1","floor":4.0},{"not_picked":["FollowUp","Nirvana"],"picked":"Tantrum","floor":7.0},{"not_picked":["FlyingSleeves","FearNoEvil"],"picked":"DeusExMachina+1","floor":10.0},{"not_picked":["LikeWater","Tantrum","BowlingBash"],"picked":"SKIP","floor":11.0},{"not_picked":["Clash","EmptyBody+1"],"picked":"Evaluate+1","floor":14.0},{"not_picked":["Reaper","Bludgeon"],"picked":"Wish+1","floor":16.0},{"not_picked":["Protect+1","FlurryOfBlows","Perseverance+1"],"picked":"SKIP","floor":18.0},{"not_picked":["Collect+1","FollowUp","Wallop+1"],"picked":"SKIP","floor":19.0},{"not_picked":["Crescendo+1","Brilliance"],"picked":"Consecrate+1","floor":21.0},{"not_picked":["Evaluate+1","ThirdEye+1","Tantrum"],"picked":"SKIP","floor":22.0},{"not_picked":["DeceiveReality+1","BowlingBash"],"picked":"EmptyFist+1","floor":24.0},{"not_picked":["SashWhip","Replay:AtTheReady+1","Worship+1"],"picked":"SKIP","floor":27.0},{"not_picked":["JustLucky+1","Protect+1","EmptyBody+1"],"picked":"SKIP","floor":28.0},{"not_picked":["Ragnarok","ThirdEye+1","Replay:AtTheReady+1"],"picked":"SKIP","floor":29.0},{"not_picked":["EmptyFist","Replay:Vibes+1","Replay:ManipulateFuture+1"],"picked":"SKIP","floor":31.0},{"not_picked":["Devotion","Judgement+1"],"picked":"MasterReality","floor":33.0},{"not_picked":["SashWhip+1","ForeignInfluence+1","Protect+1"],"picked":"SKIP","floor":35.0},{"not_picked":["BattleHymn","LikeWater+1"],"picked":"Indignation+1","floor":37.0},{"not_picked":["BowlingBash+1","WheelKick","EmptyFist"],"picked":"SKIP","floor":39.0},{"not_picked":["Clash+1","Establishment","MentalFortress"],"picked":"SKIP","floor":41.0},{"not_picked":["Replay:Anticipation+1","Clash+1"],"picked":"ClearTheMind+1","floor":46},{"not_picked":["Replay:Battleflow+1","Wallop","ClearTheMind+1"],"picked":"SKIP","floor":47},{"not_picked":["Replay:BluntJabs+1","FlurryOfBlows+1"],"picked":"WreathOfFlame+1","floor":48}],"player_experience":440091,"relics_obtained":[{"floor":9.0,"key":"Dream Catcher"},{"floor":10.0,"key":"CeramicFish"},{"floor":26.0,"key":"Nunchaku"},{"floor":29.0,"key":"Gremlin Horn"},{"floor":41.0,"key":"Blood Vial"},{"floor":43.0,"key":"StrikeDummy"}],"event_choices":[{"damage_healed":18.0,"max_hp_gain":0.0,"max_hp_loss":0.0,"gold_gain":0.0,"event_name":"The Cleric","player_choice":"Healed","floor":5.0,"gold_loss":35.0,"damage_taken":0.0},{"damage_healed":0.0,"max_hp_gain":0.0,"max_hp_loss":0.0,"gold_gain":0.0,"event_name":"betterThird:BetterScrap","player_choice":"Relic ","floor":13.0,"gold_loss":0.0,"damage_taken":7.0,"cards_obtained":["Calculated Gamble"]},{"damage_healed":0.0,"max_hp_gain":0.0,"max_hp_loss":5.0,"gold_gain":0.0,"event_name":"betterThird:BetterWriting","player_choice":"Simplicity","floor":25.0,"gold_loss":0.0,"damage_taken":0.0},{"damage_healed":4.0,"max_hp_gain":0.0,"max_hp_loss":0.0,"gold_gain":0.0,"event_name":"betterSkull:BetterSkull","player_choice":"LEAVE ","floor":36.0,"gold_loss":0.0,"damage_taken":0.0,"cards_upgraded":[],"relics_obtained":[]}],"is_beta":false,"boss_relics":[{"not_picked":["Ring of Chaos","Runic Dome","Fusion Hammer"]},{"not_picked":["Calling Bell","Replay:Drink Me","Empty Cage"]}],"items_purged_floors":[0,20,23],"is_endless":false,"potions_floor_spawned":[1,3,10,16,19,21,27,28,31,37,39],"ascension_level":9}}