{"host":"0ke4ewd6kv0tgkyi","time":1614356092,"event":{"mods":["2.2 Compatiblity","Act Like it!","Aspiration","BaseMod","Conspire","Elementarium","Fox Events","Gensokyo","Gremlin Mod","Hallownest","Hermit","Highlight Path","Hubris","JesterMod","Menagerie","Minty Spire (QoL Compilation)","Pale of the Ancients","Permanent Neow","Quarter Circle Forward PUNCH!","Reliquary","Ruina","Shade Mod","StSLib","The Alterego","The Bug Knight","The Gatherer","The Judge","The Valiant","The Wild Card","The Witch","TheVacant","Yuri Mod","thorton"],"gold_per_floor":[119,134,134,145,145,145,164,199,276,276,288,317,242,242,242,365,365,381,397,441,482,506,506,539,539,562,562,587,587,601,615,615,615,615],"floor_reached":33,"language":"ENG","playtime":3755,"items_purged":["Clumsy"],"score":341,"play_id":"2f38b242-a451-458d-a7f1-e33ccedc4151","local_time":"20210226081452","is_ascension_mode":true,"campfire_choices":[{"floor":6.0,"key":"RECALL"},{"floor":10.0,"key":"REST"},{"floor":15.0,"key":"REST"},{"floor":23,"key":"REST"},{"floor":27,"key":"REST"},{"floor":29,"key":"REST"},{"floor":32,"key":"REST"}],"circlet_count":0,"master_deck":["HollowMod:NailStrikeStart","HollowMod:NailStrikeStart","HollowMod:QuickDashStart","HollowMod:QuickDashStart","HollowMod:QuickDashStart","HollowMod:FocusHealStart","HollowMod:PogoStrike","HollowMod:SiblingsShadow","HollowMod:HeavyBlow","Dash","Deadly Poison","Finisher","HollowMod:HuntersJournal","HollowMod:BlackTendrils","HollowMod:GreatSlash","HollowMod:Weaversong","HollowMod:MantisMark","HollowMod:CloakDash","HollowMod:InfectedAttack+1","HollowMod:TaintedHusks+1","HollowMod:Grubsong+1","Ghostly","Ghostly","Ghostly","Ghostly","Ghostly","HollowMod:BaldurShell","HollowMod:DungDefenderAura+1","HollowMod:CloakDash"],"relics":["Fusion Hammer","Menagerie:ExplorersFlag","Regal Pillow","Strawberry","Golden Idol","aspiration:FutureDiary","Red Mask","conspire:DeflatedDodgeball","hubris:Metronome","Bag of Marbles"],"acts_visited":["Exordium","TheCity"],"potions_floor_usage":[20,20,31,33,33,33],"damage_taken":[{"damage":8.0,"enemies":"Menagerie:MonstrousExperiment","floor":1.0,"turns":3.0},{"damage":6.0,"enemies":"Menagerie:WhisperingWraith","floor":2.0,"turns":4.0},{"damage":2.0,"enemies":"Menagerie:StygianBoar","floor":4.0,"turns":3.0},{"damage":3.0,"enemies":"Menagerie:Hexasnake","floor":7.0,"turns":4.0},{"damage":10.0,"enemies":"Menagerie:Hydra","floor":8.0,"turns":3.0},{"damage":1.0,"enemies":"Menagerie:MeltingSalamander","floor":11.0,"turns":3.0},{"damage":25.0,"enemies":"Menagerie:VoidReaper","floor":12.0,"turns":5.0},{"damage":15.0,"enemies":"Menagerie:Chimera","floor":16.0,"turns":9.0},{"damage":8.0,"enemies":"HollowMod:HuskSentry","floor":18.0,"turns":4.0},{"damage":24.0,"enemies":"2 Thieves","floor":19.0,"turns":3.0},{"damage":9,"enemies":"Masked Bandits","floor":20,"turns":3},{"damage":36,"enemies":"conspire:MimicChest","floor":21,"turns":5},{"damage":24,"enemies":"3 Cultists","floor":22,"turns":4},{"damage":27,"enemies":"conspire:Head Lice","floor":24,"turns":5},{"damage":8,"enemies":"Sentry and Sphere","floor":28,"turns":3},{"damage":0,"enemies":"conspire:HollyBat","floor":30,"turns":6},{"damage":0,"enemies":"Snake Plant","floor":31,"turns":3},{"damage":51,"enemies":"hubris:MusketHawk","floor":33,"turns":7}],"seed_played":"-5780722621892011595","potions_obtained":[{"floor":2.0,"key":"Weak Potion"},{"floor":4.0,"key":"LiquidBronze"},{"floor":11.0,"key":"Fire Potion"},{"floor":12.0,"key":"GamblersBrew"},{"floor":16.0,"key":"EntropicBrew"},{"floor":20,"key":"FearPotion"},{"floor":22,"key":"EntropicBrew"},{"floor":24,"key":"FearPotion"},{"floor":30,"key":"EssenceOfSteel"}],"is_trial":false,"path_per_floor":["M","M","?","M","?","R","M","E","T","R","M","E","$","?","R","B",null,"M","M","?","?","M","R","E","?","T","R","M","R","M","M","R","B"],"character_chosen":"THE_BUGKNIGHT","items_purchased":[],"campfire_rested":6,"item_purchase_floors":[],"current_hp_per_floor":[67,61,61,64,69,69,66,56,56,75,75,59,59,44,82,71,82,74,50,48,19,26,65,38,41,41,41,33,41,41,41,41,0,0],"gold":615,"neow_bonus":"BOSS_RELIC","is_daily":false,"chose_seed":false,"campfire_upgraded":0,"win_rate":0.0,"timestamp":1614356092,"path_taken":["M","M","?","?","?","R","M","E","T","R","?","E","$","?","R","BOSS","M","M","?","?","?","R","E","?","T","R","M","R","M","M","R","BOSS"],"items_purchased_type":[],"build_version":"2020-12-22","purchased_purges":1,"victory":false,"max_hp_per_floor":[75,75,75,75,75,75,75,75,75,75,75,82,82,82,82,82,82,82,82,82,82,82,82,82,41,41,41,41,41,41,41,41,41,41],"card_choices":[{"not_picked":["HollowMod:SharpenedNail","HollowMod:ChannelNail"],"picked":"HollowMod:SiblingsShadow","floor":1.0},{"not_picked":["HollowMod:CoiledNail","HollowMod:LuriensSpire","HollowMod:InfectedAttack"],"picked":"SKIP","floor":2.0},{"not_picked":["HollowMod:TaintedHusks","HollowMod:ChannelNail"],"picked":"HollowMod:HeavyBlow","floor":4.0},{"not_picked":["HollowMod:GoodIntentions","HollowMod:InfectedCysts"],"picked":"HollowMod:HuntersJournal","floor":7.0},{"not_picked":["HollowMod:CycloneSlash","HollowMod:NewInfectedGuardian"],"picked":"HollowMod:BlackTendrils","floor":8.0},{"not_picked":["HollowMod:InfectionAssault","HollowMod:CoiledNail","HollowMod:SoulSplash"],"picked":"SKIP","floor":11.0},{"not_picked":["HollowMod:ChannelNail","HollowMod:CornifersMapStart"],"picked":"HollowMod:GreatSlash","floor":12.0},{"not_picked":["HollowMod:ZotesMagnificence","HollowMod:HornetsHelp"],"picked":"HollowMod:Weaversong","floor":16.0},{"not_picked":["HollowMod:CornifersMapStart","HollowMod:LifebloodCocoon"],"picked":"HollowMod:MantisMark","floor":18.0},{"not_picked":["HollowMod:LifebloodCocoon","HollowMod:NewJinnsSoul"],"picked":"HollowMod:CloakDash","floor":19.0},{"not_picked":["HollowMod:ShadowDash","HollowMod:VengefulVoid"],"picked":"HollowMod:InfectedAttack+1","floor":20},{"not_picked":["HollowMod:SiblingsSouls+1","HollowMod:VengefulVoid"],"picked":"HollowMod:TaintedHusks+1","floor":21},{"not_picked":["HollowMod:SoulVessel+1","HollowMod:SharpenedNail","HollowMod:SoulShaman+1"],"picked":"SKIP","floor":22},{"not_picked":["HollowMod:AwokenDreamNail","HollowMod:MonomonsArchive"],"picked":"HollowMod:Grubsong+1","floor":24},{"not_picked":["HollowMod:QuirrelsAssistance","HollowMod:FastStrike+1"],"picked":"HollowMod:BaldurShell","floor":28},{"not_picked":["HollowMod:DoubleDash","HollowMod:MonomonsArchive"],"picked":"HollowMod:DungDefenderAura+1","floor":30},{"not_picked":["HollowMod:NewLittleFool","HollowMod:SoulEater"],"picked":"HollowMod:CloakDash","floor":31}],"player_experience":1079656,"relics_obtained":[{"floor":8.0,"key":"Regal Pillow"},{"floor":12.0,"key":"Strawberry"},{"floor":20,"key":"Red Mask"},{"floor":21,"key":"conspire:DeflatedDodgeball"},{"floor":24,"key":"hubris:Metronome"},{"floor":26,"key":"Bag of Marbles"}],"event_choices":[{"damage_healed":0.0,"max_hp_gain":0.0,"max_hp_loss":0.0,"gold_gain":0.0,"event_name":"Menagerie:AtThePeak","player_choice":"Take","floor":3.0,"gold_loss":0.0,"damage_taken":0.0,"relics_obtained":["Menagerie:ExplorersFlag"],"cards_obtained":["Clumsy"]},{"damage_healed":0.0,"max_hp_gain":0.0,"max_hp_loss":0.0,"gold_gain":0.0,"event_name":"Golden Idol","player_choice":"Take Damage","floor":14.0,"gold_loss":0.0,"damage_taken":20.0,"relics_obtained":["Golden Idol"]},{"damage_healed":0,"gold_gain":0,"player_choice":"Fought Bandits","damage_taken":0,"max_hp_gain":0,"max_hp_loss":0,"event_name":"Masked Bandits","floor":20,"gold_loss":0},{"damage_healed":0,"gold_gain":0,"player_choice":"Became a Ghost","damage_taken":0,"max_hp_gain":0,"max_hp_loss":41,"event_name":"Ghosts","floor":25,"gold_loss":0,"cards_obtained":["Ghostly","Ghostly","Ghostly","Ghostly","Ghostly"]}],"is_beta":false,"boss_relics":[{"not_picked":["hubris:TerracottaHorce","SacredBark"],"picked":"aspiration:FutureDiary"}],"items_purged_floors":[13],"is_endless":false,"potions_floor_spawned":[2,4,11,12,16,20,22,24,30],"killed_by":"hubris:MusketHawk","ascension_level":3}}