{"host":"Garrett","time":1614308730,"event":{"mods":["AchievementEnabler","BaseMod","Hubris","Minty Spire (QoL Compilation)","Permanent Neow","Replay The Spire","StSLib","The Disciple","The Mystic"],"gold_per_floor":[119,137,137,152,152,152,166,166,189,236,72,87,87,101,101,206,206,219,144,144,163,175,175,190,3,3,22,22,36,36,56,56,56,56],"floor_reached":33,"language":"ENG","playtime":1962,"items_purged":["Strike_R","Defend_R","Strike_R","Defend_R","Strike_R","Defend_R"],"score":241,"play_id":"286cb746-2f51-4f54-93c3-c2010c127ac4","local_time":"20210225210530","is_ascension_mode":false,"campfire_choices":[{"data":"Replay:Many Hands","floor":6,"key":"SMITH"},{"floor":13,"key":"REST"},{"floor":23,"key":"REST"},{"floor":30,"key":"REST"}],"circlet_count":0,"master_deck":["Defend_R","Bash","Replay:Many Hands+1","Feel No Pain","Inflame","Pummel","Purity+1","Feed","Cleave+1","Massacre","Shrug It Off+1","Infernal Blade+1"],"relics":["Burning Blood"],"acts_visited":["Exordium","TheCity"],"potions_floor_usage":[16,18,21,24,27,29,33,33],"damage_taken":[{"damage":10,"enemies":"Cultist","floor":1,"turns":4},{"damage":9,"enemies":"2 Louse","floor":2,"turns":3},{"damage":10,"enemies":"Small Slimes","floor":4,"turns":4},{"damage":11,"enemies":"Blue Slaver","floor":7,"turns":5},{"damage":16,"enemies":"Gremlin Gang","floor":12,"turns":4},{"damage":6,"enemies":"Looter","floor":14,"turns":3},{"damage":36,"enemies":"Hexaghost","floor":16,"turns":5},{"damage":12,"enemies":"Spheric Guardian","floor":18,"turns":1},{"damage":15,"enemies":"2 Thieves","floor":21,"turns":4},{"damage":40,"enemies":"3 Cultists","floor":22,"turns":5},{"damage":26,"enemies":"Centurion and Healer","floor":24,"turns":6},{"damage":0,"enemies":"Sentry and Sphere","floor":27,"turns":5},{"damage":31,"enemies":"Snake Plant","floor":29,"turns":4},{"damage":35,"enemies":"3 Cultists","floor":31,"turns":6},{"damage":39,"enemies":"Collector","floor":33,"turns":6}],"seed_played":"2687384174498836948","potions_obtained":[{"floor":1,"key":"Death Potion"},{"floor":4,"key":"SteroidPotion"},{"floor":14,"key":"GamblersBrew"},{"floor":21,"key":"BloodPotion"},{"floor":22,"key":"Block Potion"},{"floor":24,"key":"Fire Potion"},{"floor":31,"key":"BlessingOfTheForge"}],"is_trial":false,"path_per_floor":["M","M","?","M","?","R","M","$","T","T","$","M","R","M","R","B",null,"M","?","?","M","M","R","M","$","T","M","T","M","R","M","R","B"],"character_chosen":"IRONCLAD","items_purchased":["Purity","Shrug It Off+1","Strength Potion"],"campfire_rested":3,"item_purchase_floors":[11,25,25],"current_hp_per_floor":[76,73,73,69,69,69,64,32,32,32,32,22,46,46,70,40,80,74,74,74,65,31,55,38,38,38,47,47,39,64,38,38,0,0],"gold":56,"neow_bonus":"ONE_RANDOM_RARE_CARD","is_daily":false,"chose_seed":false,"campfire_upgraded":1,"win_rate":0.0,"timestamp":1614308730,"path_taken":["M","?","?","M","?","R","M","?","T","?","$","?","R","M","R","BOSS","M","?","?","M","M","R","M","$","T","?","?","M","R","M","R","BOSS"],"items_purchased_type":["Card","Card","Potion"],"build_version":"2020-12-18","purchased_purges":6,"victory":false,"max_hp_per_floor":[80,80,80,80,80,80,80,80,80,80,80,80,80,80,80,80,80,80,80,80,80,80,80,83,83,83,86,86,86,86,89,89,89,89],"card_choices":[{"not_picked":["ReplayTheSpireMod:Strike From Hell","Rage"],"picked":"Feel No Pain","floor":1},{"not_picked":["Heavy Blade","Replay:Undeath\u0027s Touch"],"picked":"Inflame","floor":2},{"not_picked":["Perfected Strike","Headbutt"],"picked":"Pummel","floor":4},{"not_picked":["Heavy Blade","Iron Wave","ReplayTheSpireMod:Limb From Limb"],"picked":"SKIP","floor":7},{"not_picked":["Perfected Strike","True Grit","Clothesline"],"picked":"SKIP","floor":12},{"not_picked":["Uppercut","Fire Breathing","Twin Strike"],"picked":"SKIP","floor":14},{"not_picked":["Demon Form","Juggernaut"],"picked":"Feed","floor":16},{"not_picked":["Wild Strike+1","Iron Wave"],"picked":"Cleave+1","floor":18},{"not_picked":["Body Slam","Pommel Strike","Run Through"],"picked":"SKIP","floor":21},{"not_picked":["Replay:Undeath\u0027s Touch","Headbutt","Impervious"],"picked":"SKIP","floor":22},{"not_picked":["Wild Strike","Flame Barrier","Havoc"],"picked":"SKIP","floor":24},{"not_picked":["Twin Strike","hubris:CleavingFinish","Iron Wave+1"],"picked":"SKIP","floor":27},{"not_picked":["Warcry","ReplayTheSpireMod:Stacked+1","Dual Wield"],"picked":"SKIP","floor":29},{"not_picked":["Dark Embrace","Metallicize"],"picked":"Infernal Blade+1","floor":31}],"player_experience":821472,"relics_obtained":[],"event_choices":[{"cards_removed":["Strike_R"],"damage_healed":0,"gold_gain":0,"player_choice":"Gave Gold","damage_taken":0,"max_hp_gain":0,"max_hp_loss":0,"event_name":"Beggar","floor":19,"gold_loss":75},{"cards_removed":["Strike_R"],"damage_healed":0,"gold_gain":0,"player_choice":"Took Card","damage_taken":0,"max_hp_gain":0,"max_hp_loss":0,"event_name":"NoteForYourself","floor":20,"gold_loss":0,"cards_obtained":["Massacre"]},{"damage_healed":0,"gold_gain":0,"player_choice":"Ignored","damage_taken":0,"max_hp_gain":0,"max_hp_loss":0,"event_name":"Ghosts","floor":32,"gold_loss":0}],"is_beta":true,"boss_relics":[{"not_picked":["hubris:TerracottaHorce","Astrolabe","Replay:Ancient Bell"]}],"items_purged_floors":[8,8,8,8,11,25],"is_endless":false,"potions_floor_spawned":[1,4,14,21,22,24,31],"killed_by":"Collector","ascension_level":0}}