{"host":"roto7j7840a50pxh","time":1614379107,"event":{"mods":["Act Like it!","BaseMod","Better Altar","Better Note","Better Sensory Stone","Better Skull","Better Third Choice","BetterRewards","Colored Map","Colored Powertips","Downfall","Hermit","Highlight Path","Hubris","Infinite Spire","Minty Spire (QoL Compilation)","Replay The Spire","Robot Space Explorer","Shade Mod","Spicy Shops","StSLib","The Construct","The Cursed","The Dragon Tamer","The Hierophant","The Necromancer","The Runesmith","The Servant 0.9.4","TheVacant"],"gold_per_floor":[109,209,223,223,242,242,285,58,85,120,142,162,162,162,171,277,277,299,322,253,270,293,293,331,331,331,350,391,410,510,546,546,662,721,747,775,784,809,818,859,859,900,923,405,414,445,465,500,500,500],"floor_reached":51,"language":"ENG","playtime":4934,"items_purged":["Hallucinations"],"score":1712,"play_id":"d7c22a45-e051-4536-954f-d141dd5c871f","local_time":"20210226173827","is_ascension_mode":true,"campfire_choices":[{"data":"theVacant:Gloom","floor":13.0,"key":"SMITH"},{"data":"theVacant:Spinshield","floor":23.0,"key":"SMITH"},{"data":"theVacant:Release","floor":25.0,"key":"SMITH"},{"data":"theVacant:Voidstone","floor":32.0,"key":"SMITH"},{"data":"theVacant:Voidstone","floor":41.0,"key":"SMITH"},{"floor":49.0,"key":"DIG"}],"circlet_count":0,"master_deck":["theVacant:VacantStarterStrike","theVacant:VacantStarterStrike","theVacant:VacantStarterStrike","theVacant:VacantStarterDefend+1","theVacant:VacantStarterDefend","theVacant:VacantStarterDefend","theVacant:VacantStarterDefend","theVacant:Release+1","theVacant:Crunch","theVacant:Anguish+1","theVacant:Threat","theVacant:Dig","theVacant:EyePoke","theVacant:PitOfDespair","theVacant:Gloom+1","theVacant:Expand","theVacant:OnSecondThought+1","theVacant:Jab","theVacant:Spinshield+1","theVacant:Anguish","theVacant:Spinshield+1","theVacant:Prevent","theVacant:Jab","theVacant:Soothe+1","theVacant:Soothe+1","theVacant:PitOfDespair","theVacant:OnSecondThought+1","theVacant:ShriekingBlast","theVacant:Dig+1","theVacant:Voidstone+1","theVacant:Voidstone+1","theVacant:ShutAway","theVacant:Spinshield+1","theVacant:OnSecondThought+1","theVacant:Barrage+1","CurseOfTheBell","theVacant:TwistFate+1","theVacant:Recover+1","theVacant:ShutAway","theVacant:Barrage","ReplayTheSpireMod:Brewmster","Writhe","theVacant:Expand","theVacant:Yeet","theVacant:DeathSpiral","theVacant:Gloom+1","theVacant:GraveWave+1","Pain","theVacant:SpiritOrb+1","theVacant:Expand+1","theVacant:Yeet+1"],"relics":["theVacant:BrassGoblet","ReplayTheSpireMod:Lightbulb","hubris:EmptyBottle","Chameleon Ring","MealTicket","Meat on the Bone","Regal Pillow","HandDrill","CeramicFish","Medical Kit","Blood Vial","Replay:Towering Pillar of Hats","infinitespire:ShieldingShard","hubris:Backtick","hubris:Potato","Replay:Bottled Flurry","War Paint","Sundial","infinitespire:Midas Blood","TungstenRod","Tiny House","ReplayTheSpireMod:Ring of Collecting","Strawberry","Calling Bell","Pet Ghost","bronze:DecasWashers","Durian","Strawberry","Mirror","Ring of Peace","Vajra","ReplayTheSpireMod:Ninjato","Orrery","WarpedTongs","Nunchaku","ReplayTheSpireMod:TigerMarble"],"acts_visited":["Exordium","TheCity","TheBeyond"],"potions_floor_usage":[50,50,50,50,50,50,50,50,50,50,50,50,50],"damage_taken":[{"damage":0.0,"enemies":"Jaw Worm","floor":1.0,"turns":3.0},{"damage":5.0,"enemies":"infinitespire:Voidling","floor":3.0,"turns":3.0},{"damage":6.0,"enemies":"Small Slimes","floor":5.0,"turns":7.0},{"damage":12.0,"enemies":"3 Sentries","floor":7.0,"turns":7.0},{"damage":3.0,"enemies":"Lagavulin","floor":10.0,"turns":6.0},{"damage":0.0,"enemies":"Exordium Wildlife","floor":11.0,"turns":3.0},{"damage":11.0,"enemies":"3 Louse","floor":12.0,"turns":3.0},{"damage":6.0,"enemies":"Hexaghost","floor":16.0,"turns":8.0},{"damage":0.0,"enemies":"Chosen","floor":18.0,"turns":5.0},{"damage":2.0,"enemies":"2 Thieves","floor":19.0,"turns":4.0},{"damage":4.0,"enemies":"Snecko","floor":21.0,"turns":10.0},{"damage":0.0,"enemies":"Snake Plant","floor":22.0,"turns":5.0},{"damage":0.0,"enemies":"Gremlin Leader","floor":24.0,"turns":8.0},{"damage":3.0,"enemies":"Centurion and Healer","floor":27.0,"turns":4.0},{"damage":6.0,"enemies":"Book of Stabbing","floor":28.0,"turns":4.0},{"damage":0.0,"enemies":"Shelled Parasite and Fungi","floor":29.0,"turns":3.0},{"damage":4.0,"enemies":"Gremlin Leader","floor":31.0,"turns":7.0},{"damage":30.0,"enemies":"hubris:MusketHawk","floor":33.0,"turns":11.0},{"damage":0.0,"enemies":"3 Shapes","floor":35.0,"turns":4.0},{"damage":2.0,"enemies":"Orb Walker","floor":36.0,"turns":6.0},{"damage":15.0,"enemies":"3 Darklings","floor":38.0,"turns":3.0},{"damage":3.0,"enemies":"Giant Head","floor":40.0,"turns":6.0},{"damage":0.0,"enemies":"Nemesis","floor":42.0,"turns":13.0},{"damage":8.0,"enemies":"Writhing Mass","floor":46.0,"turns":5.0},{"damage":0.0,"enemies":"Transient","floor":47.0,"turns":5.0},{"damage":0.0,"enemies":"R_Hoarder","floor":48.0,"turns":4.0},{"damage":0,"enemies":"Time Eater","floor":50,"turns":10}],"seed_played":"-9217294240681220542","potions_obtained":[{"floor":5.0,"key":"Doom Potion"},{"floor":6.0,"key":"SneckoOil"},{"floor":6.0,"key":"EntropicBrew"},{"floor":7.0,"key":"DistilledChaos"},{"floor":11.0,"key":"Weak Potion"},{"floor":18.0,"key":"SpeedPotion"},{"floor":19.0,"key":"Guardian:BlockOnCardUsePotion"},{"floor":28.0,"key":"Weak Potion"},{"floor":33.0,"key":"Elixir"},{"floor":34.0,"key":"Explosive Potion"},{"floor":35.0,"key":"Languid Potion"},{"floor":42.0,"key":"Toxic Potion"},{"floor":46.0,"key":"Milkshake"}],"is_trial":false,"path_per_floor":["M","?","M","?","M","R","E","$","T","E","M","M","R","T","R_BF","B",null,"M","M","?","M","M","R","E","R","T","M","E","M","?","E","R","B",null,"M","M","?","M","AVR","E","R","E","T","$","?","M","M","E","R_BF","B",null],"character_chosen":"THE_VACANT","items_purchased":["ReplayTheSpireMod:Lightbulb","hubris:EmptyBottle","Chameleon Ring","theVacant:Anguish","MealTicket","Meat on the Bone","Regal Pillow","theVacant:Threat","HandDrill","theVacant:Expand","Medical Kit","theVacant:OnSecondThought","theVacant:ShutAway","theVacant:Barrage","ReplayTheSpireMod:Brewmster","ReplayTheSpireMod:Ninjato","Orrery"],"campfire_rested":0,"item_purchase_floors":[0,0,0,0,0,0,0,0,0,8,8,8,44,44,44,44,44],"current_hp_per_floor":[36,36,43,43,49,49,49,64,64,63,65,56,56,56,56,54,75,79,79,79,79,83,83,85,85,85,86,84,86,86,86,86,60,92,94,96,96,83,95,101,101,105,105,120,120,121,126,126,126,126],"gold":500,"neow_bonus":"","is_daily":false,"chose_seed":false,"campfire_upgraded":5,"win_rate":0.0,"timestamp":1614379107,"path_taken":["M","?","?","?","M","R","E","?","T","E","M","M","R","?","R_BF","BOSS","M","M","?","M","M","R","E","R","T","M","E","M","?","E","R","BOSS","M","M","?","M","AVR","E","R","E","T","$","?","M","M","E","R_BF","BOSS"],"items_purchased_type":["Relic","Relic","Relic","Card","Relic","Relic","Relic","Card","Relic","Card","Relic","Card","Card","Card","Card","Relic","Relic"],"build_version":"2020-12-22","purchased_purges":1,"victory":true,"max_hp_per_floor":[80,80,80,80,80,80,80,80,80,80,80,80,80,80,80,82,82,84,84,84,86,88,88,88,88,88,90,92,92,92,94,94,96,101,101,103,103,103,115,122,122,124,124,124,124,126,126,126,126,126],"card_choices":[{"not_picked":["theVacant:Expand","theVacant:OnSecondThought"],"picked":"theVacant:Dig","floor":1.0},{"not_picked":["theVacant:SurpriseAttack","theVacant:FranticBlow"],"picked":"theVacant:EyePoke","floor":3.0},{"not_picked":["theVacant:FranticBlow","theVacant:CleanseSoul"],"picked":"theVacant:PitOfDespair","floor":5.0},{"not_picked":["theVacant:HolyWater","theVacant:GraveDigger"],"picked":"theVacant:Gloom","floor":7.0},{"not_picked":["theVacant:Dig","theVacant:GraveDigger"],"picked":"theVacant:Jab","floor":10.0},{"not_picked":["theVacant:VoidEmbrace","theVacant:ShriekingBlast"],"picked":"theVacant:Spinshield","floor":11.0},{"not_picked":["theVacant:Whip","theVacant:TheAnvil"],"picked":"theVacant:Anguish","floor":12.0},{"not_picked":["theVacant:TheAnvil","theVacant:DarkStrike"],"picked":"theVacant:Prevent","floor":16.0},{"not_picked":["theVacant:Enrage","theVacant:Dig"],"picked":"theVacant:Jab","floor":18.0},{"not_picked":["theVacant:IntoTheAbyss","theVacant:Cower"],"picked":"theVacant:Soothe+1","floor":19.0},{"not_picked":["theVacant:Fling","theVacant:IntoTheAbyss","theVacant:Whip"],"picked":"SKIP","floor":21.0},{"not_picked":["theVacant:HolyWater","theVacant:OnSecondThought"],"picked":"theVacant:Soothe+1","floor":22.0},{"not_picked":["theVacant:Cower","theVacant:GraveDigger"],"picked":"theVacant:PitOfDespair","floor":24.0},{"not_picked":["theVacant:Spinshield","theVacant:Cower+1"],"picked":"theVacant:OnSecondThought+1","floor":27.0},{"not_picked":["theVacant:BellToll+1","theVacant:Showdown"],"picked":"theVacant:ShriekingBlast","floor":28.0},{"not_picked":["theVacant:Jab+1","theVacant:IntoTheAbyss"],"picked":"theVacant:Dig+1","floor":29.0},{"not_picked":["theVacant:Throttle","theVacant:Thoughtseize"],"picked":"theVacant:Voidstone","floor":31.0},{"not_picked":["theVacant:FiendFrost","theVacant:TimeSkip"],"picked":"theVacant:Voidstone","floor":33.0},{"not_picked":["theVacant:Dig+1","theVacant:EyePoke"],"picked":"theVacant:ShutAway","floor":34.0},{"not_picked":["theVacant:HolyWater","theVacant:Soothe"],"picked":"theVacant:Spinshield+1","floor":35.0},{"not_picked":["theVacant:GraveDigger","theVacant:FranticBlow+1"],"picked":"theVacant:OnSecondThought+1","floor":36.0},{"not_picked":["theVacant:ShriekingBlast","theVacant:GraveDigger+1"],"picked":"theVacant:Barrage+1","floor":38.0},{"not_picked":["theVacant:Whip+1","theVacant:MindBreak"],"picked":"theVacant:TwistFate+1","floor":40.0},{"not_picked":["theVacant:Gloom+1","theVacant:Soothe+1"],"picked":"theVacant:Recover+1","floor":42.0},{"not_picked":["theVacant:OnSecondThought","theVacant:CursedBlast"],"picked":"theVacant:Expand","floor":44.0},{"not_picked":["theVacant:Cower","theVacant:Return+1"],"picked":"theVacant:Yeet","floor":44.0},{"not_picked":["theVacant:BattleScars","theVacant:Enrage"],"picked":"theVacant:DeathSpiral","floor":44.0},{"not_picked":["theVacant:Whip+1","theVacant:Thoughtseize"],"picked":"theVacant:Gloom+1","floor":44.0},{"not_picked":["theVacant:MindBreak","theVacant:VoidEmbrace"],"picked":"theVacant:GraveWave+1","floor":44.0},{"not_picked":["theVacant:IntoTheAbyss","theVacant:TwistFate+1"],"picked":"theVacant:SpiritOrb+1","floor":46.0},{"not_picked":["theVacant:BattleScars+1","theVacant:Snowball"],"picked":"theVacant:Expand+1","floor":47.0},{"not_picked":["theVacant:Thoughtseize","theVacant:PitOfDespair"],"picked":"theVacant:Yeet+1","floor":48.0}],"player_experience":2026488,"relics_obtained":[{"floor":7.0,"key":"CeramicFish"},{"floor":9.0,"key":"Blood Vial"},{"floor":10.0,"key":"Replay:Towering Pillar of Hats"},{"floor":14.0,"key":"infinitespire:ShieldingShard"},{"floor":24.0,"key":"War Paint"},{"floor":26.0,"key":"Sundial"},{"floor":28.0,"key":"infinitespire:Midas Blood"},{"floor":31.0,"key":"TungstenRod"},{"floor":37.0,"key":"ReplayTheSpireMod:Ring of Collecting"},{"floor":39.0,"key":"Pet Ghost"},{"floor":39.0,"key":"bronze:DecasWashers"},{"floor":39.0,"key":"Durian"},{"floor":40.0,"key":"Strawberry"},{"floor":42.0,"key":"Mirror"},{"floor":43.0,"key":"Ring of Peace"},{"floor":43.0,"key":"Vajra"},{"floor":48.0,"key":"Nunchaku"},{"floor":49.0,"key":"ReplayTheSpireMod:TigerMarble"}],"event_choices":[{"damage_healed":0.0,"max_hp_gain":0.0,"max_hp_loss":0.0,"gold_gain":100.0,"event_name":"Golden Shrine","player_choice":"Pray","floor":2.0,"gold_loss":0.0,"damage_taken":0.0},{"damage_healed":0.0,"max_hp_gain":0.0,"max_hp_loss":0.0,"gold_gain":0.0,"event_name":"WeMeetAgain","player_choice":"Paid Gold","floor":20.0,"gold_loss":69.0,"damage_taken":0.0,"relics_obtained":["Replay:Bottled Flurry"]},{"damage_healed":0.0,"max_hp_gain":0.0,"max_hp_loss":0.0,"gold_gain":100.0,"event_name":"Golden Shrine","player_choice":"Pray","floor":30.0,"gold_loss":0.0,"damage_taken":0.0},{"damage_healed":0.0,"max_hp_gain":0.0,"max_hp_loss":0.0,"gold_gain":0.0,"event_name":"Accursed Blacksmith","player_choice":"Rummage","floor":45.0,"gold_loss":0.0,"damage_taken":0.0,"relics_obtained":["WarpedTongs"],"cards_obtained":["Pain"]}],"is_beta":false,"boss_relics":[{"not_picked":["hubris:VirtuousBlindfold","hubris:GrandSneckoEye"],"picked":"hubris:Backtick"},{"not_picked":["Philosopher\u0027s Stone","Snecko Eye"],"picked":"Tiny House"}],"items_purged_floors":[39],"is_endless":false,"potions_floor_spawned":[5,7,11,18,19,24,28,33,35,36,42,46],"ascension_level":6}}