{"host":"0azimyi6n3ugndj4","time":1614300987,"event":{"mods":["2.2 Compatiblity","BaseMod","Bestiary","Conspire","Curses Come First","Defuse TimeMaze Blight","Hermit","Hubris","Hyrulean Relics","Infinite Spire","Keyboard Shortcuts","Library of Ruina","Library of Ruina Extra","Minty Spire (QoL Compilation)","Relic Filter Mod","Relic Stats","Reliquary","Replay The Spire","StSLib","SuperFastMode","The Cursed","The Hierophant","Uncapped","¡¼?Úª?ø«¡½REMEMod"],"gold_per_floor":[156,156,183,234,309,309,354,414,414,495,495,495,576,636,636,867,867,909,969,1169,1202,1202,1295,1295,1295,1295,802,844,527,208,360,360,630,630,708,708,753,753],"floor_reached":37,"language":"ENG","playtime":1306,"items_purged":[],"score":1105,"play_id":"4400794f-e73a-4d64-a1fb-19915a4b73eb","local_time":"20210226095627","daily_mods":["Draft","Hoarder","Insanity","Chimera","Specialized","Vintage","ControlledChaos","Allstar","Diverse","Colorless Cards","Heirloom","Time Dilation","Flight","Elite Swarm","Lethality","Midas","Binary"],"is_ascension_mode":true,"campfire_choices":[{"floor":6,"key":"REST"},{"floor":15,"key":"REST"},{"floor":32,"key":"REST"}],"circlet_count":0,"master_deck":["Demon Form","Wraith Form v2","Echo Form","DevaForm","AscendersBane","Bash","Survivor","Zap","Strike_R","Strike_G","Strike_B+1","Defend_R","Defend_G","Defend_P","hierophant:Prophecy","Madness","hierophant:RepressedViolence","hermit:ItchyTrigger","Wild Strike","Shrug It Off","FlyingSleeves","Outburst","FollowUp+1","Iron Wave","hierophant:MorningPrayer","Anger","StructuralAnalysis","Setup","TheCursedMod:CircleOfFlame","hermit:Dive","TheCursedMod:CursedBlade","BiAn","SunsetBlade","Streamline","Thunderclap","hermit:Ricochet","TheCursedMod:SurpriseAttack","FervidEmotions","hierophant:OrnateBuckler","FTL","Steam","SturdyDefense","Cold Snap","Evaluate","Setup","Leg Sweep","BackstreetsDash","REME_SelfUpgrade","Standoff","Cloak And Dagger","hubris:SlightOfHand","hermit:GoldenBullet","BattleCommand","Survey Options","Flying Knee","hermit:Misfire","TheCursedMod:FleshFromBone","Dagger Spray","hierophant:Encroach","SilentMist","EnergyCycle","FlyingSword","REME_Whirling","WreathOfFlame","FlashingStrike","FlashingStrike+1","FlashingStrike","FlashingStrike","FlashingStrike","FlashingStrike","FlashingStrike","FlashingStrike","FlashingStrike","FlashingStrike","FlashingStrike","FlashingStrike","FlashingStrike","FlashingStrike","FlashingStrike","Heatsinks","Heatsinks","Heatsinks","Clash","Clash","Clash","hermit:TrackingShot","hermit:TrackingShot","hermit:TrackingShot","TheCursedMod:HellfireBreathing","TheCursedMod:HellfireBreathing","TheCursedMod:HellfireBreathing","Armaments","Armaments","Armaments","Replay:Sssssssssstrike","Replay:Sssssssssstrike","Replay:Sssssssssstrike","StrikeDown","StrikeDown","StrikeDown","Protect","Protect","Protect","hermit:TrackingShot","hermit:TrackingShot","hermit:TrackingShot","Terror","Terror","Terror","Stack","Stack","Stack","Go for the Eyes","Go for the Eyes","Go for the Eyes","TheCursedMod:Obscuration","TheCursedMod:Obscuration","TheCursedMod:Obscuration","Track","Track","Track","SturdyDefense","SturdyDefense","SturdyDefense","ReplayTheSpireMod:Necrogeddon","ReplayTheSpireMod:Necrogeddon","ReplayTheSpireMod:Necrogeddon","Suppress","Suppress","Suppress"],"relics":["Burning Blood","Frozen Eye","Busted Crown","REME_ComplimentaryCards","infinitespire:Lychee Nut","reliquary:ExpiredCoupon","zeldaRelics:CourageTriforce","Whetstone","Simple Rune","hubris:FruitBowl","hubris:Macrotransations","zeldaRelics:WisdomTriforce","PageOfBloodbath","hubris:GrandSneckoEye","Ancient Tea Set","infinitespire:CheckeredPen","PageOfBigBird","zeldaRelics:PowerPiece","reliquary:Bookmark","hubris:SlimyHat","PageOfTodaysShyLook","reliquary:Knoch","Replay:Baseball","REME_PuzzleBoxRelic","zeldaRelics:Boomerang","ReplayFunnel","conspire:RoyalGoblet"],"acts_visited":["Exordium","TheCity","TheBeyond"],"potions_floor_usage":[16,16,37],"damage_taken":[{"damage":1,"enemies":"Cultist","floor":1,"turns":4},{"damage":5,"enemies":"2 Louse","floor":4,"turns":3},{"damage":0,"enemies":"Small Slimes","floor":7,"turns":1},{"damage":0,"enemies":"Exordium Wildlife","floor":8,"turns":2},{"damage":4,"enemies":"Lagavulin","floor":10,"turns":3},{"damage":14,"enemies":"Gremlin Nob","floor":13,"turns":4},{"damage":0,"enemies":"Lots of Slimes","floor":14,"turns":2},{"damage":32,"enemies":"Fading Forest","floor":16,"turns":13},{"damage":31,"enemies":"Shell Parasite","floor":18,"turns":3},{"damage":0,"enemies":"Spheric Guardian","floor":19,"turns":2},{"damage":22,"enemies":"Snecko","floor":21,"turns":5},{"damage":21,"enemies":"Nightmare","floor":23,"turns":4},{"damage":0,"enemies":"conspire:HollyBat","floor":28,"turns":9},{"damage":4,"enemies":"Slavers","floor":31,"turns":2},{"damage":49,"enemies":"KingOfGreed","floor":33,"turns":7},{"damage":0,"enemies":"3 Darklings","floor":35,"turns":3},{"damage":18,"enemies":"infinitespire:Three Voidlings","floor":37,"turns":3},{"damage":70,"enemies":"Nightmare_Alpha","floor":37,"turns":4}],"seed_played":"7739547404446548522","potions_obtained":[{"floor":1,"key":"Weak Potion"},{"floor":8,"key":"Energy Potion"},{"floor":14,"key":"DistilledChaos"},{"floor":18,"key":"ElixirPotion"},{"floor":19,"key":"BlessingOfTheForge"},{"floor":28,"key":"Death Potion"}],"is_trial":true,"path_per_floor":["M","$","T","M","?","R","M","M","T","E","$","T","E","M","R","B",null,"M","M","?","M","?","NM","?","?","T","$","M","$","$","E","R","B",null,"M","?","?"],"character_chosen":"IRONCLAD","items_purchased":["hubris:FruitBowl","hubris:Macrotransations","reliquary:Bookmark","hubris:SlimyHat","PageOfTodaysShyLook","Replay:Baseball","REME_PuzzleBoxRelic","zeldaRelics:Boomerang","ReplayFunnel"],"campfire_rested":3,"item_purchase_floors":[11,11,27,27,27,29,29,30,30],"current_hp_per_floor":[56,56,56,56,45,56,56,56,56,56,18,18,16,25,41,21,47,27,36,36,26,26,17,17,17,17,17,29,29,29,34,50,13,45,56,56,0,0],"gold":753,"neow_bonus":"","is_daily":false,"chose_seed":false,"campfire_upgraded":0,"win_rate":0.0,"timestamp":1614300987,"path_taken":["M","?","?","M","?","R","?","M","T","E","?","?","E","M","R","BOSS","M","M","?","?","?","NM","?","?","T","?","?","?","$","E","R","BOSS","M","?","?"],"items_purchased_type":["Relic","Relic","Relic","Relic","Relic","Relic","Relic","Relic","Relic"],"build_version":"2020-12-22","purchased_purges":0,"victory":false,"max_hp_per_floor":[56,56,56,56,56,56,56,56,56,56,56,56,56,56,56,56,56,56,56,56,56,56,56,56,56,56,56,56,56,56,56,56,56,56,56,56,56,56],"relic_stats":{"Busted Crown":64,"counters":[18,74],"Whetstone":["FlashingStrike","FollowUp"],"obtain_stats":[{"ReplayFunnel":30,"zeldaRelics:Boomerang":30,"conspire:RoyalGoblet":34,"hubris:SlimyHat":27,"Whetstone":4,"Ancient Tea Set":18,"Burning Blood":0,"zeldaRelics:WisdomTriforce":23,"Frozen Eye":0,"hubris:Macrotransations":11,"zeldaRelics:CouragePiece":3,"zeldaRelics:PowerPiece":26,"PageOfTodaysShyLook":27,"zeldaRelics:WisdomPiece":12,"hubris:FruitBowl":11,"PageOfBloodbath":14,"infinitespire:CheckeredPen":19,"zeldaRelics:CourageTriforce":10,"reliquary:Bookmark":27,"reliquary:ExpiredCoupon":1,"Replay:Baseball":29,"Busted Crown":0,"infinitespire:Lychee Nut":0,"Simple Rune":8,"hubris:GrandSneckoEye":17,"PageOfBigBird":21,"reliquary:Knoch":28,"REME_PuzzleBoxRelic":29,"REME_ComplimentaryCards":0},{"ReplayFunnel":13,"zeldaRelics:Boomerang":13,"conspire:RoyalGoblet":15,"hubris:SlimyHat":12,"Whetstone":2,"Ancient Tea Set":9,"Burning Blood":0,"zeldaRelics:WisdomTriforce":12,"Frozen Eye":0,"hubris:Macrotransations":5,"zeldaRelics:CouragePiece":1,"zeldaRelics:PowerPiece":12,"PageOfTodaysShyLook":12,"zeldaRelics:WisdomPiece":5,"hubris:FruitBowl":5,"PageOfBloodbath":7,"infinitespire:CheckeredPen":10,"zeldaRelics:CourageTriforce":5,"reliquary:Bookmark":12,"reliquary:ExpiredCoupon":1,"Replay:Baseball":13,"Busted Crown":0,"infinitespire:Lychee Nut":0,"Simple Rune":4,"hubris:GrandSneckoEye":8,"PageOfBigBird":11,"reliquary:Knoch":13,"REME_PuzzleBoxRelic":13,"REME_ComplimentaryCards":0},{"ReplayFunnel":55,"zeldaRelics:Boomerang":55,"conspire:RoyalGoblet":64,"hubris:SlimyHat":46,"Whetstone":7,"Ancient Tea Set":35,"Burning Blood":0,"zeldaRelics:WisdomTriforce":46,"Frozen Eye":0,"hubris:Macrotransations":13,"zeldaRelics:CouragePiece":4,"zeldaRelics:PowerPiece":46,"PageOfTodaysShyLook":46,"zeldaRelics:WisdomPiece":13,"hubris:FruitBowl":13,"PageOfBloodbath":19,"infinitespire:CheckeredPen":37,"zeldaRelics:CourageTriforce":13,"reliquary:Bookmark":46,"reliquary:ExpiredCoupon":4,"Replay:Baseball":55,"Busted Crown":0,"infinitespire:Lychee Nut":0,"Simple Rune":10,"hubris:GrandSneckoEye":32,"PageOfBigBird":42,"reliquary:Knoch":55,"REME_PuzzleBoxRelic":55,"REME_ComplimentaryCards":0}],"Burning Blood":80},"card_choices":[{"not_picked":["Loop","Defragment"],"picked":"Heatsinks","floor":0},{"not_picked":["BowlingBash","Pound"],"picked":"Clash","floor":0},{"not_picked":["True Grit","Twin Strike"],"picked":"hermit:TrackingShot","floor":0},{"not_picked":["SilentMist","HandlingWork"],"picked":"TheCursedMod:HellfireBreathing","floor":0},{"not_picked":["Evaluate","WaveOfTheHand"],"picked":"Armaments","floor":0},{"not_picked":["AsThePrescriptOrders","TheArtOfRapidSteps"],"picked":"Replay:Sssssssssstrike","floor":0},{"not_picked":["YoureTooSlow","Gash"],"picked":"StrikeDown","floor":0},{"not_picked":["Deflect","ReplayTheSpireMod:Corrosion Curse"],"picked":"Protect","floor":0},{"not_picked":["Wild Strike","hubris:SlightOfHand"],"picked":"hermit:TrackingShot","floor":0},{"not_picked":["hermit:Coalescence","Blind"],"picked":"Terror","floor":0},{"not_picked":["Undo","ClassAndRespect"],"picked":"Stack","floor":0},{"not_picked":["Loop","Wild Strike"],"picked":"Go for the Eyes","floor":0},{"not_picked":["TendonChords","Hidden Blade"],"picked":"TheCursedMod:Obscuration","floor":0},{"not_picked":["REME_TwoStrings","Headbutt"],"picked":"Track","floor":0},{"not_picked":["Slice","hierophant:ThreeLashes"],"picked":"SturdyDefense","floor":0},{"not_picked":[],"picked":"Suppress","floor":13}],"player_experience":1577289,"relics_obtained":[{"floor":1,"key":"reliquary:ExpiredCoupon"},{"floor":3,"key":"zeldaRelics:CouragePiece"},{"floor":4,"key":"Whetstone"},{"floor":8,"key":"Simple Rune"},{"floor":9,"key":"zeldaRelics:CouragePiece"},{"floor":10,"key":"zeldaRelics:CouragePiece"},{"floor":12,"key":"zeldaRelics:WisdomPiece"},{"floor":13,"key":"zeldaRelics:WisdomPiece"},{"floor":14,"key":"PageOfBloodbath"},{"floor":18,"key":"Ancient Tea Set"},{"floor":19,"key":"infinitespire:CheckeredPen"},{"floor":21,"key":"PageOfBigBird"},{"floor":23,"key":"zeldaRelics:WisdomPiece"},{"floor":26,"key":"zeldaRelics:PowerPiece"},{"floor":28,"key":"reliquary:Knoch"},{"floor":31,"key":"zeldaRelics:PowerPiece"}],"event_choices":[{"damage_healed":0,"gold_gain":75,"player_choice":"Gather Gold","damage_taken":11,"max_hp_gain":0,"max_hp_loss":0,"event_name":"World of Goop","floor":5,"gold_loss":0},{"damage_healed":0,"gold_gain":250,"player_choice":"Bet on Owner","damage_taken":0,"max_hp_gain":0,"max_hp_loss":0,"event_name":"The Joust","floor":20,"gold_loss":50},{"cards_removed":["Eruption"],"damage_healed":0,"gold_gain":0,"player_choice":"Elegance","damage_taken":0,"max_hp_gain":0,"max_hp_loss":0,"event_name":"Back to Basics","floor":22,"gold_loss":0},{"damage_healed":0,"gold_gain":0,"player_choice":"Ignored","damage_taken":0,"max_hp_gain":0,"max_hp_loss":0,"event_name":"Vampires","floor":24,"gold_loss":0},{"damage_healed":0,"gold_gain":0,"player_choice":"Ignored","damage_taken":0,"max_hp_gain":0,"max_hp_loss":0,"event_name":"Cursed Tome","floor":25,"gold_loss":0},{"damage_healed":0,"gold_gain":0,"player_choice":"Ignored","damage_taken":0,"max_hp_gain":0,"max_hp_loss":0,"event_name":"Tomb of Lord Red Mask","floor":36,"gold_loss":0}],"is_beta":false,"boss_relics":[{"not_picked":["Kintsugi","Cursed Key"],"picked":"hubris:GrandSneckoEye"},{"not_picked":["hubris:Backtick","Philosopher\u0027s Stone"],"picked":"conspire:RoyalGoblet"}],"items_purged_floors":[],"is_endless":true,"potions_floor_spawned":[1,8,13,14,18,19,28,31,37],"killed_by":"Nightmare_Alpha","ascension_level":20}}