{"host":"ukua5nayqgp5m5h5","time":1614376925,"event":{"mods":["BaseMod","Minty Spire (QoL Compilation)","Replay The Spire","StSLib","SuperFastMode"],"gold_per_floor":[115,125,200,125,195,195,211,67,67,85,100,118,153,170,170,273,273,289,339,339,351,31,31,43,70,70,85,85,97,97,110,110,214,214,214,261,261,271,20,20,39,56,81,61,61,76,88,99,99,99,99,99,47,82,82,82],"floor_reached":55,"language":"ENG","playtime":993,"items_purged":["Defend_R","Replay:Hysterical Blindness","Strike_R"],"score":570,"play_id":"9c188d95-7d52-4ade-9074-b1f9ddc61170","local_time":"20210226150205","is_ascension_mode":false,"campfire_choices":[{"data":"Uppercut","floor":15,"key":"SMITH"},{"floor":23,"key":"REST"},{"data":"Limit Break","floor":30,"key":"SMITH"},{"data":"Inflame","floor":32,"key":"SMITH"},{"data":"Flex","floor":40,"key":"SMITH"},{"floor":45,"key":"RECALL"},{"data":"Inflame","floor":49,"key":"SMITH"},{"data":"Pummel","floor":52,"key":"SMITH"}],"circlet_count":0,"master_deck":["Strike_R","Strike_R","Defend_R","Bash","Cleave+1","Thunderclap","Cleave+1","Cleave+1","Uppercut+1","Inflame+1","Limit Break+1","Battle Trance","Flex+1","Cleave+1","Flex+1","Heavy Blade+1","Pommel Strike+1","Pummel+1","Parasite","Inflame+1"],"relics":["Burning Blood","Regal Pillow","Lee\u0027s Waffle","Boot","Black Star","ReplayTheSpireMod:CursedCoin","Bag of Marbles","Divine Protection","Ancient Tea Set","Durian","Coffee Dripper","Ice Cream","Replay:Bottled Eggs","Gremlin Food","Toy Ornithopter","Replay:Wax Seal"],"acts_visited":["Exordium","TheCity","TheBeyond","TheEnding"],"potions_floor_usage":[13,16,16,21,27,33,35,47,48,50,54,55],"damage_taken":[{"damage":2,"enemies":"Small Slimes","floor":1,"turns":5},{"damage":0,"enemies":"2 Louse","floor":2,"turns":2},{"damage":6,"enemies":"Jaw Worm","floor":7,"turns":3},{"damage":0,"enemies":"Exordium Wildlife","floor":10,"turns":1},{"damage":0,"enemies":"Lots of Slimes","floor":11,"turns":1},{"damage":14,"enemies":"Exordium Thugs","floor":12,"turns":3},{"damage":14,"enemies":"Gremlin Nob","floor":13,"turns":3},{"damage":6,"enemies":"3 Louse","floor":14,"turns":2},{"damage":38,"enemies":"Hexaghost","floor":16,"turns":6},{"damage":34,"enemies":"2 Thieves","floor":18,"turns":3},{"damage":30,"enemies":"Spheric Guardian","floor":21,"turns":4},{"damage":17,"enemies":"Snecko","floor":24,"turns":4},{"damage":27,"enemies":"Gremlin Leader","floor":25,"turns":5},{"damage":5,"enemies":"Cultist and Chosen","floor":27,"turns":3},{"damage":3,"enemies":"3 Cultists","floor":29,"turns":3},{"damage":9,"enemies":"Centurion and Healer","floor":31,"turns":2},{"damage":12,"enemies":"Champ","floor":33,"turns":7},{"damage":0,"enemies":"3 Shapes","floor":35,"turns":1},{"damage":52,"enemies":"2 Orb Walkers","floor":36,"turns":4},{"damage":0,"enemies":"3 Darklings","floor":38,"turns":3},{"damage":19,"enemies":"Writhing Mass","floor":41,"turns":3},{"damage":4,"enemies":"Maw","floor":42,"turns":4},{"damage":0,"enemies":"Transient","floor":46,"turns":5},{"damage":12,"enemies":"4 Shapes","floor":47,"turns":2},{"damage":0,"enemies":"Writhing Mass","floor":48,"turns":2},{"damage":31,"enemies":"Replay:Hell Engine","floor":50,"turns":5},{"damage":34,"enemies":"Shield and Spear","floor":54,"turns":4},{"damage":94,"enemies":"The Heart","floor":55,"turns":3}],"seed_played":"4042150403232810636","potions_obtained":[{"floor":5,"key":"SmokeBomb"},{"floor":5,"key":"GamblersBrew"},{"floor":7,"key":"SkillPotion"},{"floor":10,"key":"Toxic Potion"},{"floor":12,"key":"LiquidMemories"},{"floor":14,"key":"BlessingOfTheForge"},{"floor":16,"key":"BlessingOfTheForge"},{"floor":18,"key":"AttackPotion"},{"floor":21,"key":"DuplicationPotion"},{"floor":31,"key":"Weak Potion"},{"floor":38,"key":"Fire Potion"},{"floor":41,"key":"Elixir"},{"floor":42,"key":"BloodPotion"},{"floor":47,"key":"DuplicationPotion"}],"is_trial":false,"path_per_floor":["M","M","?","$","?","?","M","$","T","M","M","M","E","M","R","B",null,"M","$","?","M","$","R","M","E","T","M","$","M","R","M","R","B",null,"M","?","?","M","$","R","M","M","T","?","R","M","M","M","R","B",null,"R","$","E","B"],"character_chosen":"IRONCLAD","items_purchased":["Lee\u0027s Waffle","ReplayTheSpireMod:CursedCoin","Bag of Marbles","Flex","Replay:Bottled Eggs","Adrenaline Potion"],"campfire_rested":1,"item_purchase_floors":[8,19,22,22,39,53],"current_hp_per_floor":[60,66,55,55,35,35,35,87,87,87,87,79,71,71,71,39,87,59,59,59,35,35,76,65,44,49,50,50,53,53,50,50,44,92,92,46,46,52,52,52,39,41,41,41,41,47,41,65,65,40,92,92,92,64,0,0],"gold":82,"neow_bonus":"REMOVE_TWO","is_daily":false,"chose_seed":false,"campfire_upgraded":6,"win_rate":0.0,"timestamp":1614376925,"path_taken":["M","M","?","$","?","?","?","?","T","M","M","M","E","M","R","BOSS","M","$","?","M","?","R","M","E","T","M","$","?","R","M","R","BOSS","M","?","?","?","?","R","M","M","T","?","R","M","M","M","R","BOSS","R","$","E","BOSS"],"items_purchased_type":["Relic","Relic","Relic","Card","Relic","Potion"],"build_version":"2020-12-22","purchased_purges":3,"victory":false,"max_hp_per_floor":[80,80,80,80,80,80,80,87,87,87,87,87,87,87,87,87,87,87,87,87,87,87,87,87,87,92,92,92,92,92,92,92,92,92,92,92,92,92,92,92,92,92,92,92,92,92,92,92,92,92,92,92,92,92,92,92],"card_choices":[{"not_picked":["Thunderclap","Shrug It Off"],"picked":"Cleave","floor":1},{"not_picked":["Armaments","Havoc"],"picked":"Thunderclap","floor":2},{"not_picked":["ReplayTheSpireMod:Limb From Limb","Sentinel"],"picked":"Cleave","floor":5},{"not_picked":["Clothesline","Ghostly Armor"],"picked":"Cleave","floor":7},{"not_picked":["Fire Breathing","Massacre"],"picked":"Uppercut","floor":10},{"not_picked":["Pommel Strike","Juggernaut","ReplayTheSpireMod:Limb From Limb"],"picked":"SKIP","floor":11},{"not_picked":["Defy Death","Clash","Seeing Red"],"picked":"SKIP","floor":12},{"not_picked":["Abandon","Perfected Strike","Rupture"],"picked":"SKIP","floor":13},{"not_picked":["Iron Wave","Clash"],"picked":"Inflame","floor":14},{"not_picked":["Berserk","Bludgeon"],"picked":"Limit Break","floor":16},{"not_picked":["Seeing Red+1","Shrug It Off","Anger"],"picked":"SKIP","floor":18},{"not_picked":["Warcry","ReplayTheSpireMod:Limb From Limb","Havoc+1"],"picked":"SKIP","floor":21},{"not_picked":["Entrench","Clothesline+1"],"picked":"Cleave","floor":24},{"not_picked":["ReplayTheSpireMod:LeadingStrike","Sentinel","Barricade"],"picked":"SKIP","floor":25},{"not_picked":["Metallicize","Reckless Charge","Iron Wave"],"picked":"SKIP","floor":27},{"not_picked":["ReplayTheSpireMod:Limb From Limb+1","Armaments+1"],"picked":"Flex+1","floor":29},{"not_picked":["Clash","Heavy Blade","Flex"],"picked":"SKIP","floor":31},{"not_picked":["Warcry+1","Twin Strike"],"picked":"Heavy Blade+1","floor":38},{"not_picked":["Thunderclap+1","Eclipse","Heavy Blade"],"picked":"SKIP","floor":41},{"not_picked":["Run Through","Cleave"],"picked":"Pommel Strike+1","floor":42},{"not_picked":["Twin Strike","Bloodletting","Evolve"],"picked":"SKIP","floor":46},{"not_picked":["Second Wind","Run Through+1"],"picked":"Pummel","floor":47},{"not_picked":["Thunderclap+1","Uppercut+1"],"picked":"Inflame","floor":48},{"not_picked":["Eclipse","Warcry","Power Through+1"],"picked":"SKIP","floor":54}],"player_experience":946048,"relics_obtained":[{"floor":5,"key":"Regal Pillow"},{"floor":13,"key":"Boot"},{"floor":25,"key":"Divine Protection"},{"floor":25,"key":"Ancient Tea Set"},{"floor":26,"key":"Durian"},{"floor":36,"key":"Ice Cream"},{"floor":43,"key":"Gremlin Food"},{"floor":54,"key":"Toy Ornithopter"},{"floor":54,"key":"Replay:Wax Seal"}],"event_choices":[{"damage_healed":0,"gold_gain":75,"player_choice":"Gather Gold","damage_taken":11,"max_hp_gain":0,"max_hp_loss":0,"event_name":"World of Goop","floor":3,"gold_loss":0},{"damage_healed":0,"gold_gain":0,"cards_transformed":["Strike_R"],"player_choice":"Transformed","damage_taken":0,"max_hp_gain":0,"max_hp_loss":0,"event_name":"Transmorgrifier","floor":20,"gold_loss":0,"cards_obtained":["Battle Trance"]},{"damage_healed":0,"gold_gain":0,"player_choice":"Fight","damage_taken":0,"max_hp_gain":0,"max_hp_loss":0,"event_name":"Mysterious Sphere","floor":36,"gold_loss":0},{"damage_healed":0,"gold_gain":0,"player_choice":"Ignored","damage_taken":0,"max_hp_gain":0,"max_hp_loss":0,"event_name":"NoteForYourself","floor":37,"gold_loss":0},{"damage_healed":0,"gold_gain":0,"player_choice":"Bought 1 Potion","damage_taken":0,"max_hp_gain":0,"max_hp_loss":0,"event_name":"The Woman in Blue","floor":44,"gold_loss":0}],"is_beta":false,"boss_relics":[{"not_picked":["SlaversCollar","ChewingGum"],"picked":"Black Star"},{"not_picked":["Velvet Choker","SacredBark"],"picked":"Coffee Dripper"}],"items_purged_floors":[4,19,22],"is_endless":false,"potions_floor_spawned":[7,10,12,14,16,18,21,25,31,38,41,42,47],"killed_by":"The Heart","ascension_level":0}}