{"host":"92wx9z21c4p52du4","time":1614305503,"event":{"mods":["Act Like it!","BaseMod","ChefMod","Downfall","Evolution","GungeonMod","Infinite Spire","Minty Spire (QoL Compilation)","Relic Stats","Reliquary","Replay The Spire","StSLib","SuperFastMode","The Hierophant","The Runesmith"],"gold_per_floor":[109,109,121,121,121,147,147,147,147],"floor_reached":8,"language":"ENG","playtime":180,"items_purged":[],"score":59,"play_id":"a4b1722c-8495-49c9-b3f9-8e7727a4ac27","local_time":"20210225201143","is_ascension_mode":true,"campfire_choices":[{"data":"Eruption","floor":7,"key":"SMITH"}],"circlet_count":0,"master_deck":["Strike_P","Strike_P","Strike_P","Strike_P","Defend_P","Defend_P","Defend_P","Defend_P","Eruption+1","Vigilance","m_Survivalism","Strike_R","WindmillStrike","infinitespire:Execution","PathToVictory","Regret"],"relics":["bronze:BronzeCore","EVO:Axolotl","Du-Vu Doll","infinitespire:Cubic Diamond","infinitespire:Satchel","Onion Ring"],"acts_visited":["Exordium"],"potions_floor_usage":[6],"damage_taken":[{"damage":7,"enemies":"2 Louse","floor":1,"turns":2},{"damage":0,"enemies":"Small Slimes","floor":3,"turns":3},{"damage":28,"enemies":"Gremlin Nob","floor":6,"turns":3},{"damage":26,"enemies":"3 Sentries","floor":8,"turns":2}],"seed_played":"-4368248692447108003","potions_obtained":[{"floor":3,"key":"Energy Potion"}],"is_trial":false,"path_per_floor":["M","?","M","?","?","E","R","E"],"character_chosen":"WATCHER","items_purchased":[],"campfire_rested":0,"item_purchase_floors":[],"current_hp_per_floor":[65,47,47,47,47,19,19,0,0],"gold":147,"neow_bonus":"ONE_RARE_RELIC","is_daily":false,"chose_seed":false,"campfire_upgraded":1,"win_rate":0.0,"timestamp":1614305503,"path_taken":["M","?","M","?","?","E","R","E"],"items_purchased_type":[],"build_version":"2020-12-22","purchased_purges":0,"victory":false,"max_hp_per_floor":[72,72,72,72,72,72,72,72,72],"relic_stats":{"counters":[4,10],"obtain_stats":[{"Du-Vu Doll":0,"bronze:BronzeCore":4,"infinitespire:Satchel":5,"Onion Ring":6,"infinitespire:Cubic Diamond":4,"EVO:Axolotl":0,"PureWater":0},{"Du-Vu Doll":0,"bronze:BronzeCore":2,"infinitespire:Satchel":2,"Onion Ring":3,"infinitespire:Cubic Diamond":2,"EVO:Axolotl":0,"PureWater":0},{"Du-Vu Doll":0,"bronze:BronzeCore":5,"infinitespire:Satchel":5,"Onion Ring":8,"infinitespire:Cubic Diamond":5,"EVO:Axolotl":0,"PureWater":0}]},"card_choices":[{"not_picked":["Prostrate","Crescendo"],"picked":"WindmillStrike","floor":1},{"not_picked":["infinitespire:Punishment","infinitespire:FinalStrike"],"picked":"infinitespire:Execution","floor":2},{"not_picked":["Fasting2","Protect"],"picked":"PathToVictory","floor":3},{"not_picked":["SandsOfTime","Evaluate","SashWhip"],"picked":"SKIP","floor":6}],"player_experience":376323,"relics_obtained":[{"floor":6,"key":"Onion Ring"}],"event_choices":[{"damage_healed":0,"gold_gain":0,"player_choice":"Box","damage_taken":0,"relics_obtained":["infinitespire:Satchel"],"max_hp_gain":0,"max_hp_loss":0,"event_name":"Big Fish","floor":5,"gold_loss":0,"cards_obtained":["Regret"]}],"is_beta":false,"boss_relics":[],"items_purged_floors":[],"is_endless":false,"potions_floor_spawned":[3],"killed_by":"3 Sentries","ascension_level":2}}