{"host":"7jbuhzz8yy5cuou7","time":1614298040,"event":{"mods":["AchievementEnabler","Act Like it!","BaseMod","Better Third Choice","Bossed Relics","Colored Map","Colored Powertips","Dark Map","DeckTracker","Minty Spire (QoL Compilation)","Permanent Neow","Quick Restart","Ruina","StSLib","The Cursed","The Hierophant","Weighted Paths"],"gold_per_floor":[115,115,134,59,72,72,100,100,151,151,151,166,177,206,206,303,303,320,245,245,255,255,255,286,286,312,312,412,48,80,92,92,194,194,212,212,37,37,37],"floor_reached":38,"language":"ENG","playtime":1805,"items_purged":["Strike_G","Strike_G"],"score":532,"play_id":"4740e0b3-8dbe-4baa-b315-593db3fcc39d","local_time":"20210225170720","is_ascension_mode":true,"campfire_choices":[{"data":"Corpse Explosion","floor":6,"key":"SMITH"},{"data":"Crippling Poison","floor":8,"key":"SMITH"},{"floor":11,"key":"REST"},{"data":"Dodge and Roll","floor":15,"key":"SMITH"},{"data":"Burst","floor":23,"key":"SMITH"},{"floor":25,"key":"RECALL"},{"floor":27,"key":"REST"},{"floor":32,"key":"REST"}],"circlet_count":0,"master_deck":["Strike_G","Defend_G","Defend_G","Defend_G","Defend_G","Defend_G","Survivor","Neutralize","Writhe","Corpse Explosion+1","Crippling Poison+1","Finesse","Backflip","Backflip","Deflect","Dodge and Roll+1","Burst+1","Injury","Footwork","Enlightenment","Noxious Fumes+1","Panache"],"relics":["Ring of the Snake","Oddly Smooth Stone","PreservedInsect","Cursed Key","Blue Candle","Smiling Mask","Pocketwatch","InkBottle","MealTicket","Sundial","Sozu"],"acts_visited":["Exordium","TheCity","TheBeyond"],"potions_floor_usage":[10,14,24,24,24,33,33,33],"damage_taken":[{"damage":11,"enemies":"Jaw Worm","floor":1,"turns":4},{"damage":0,"enemies":"Cultist","floor":3,"turns":4},{"damage":2,"enemies":"2 Louse","floor":5,"turns":2},{"damage":25,"enemies":"Lagavulin","floor":7,"turns":7},{"damage":1,"enemies":"Red Slaver","floor":12,"turns":4},{"damage":15,"enemies":"Large Slime","floor":13,"turns":5},{"damage":2,"enemies":"3 Sentries","floor":14,"turns":4},{"damage":23,"enemies":"Hexaghost","floor":16,"turns":13},{"damage":0,"enemies":"Spheric Guardian","floor":18,"turns":3},{"damage":2,"enemies":"Shell Parasite","floor":21,"turns":7},{"damage":26,"enemies":"Gremlin Leader","floor":24,"turns":10},{"damage":2,"enemies":"Colosseum Slavers","floor":28,"turns":4},{"damage":22,"enemies":"Colosseum Nobs","floor":28,"turns":4},{"damage":15,"enemies":"Slavers","floor":30,"turns":3},{"damage":2,"enemies":"Shelled Parasite and Fungi","floor":31,"turns":5},{"damage":13,"enemies":"Champ","floor":33,"turns":13},{"damage":2,"enemies":"Orb Walker","floor":35,"turns":5},{"damage":0,"enemies":"2 Orb Walkers","floor":38,"turns":1}],"seed_played":"-5501948645070217046","potions_obtained":[{"floor":1,"key":"Block Potion"},{"floor":10,"key":"Fruit Juice"},{"floor":10,"key":"DistilledChaos"},{"floor":10,"key":"SneckoOil"},{"floor":14,"key":"DuplicationPotion"},{"floor":24,"key":"SpeedPotion"},{"floor":28,"key":"Swift Potion"},{"floor":31,"key":"Weak Potion"}],"is_trial":false,"path_per_floor":["M","?","M","$","M","R","E","R","T","?","R","M","M","E","R","B",null,"M","?","?","M","?","R","E","R","T","R","?","$","E","M","R","B",null,"M","?","$","?"],"character_chosen":"THE_SILENT","items_purchased":["Footwork","MealTicket","Enlightenment","Panache"],"campfire_rested":3,"item_purchase_floors":[29,29,29,37],"current_hp_per_floor":[59,59,59,59,57,57,32,32,32,37,59,58,43,41,41,18,75,75,75,61,59,59,59,33,33,33,57,33,33,18,16,40,27,80,78,78,80,80,80],"gold":37,"neow_bonus":"THREE_RARE_CARDS","is_daily":false,"chose_seed":false,"campfire_upgraded":4,"win_rate":0.0,"timestamp":1614298040,"path_taken":["M","?","M","$","?","R","E","R","T","?","R","M","M","E","R","BOSS","M","?","?","M","?","R","E","R","T","R","?","$","E","?","R","BOSS","M","?","$","?"],"items_purchased_type":["Card","Relic","Card","Card"],"build_version":"2020-12-22","purchased_purges":2,"victory":false,"max_hp_per_floor":[70,70,70,70,70,70,70,70,70,75,75,75,75,75,75,75,75,75,75,80,80,80,80,80,80,80,80,80,80,80,80,80,80,80,80,80,80,80,80],"card_choices":[{"not_picked":["Glass Knife","Envenom"],"picked":"Corpse Explosion","floor":0},{"not_picked":["Endless Agony","Dagger Throw"],"picked":"Crippling Poison","floor":1},{"not_picked":["Deflect","Poisoned Stab"],"picked":"Backflip","floor":3},{"not_picked":["Backstab","Outmaneuver","Sucker Punch"],"picked":"SKIP","floor":5},{"not_picked":["Glass Knife","Envenom"],"picked":"Backflip","floor":7},{"not_picked":["Sucker Punch","Leg Sweep"],"picked":"Deflect","floor":12},{"not_picked":["Acrobatics","Infinite Blades","Underhanded Strike"],"picked":"SKIP","floor":13},{"not_picked":["Flying Knee","Eviscerate"],"picked":"Dodge and Roll","floor":14},{"not_picked":["Glass Knife","Storm of Steel"],"picked":"Burst","floor":16},{"not_picked":["Distraction","Quick Slash","Riddle With Holes"],"picked":"SKIP","floor":18},{"not_picked":["Dagger Throw","Blade Dance+1","Cloak And Dagger+1"],"picked":"SKIP","floor":21},{"not_picked":["Deadly Poison","Bouncing Flask","Deflect"],"picked":"SKIP","floor":24},{"not_picked":["Poisoned Stab+1","Wraith Form v2"],"picked":"Noxious Fumes+1","floor":30},{"not_picked":["Backflip+1","Blade Dance","Terror"],"picked":"SKIP","floor":31},{"not_picked":["Infinite Blades","Slice","Prepared"],"picked":"SKIP","floor":35}],"player_experience":444960,"relics_obtained":[{"floor":7,"key":"Oddly Smooth Stone"},{"floor":14,"key":"PreservedInsect"},{"floor":24,"key":"Blue Candle"},{"floor":26,"key":"Smiling Mask"},{"floor":28,"key":"Pocketwatch"},{"floor":28,"key":"InkBottle"},{"floor":30,"key":"Sundial"}],"event_choices":[{"damage_healed":0,"gold_gain":0,"player_choice":"1 cards matched","damage_taken":0,"max_hp_gain":0,"max_hp_loss":0,"event_name":"Match and Keep!","floor":2,"gold_loss":0,"cards_obtained":["Finesse"]},{"damage_healed":0,"gold_gain":0,"player_choice":"Got Potions","damage_taken":0,"max_hp_gain":0,"max_hp_loss":0,"event_name":"Lab","floor":10,"gold_loss":0},{"cards_removed":["Strike_G"],"damage_healed":0,"gold_gain":0,"player_choice":"Gave Gold","damage_taken":0,"max_hp_gain":0,"max_hp_loss":0,"event_name":"Beggar","floor":19,"gold_loss":75},{"damage_healed":0,"gold_gain":0,"player_choice":"Shed Blood","damage_taken":19,"max_hp_gain":5,"max_hp_loss":0,"event_name":"Forgotten Altar","floor":20,"gold_loss":0},{"cards_removed":["Strike_G"],"damage_healed":0,"gold_gain":0,"player_choice":"Elegance","damage_taken":0,"max_hp_gain":0,"max_hp_loss":0,"event_name":"betterThird:BetterWriting","floor":22,"gold_loss":0},{"damage_healed":0,"gold_gain":0,"player_choice":"Fight","damage_taken":0,"max_hp_gain":0,"max_hp_loss":0,"event_name":"Colosseum","floor":28,"gold_loss":0},{"damage_healed":0,"gold_gain":0,"player_choice":"Fought Nobs","damage_taken":0,"max_hp_gain":0,"max_hp_loss":0,"event_name":"Colosseum","floor":28,"gold_loss":0},{"damage_healed":0,"gold_gain":0,"player_choice":"Ignored","damage_taken":0,"max_hp_gain":0,"max_hp_loss":0,"event_name":"Tomb of Lord Red Mask","floor":36,"gold_loss":0},{"damage_healed":0,"gold_gain":0,"player_choice":"Fight","damage_taken":0,"max_hp_gain":0,"max_hp_loss":0,"event_name":"Mysterious Sphere","floor":38,"gold_loss":0}],"is_beta":false,"boss_relics":[{"not_picked":["SacredBark","Empty Cage"],"picked":"Cursed Key"},{"not_picked":["Runic Dome","Velvet Choker"],"picked":"Sozu"}],"items_purged_floors":[4,29],"is_endless":false,"potions_floor_spawned":[1,14,18,21,24,28,31,35],"killed_by":"2 Orb Walkers","ascension_level":4}}