{"host":"qc8p2flj7wsy3zpg","time":1614360098,"event":{"mods":["BaseMod","Highlight Path","Minty Spire (QoL Compilation)","Monster List Patch","Relic Stats","StSLib"],"gold_per_floor":[114,30,44,59,59,94,94,94,94],"floor_reached":8,"language":"ENG","playtime":209,"items_purged":[],"score":112,"play_id":"16885a75-a342-4d4d-9620-258264c42ff1","local_time":"20210226112138","is_ascension_mode":true,"campfire_choices":[{"data":"Bash","floor":7,"key":"SMITH"}],"circlet_count":0,"master_deck":["AscendersBane","Strike_R","Strike_R","Strike_R","Strike_R","Strike_R","Defend_R","Defend_R","Defend_R","Defend_R","Bash+1","Wild Strike","Pommel Strike","Wild Strike","Sever Soul","Spot Weakness"],"relics":["Burning Blood","Frozen Egg 2"],"acts_visited":["Exordium"],"potions_floor_usage":[6,6],"damage_taken":[{"damage":12,"enemies":"Cultist","floor":1,"turns":4},{"damage":12,"enemies":"Small Slimes","floor":3,"turns":4},{"damage":9,"enemies":"Jaw Worm","floor":4,"turns":3},{"damage":35,"enemies":"3 Sentries","floor":6,"turns":8},{"damage":56,"enemies":"Gremlin Nob","floor":8,"turns":4}],"seed_played":"-5771670879820564964","potions_obtained":[{"floor":3,"key":"Ancient Potion"}],"is_trial":false,"path_per_floor":["M","$","M","M","?","E","R","E"],"character_chosen":"IRONCLAD","items_purchased":["Pommel Strike","SteroidPotion"],"campfire_rested":0,"item_purchase_floors":[2,2],"current_hp_per_floor":[69,69,63,60,65,36,36,0,0],"gold":94,"neow_bonus":"TEN_PERCENT_HP_BONUS","is_daily":false,"chose_seed":false,"campfire_upgraded":1,"win_rate":0.0,"timestamp":1614360098,"path_taken":["M","?","M","M","?","E","R","E"],"items_purchased_type":["Card","Potion"],"build_version":"2020-12-22","purchased_purges":0,"victory":false,"max_hp_per_floor":[82,82,82,82,87,87,87,87,87],"relic_stats":{"counters":[5,23],"obtain_stats":[{"Frozen Egg 2":6,"Burning Blood":0},{"Frozen Egg 2":4,"Burning Blood":0},{"Frozen Egg 2":19,"Burning Blood":0}],"Burning Blood":24},"card_choices":[{"not_picked":["Cleave","Anger"],"picked":"Wild Strike","floor":1},{"not_picked":["Infernal Blade","Dual Wield"],"picked":"Wild Strike","floor":3},{"not_picked":["Clash","Twin Strike"],"picked":"Sever Soul","floor":4},{"not_picked":["Pummel","Cleave"],"picked":"Spot Weakness","floor":6}],"player_experience":2438647,"relics_obtained":[{"floor":6,"key":"Frozen Egg 2"}],"event_choices":[{"damage_healed":0,"gold_gain":0,"player_choice":"Donut","damage_taken":0,"max_hp_gain":5,"max_hp_loss":0,"event_name":"Big Fish","floor":5,"gold_loss":0}],"is_beta":false,"boss_relics":[],"items_purged_floors":[],"is_endless":false,"potions_floor_spawned":[3,4],"killed_by":"Gremlin Nob","ascension_level":20}}