{"host":"o88u0awh8mkwl1l8","time":1614311332,"event":{"mods":["BaseMod","Colored Map","Highlight Path","Minty Spire (QoL Compilation)","Relic Sorter"],"gold_per_floor":[362,379,395,262,262,262,300,333,333,348,348,361,380,116,116,211,211],"floor_reached":16,"language":"JPN","playtime":703,"items_purged":["Parasite","Injury"],"score":304,"play_id":"99167e64-1e3f-4ac2-8a68-688f2ed3f54d","local_time":"20210226124852","is_ascension_mode":true,"campfire_choices":[{"data":"Eruption","floor":6.0,"key":"SMITH"},{"data":"LessonLearned","floor":11.0,"key":"SMITH"},{"floor":15.0,"key":"REST"}],"circlet_count":0,"master_deck":["AscendersBane","Strike_P","Strike_P","Strike_P","Strike_P+1","Defend_P","Defend_P","Defend_P+1","Defend_P+1","Eruption+1","Vigilance","CutThroughFate","Wallop","CutThroughFate","EmptyBody","InnerPeace","LessonLearned+1","Evaluate","FlurryOfBlows","FearNoEvil","Adaptation","Indignation"],"relics":["PureWater","Golden Idol","Oddly Smooth Stone","Odd Mushroom","Letter Opener"],"acts_visited":["Exordium"],"potions_floor_usage":[],"damage_taken":[{"damage":4.0,"enemies":"Small Slimes","floor":1.0,"turns":6.0},{"damage":3.0,"enemies":"2 Louse","floor":2.0,"turns":4.0},{"damage":1.0,"enemies":"Cultist","floor":3.0,"turns":4.0},{"damage":16.0,"enemies":"Gremlin Nob","floor":7.0,"turns":3.0},{"damage":10.0,"enemies":"The Mushroom Lair","floor":8.0,"turns":5.0},{"damage":0.0,"enemies":"3 Louse","floor":10.0,"turns":3.0},{"damage":18.0,"enemies":"Large Slime","floor":12.0,"turns":2.0},{"damage":0.0,"enemies":"Looter","floor":13.0,"turns":2.0},{"damage":13.0,"enemies":"The Guardian","floor":16.0,"turns":7.0}],"seed_played":"7855322105859459238","potions_obtained":[{"floor":2.0,"key":"CultistPotion"},{"floor":7.0,"key":"Fire Potion"},{"floor":12.0,"key":"BlessingOfTheForge"},{"floor":16,"key":"Explosive Potion"}],"is_trial":false,"path_per_floor":["M","M","M","$","?","R","E","?","T","M","R","M","M","$","R","B"],"character_chosen":"WATCHER","items_purchased":["EmptyBody","Adaptation","Indignation"],"campfire_rested":1,"item_purchase_floors":[4,14,14],"current_hp_per_floor":[57,54,53,53,53,53,37,27,27,27,27,9,9,9,28,15,15],"gold":211,"neow_bonus":"TWO_FIFTY_GOLD","is_daily":false,"chose_seed":false,"campfire_upgraded":2,"win_rate":0.0,"timestamp":1614311332,"path_taken":["M","M","M","$","?","R","E","?","T","M","R","M","M","$","R","BOSS","BOSS"],"items_purchased_type":["Card","Card","Card"],"build_version":"2020-12-22","purchased_purges":2,"victory":false,"max_hp_per_floor":[68,68,68,65,65,65,65,65,65,65,65,65,65,65,65,65,65],"card_choices":[{"not_picked":["Sanctity","Prostrate"],"picked":"CutThroughFate","floor":1.0},{"not_picked":["Halt","WheelKick"],"picked":"Wallop","floor":2.0},{"not_picked":["Halt","Protect"],"picked":"CutThroughFate","floor":3.0},{"not_picked":["Prostrate","FollowUp"],"picked":"InnerPeace","floor":7.0},{"not_picked":["FollowUp","Tantrum"],"picked":"LessonLearned","floor":8.0},{"not_picked":["Perseverance","PathToVictory"],"picked":"Evaluate","floor":10.0},{"not_picked":["BowlingBash","SandsOfTime"],"picked":"FlurryOfBlows","floor":12.0},{"not_picked":["Wireheading","Wallop"],"picked":"FearNoEvil","floor":13.0}],"player_experience":1359268,"relics_obtained":[{"floor":7.0,"key":"Oddly Smooth Stone"},{"floor":8.0,"key":"Odd Mushroom"},{"floor":9.0,"key":"Letter Opener"}],"event_choices":[{"damage_healed":0.0,"max_hp_gain":0.0,"max_hp_loss":0.0,"gold_gain":0.0,"event_name":"Golden Idol","player_choice":"Take Wound","floor":5.0,"gold_loss":0.0,"damage_taken":0.0,"relics_obtained":["Golden Idol"],"cards_obtained":["Injury"]},{"damage_healed":0.0,"max_hp_gain":0.0,"max_hp_loss":0.0,"gold_gain":0.0,"event_name":"Mushrooms","player_choice":"Fought Mushrooms","floor":8.0,"gold_loss":0.0,"damage_taken":0.0}],"is_beta":false,"boss_relics":[],"items_purged_floors":[4,14],"is_endless":false,"potions_floor_spawned":[2,7,12,16],"killed_by":"The Guardian","ascension_level":20}}