{"host":"v7dcfm09mlh04wa7","time":1614311265,"event":{"mods":["BaseMod","Minty Spire (QoL Compilation)","StSLib"],"gold_per_floor":[115,131,81,81,81,109,109,144,169,188,188,9,24,45,45,153,225,243,243,269,286,286,325,325,343,391,391,470,470,435,452,452,452,452],"floor_reached":33,"language":"ENG","playtime":1794,"items_purged":["Strike_G"],"score":332,"play_id":"5c9f4b9c-46f7-47c1-83c2-09406be58926","local_time":"20210225224745","is_ascension_mode":true,"campfire_choices":[{"floor":7,"key":"REST"},{"data":"Accuracy","floor":11,"key":"SMITH"},{"floor":15,"key":"REST"},{"floor":27,"key":"REST"},{"data":"Storm of Steel","floor":29,"key":"SMITH"},{"floor":32,"key":"REST"}],"circlet_count":0,"master_deck":["Survivor","Neutralize+1","Poisoned Stab","Noxious Fumes","Blade Dance","Accuracy+1","Cloak And Dagger","Adrenaline","Doppelganger","Bullet Time","Dodge and Roll","Dash","Phantasmal Killer","Setup","Phantasmal Killer","Storm of Steel+1","Prepared","Quick Slash","Infinite Blades","Cloak And Dagger+1"],"relics":["Ring of the Snake","Omamori","Happy Flower","CeramicFish","Pandora\u0027s Box","Nloth\u0027s Gift","Bronze Scales","SsserpentHead","Gremlin Horn"],"acts_visited":["Exordium","TheCity"],"potions_floor_usage":[0,1,1,14,23,28,33],"damage_taken":[{"damage":0,"enemies":"Jaw Worm","floor":1,"turns":3},{"damage":4,"enemies":"2 Louse","floor":2,"turns":3},{"damage":31,"enemies":"Gremlin Nob","floor":6,"turns":5},{"damage":30,"enemies":"3 Sentries","floor":8,"turns":8},{"damage":0,"enemies":"Cultist","floor":10,"turns":2},{"damage":0,"enemies":"2 Fungi Beasts","floor":13,"turns":2},{"damage":0,"enemies":"Red Slaver","floor":14,"turns":1},{"damage":14,"enemies":"Hexaghost","floor":16,"turns":8},{"damage":9,"enemies":"2 Thieves","floor":18,"turns":4},{"damage":12,"enemies":"Chosen","floor":20,"turns":5},{"damage":22,"enemies":"Shelled Parasite and Fungi","floor":21,"turns":5},{"damage":0,"enemies":"Book of Stabbing","floor":23,"turns":2},{"damage":20,"enemies":"Snake Plant","floor":25,"turns":3},{"damage":27,"enemies":"Cultist and Chosen","floor":28,"turns":5},{"damage":0,"enemies":"Centurion and Healer","floor":31,"turns":3},{"damage":66,"enemies":"Champ","floor":33,"turns":6}],"seed_played":"-7155796811757627589","potions_obtained":[{"floor":0,"key":"Explosive Potion"},{"floor":0,"key":"Fruit Juice"},{"floor":0,"key":"DistilledChaos"},{"floor":2,"key":"FearPotion"},{"floor":10,"key":"Fire Potion"},{"floor":14,"key":"FearPotion"},{"floor":18,"key":"Dexterity Potion"},{"floor":25,"key":"Regen Potion"},{"floor":28,"key":"SkillPotion"},{"floor":31,"key":"Ancient Potion"}],"is_trial":false,"path_per_floor":["M","M","?","?","?","E","R","E","T","M","R","$","M","M","R","B",null,"M","?","M","M","?","E","?","M","T","R","M","R","?","M","R","B"],"character_chosen":"THE_SILENT","items_purchased":["FairyPotion"],"campfire_rested":4,"item_purchase_floors":[12],"current_hp_per_floor":[75,71,71,56,56,25,47,17,17,17,17,17,17,17,39,25,75,66,66,54,32,18,18,18,24,24,48,35,35,35,35,59,0,0],"gold":452,"neow_bonus":"THREE_SMALL_POTIONS","is_daily":false,"chose_seed":false,"campfire_upgraded":2,"win_rate":0.0,"timestamp":1614311265,"path_taken":["M","M","?","?","?","E","R","E","T","M","R","$","?","M","R","BOSS","M","?","?","M","?","E","?","M","T","R","?","R","?","M","R","BOSS"],"items_purchased_type":["Potion"],"build_version":"2020-12-22","purchased_purges":1,"victory":false,"max_hp_per_floor":[75,75,75,75,75,75,75,75,75,75,75,75,75,75,75,75,75,75,75,75,75,80,80,80,80,80,80,80,80,80,80,80,80,80],"card_choices":[{"not_picked":["Dagger Spray","Dodge and Roll"],"picked":"Poisoned Stab","floor":1},{"not_picked":["Backstab","Backflip"],"picked":"Noxious Fumes","floor":2},{"not_picked":["Expertise","Flying Knee"],"picked":"Blade Dance","floor":6},{"not_picked":["Dagger Spray","Bullet Time"],"picked":"Accuracy","floor":8},{"not_picked":["Backflip","Eviscerate"],"picked":"Cloak And Dagger","floor":10},{"not_picked":["Dagger Spray","Acrobatics","Sucker Punch"],"picked":"SKIP","floor":13},{"not_picked":["Underhanded Strike","Backstab"],"picked":"Adrenaline","floor":14},{"not_picked":["Glass Knife","Venomology"],"picked":"Doppelganger","floor":16},{"not_picked":["Dash","Deflect","Dodge and Roll"],"picked":"SKIP","floor":18},{"not_picked":["Poisoned Stab","Deflect"],"picked":"Quick Slash","floor":20},{"not_picked":["Eviscerate","Masterful Stab","Bane"],"picked":"SKIP","floor":21},{"not_picked":["Dagger Spray","Dagger Throw"],"picked":"Infinite Blades","floor":23},{"not_picked":["Masterful Stab","Calculated Gamble+1","Escape Plan"],"picked":"SKIP","floor":25},{"not_picked":["Poisoned Stab","Terror"],"picked":"Cloak And Dagger+1","floor":28},{"not_picked":["Dash","Expertise","Wraith Form v2"],"picked":"SKIP","floor":31}],"player_experience":245390,"relics_obtained":[{"floor":6,"key":"Happy Flower"},{"floor":8,"key":"Nunchaku"},{"floor":9,"key":"CeramicFish"},{"floor":23,"key":"Bronze Scales"}],"event_choices":[{"cards_removed":["Strike_G"],"damage_healed":0,"gold_gain":0,"player_choice":"Card Removal","damage_taken":0,"max_hp_gain":0,"max_hp_loss":0,"event_name":"The Cleric","floor":3,"gold_loss":50},{"damage_healed":0,"gold_gain":0,"player_choice":"Entered Light","damage_taken":15,"max_hp_gain":0,"max_hp_loss":0,"event_name":"Shining Light","floor":4,"gold_loss":0,"cards_upgraded":["Strike_G","Neutralize"]},{"damage_healed":0,"gold_gain":0,"player_choice":"Gave Potion","damage_taken":0,"relics_obtained":["Omamori"],"max_hp_gain":0,"max_hp_loss":0,"event_name":"WeMeetAgain","floor":5,"gold_loss":0},{"damage_healed":0,"gold_gain":0,"player_choice":"Traded Relic","damage_taken":0,"relics_obtained":["Nloth\u0027s Gift"],"max_hp_gain":0,"max_hp_loss":0,"event_name":"N\u0027loth","floor":19,"relics_lost":["Nunchaku"],"gold_loss":0},{"damage_healed":0,"gold_gain":0,"player_choice":"Shed Blood","damage_taken":19,"max_hp_gain":5,"max_hp_loss":0,"event_name":"Forgotten Altar","floor":22,"gold_loss":0},{"damage_healed":0,"gold_gain":0,"player_choice":"Trade","damage_taken":0,"relics_obtained":["SsserpentHead"],"max_hp_gain":0,"max_hp_loss":0,"event_name":"FaceTrader","floor":24,"gold_loss":0},{"damage_healed":0,"gold_gain":0,"player_choice":"Obtained Relic","damage_taken":0,"relics_obtained":["Gremlin Horn"],"max_hp_gain":0,"max_hp_loss":0,"event_name":"Addict","floor":30,"gold_loss":85}],"is_beta":false,"boss_relics":[{"not_picked":["Astrolabe","HoveringKite"],"picked":"Pandora\u0027s Box"}],"items_purged_floors":[12],"is_endless":false,"potions_floor_spawned":[2,10,14,18,25,28,31],"killed_by":"Champ","ascension_level":2}}