{"host":"pcv3ln7w6288nxz4","time":1614309105,"event":{"mods":["AchievementEnabler","Act Like it!","Aspiration","BaseMod","Better Third Choice","Clockwork Mod","Colored Map","Colored Powertips","Downfall","Energized Spire","Hallownest","Hermit","Hubris","Infinite Spire","Jorbs\u0027s Wanderer Trilogy","Library of Ruina","Library of Ruina Extra","Lobotomy","LobotomyExtend","Minty Spire (QoL Compilation)","Replay The Spire","Ruina","Shade Mod","StSLib","The Bug Knight","The Construct","The Cursed","The Disciple","The Forsaken","The Hierophant","The Judge","The Jungle","The Necromancer","The Runesmith"],"gold_per_floor":[116,133,149,74,4,39,39,66,66,95,95,95,95,114,114,218,218,234,234,250,250,266,266,266,266,266,301,301,301],"floor_reached":28,"language":"ENG","playtime":1916,"items_purged":[],"score":459,"play_id":"f0969ede-3c24-40a5-8dd5-71fa9356d2e1","local_time":"20210225191145","is_ascension_mode":true,"campfire_choices":[],"circlet_count":0,"master_deck":["SpecialBullet","SpecialBullet","SpecialBullet","SpecialBullet","SpecialBullet","SpecialBullet","SpecialBullet","SpecialBullet","InformationCode","SecurityCode","ExtractionCode","MeatLantern","Lamp+12","SomewhereSpear","UniverseFragment","Regret_ego","LittleHelper","CUTE","Penitence","BlackSwan_ego+1","PunishingBird","SoundOfStar","SoundOfStar","MHz","Hypocrisy","Bloodbath","WristCuter","LaLuna","Wingbeat","CENSORED_ego","Adoration+1","SomewhereSpear","BlackSwan","TodaysExpression+1","GoldRush","Scorched","ShedSkin","ParadiseLost","Yin","theForsaken:PlagueCurse","ReplayTheSpireMod:Faulty Equipment","Wingbeat+1"],"relics":["CogitoBucket","Thread and Needle","LetterFromLob","Hallownest:StagBellRelic1","PageOfTodaysShyLook","aspiration:HummingbirdHeart","HollowMod:PaleOreRelic","Hallownest:DreamNailRelic","AspirationHeart","Cursed Key","hubris:BottledHeart","theForsaken:PlagueMask","Bag of Preparation","PageOfSpiderBud"],"acts_visited":["Hallownest:Greenpath","TheCity"],"potions_floor_usage":[10,10,14,20,27,27,28],"damage_taken":[{"damage":7,"enemies":"Hallownest:monsterHuskGuard","floor":1,"turns":4},{"damage":1,"enemies":"Hallownest:2_Baldur","floor":2,"turns":3},{"damage":16,"enemies":"Hallownest:2_Tiktiks_and_1_Crawlid","floor":3,"turns":8},{"damage":15,"enemies":"Hallownest:eliteVengeflyKing","floor":6,"turns":9},{"damage":12,"enemies":"Hallownest:eliteMossKnight","floor":8,"turns":4},{"damage":0,"enemies":"Hallownest:eliteVengeflyKing","floor":10,"turns":1},{"damage":18,"enemies":"Hallownest:2_Tiktiks_1_Baldur_1_Crawlid","floor":14,"turns":5},{"damage":44,"enemies":"Hallownest:BossHornet","floor":16,"turns":12},{"damage":18,"enemies":"Shell Parasite","floor":18,"turns":6},{"damage":0,"enemies":"Snake Plant","floor":20,"turns":2},{"damage":0,"enemies":"Centurion and Healer","floor":22,"turns":3},{"damage":0,"enemies":"Book of Stabbing","floor":27,"turns":1},{"damage":0,"enemies":"Shelled Parasite and Fungi","floor":28,"turns":1}],"seed_played":"6235564101659876366","potions_obtained":[{"floor":2,"key":"Milkshake"},{"floor":8,"key":"Swift Potion"},{"floor":10,"key":"champ:CounterPotion"},{"floor":16,"key":"FearPotion"},{"floor":18,"key":"hexamod:SoulburnPotion"},{"floor":22,"key":"PowerPotion"},{"floor":27,"key":"champ:CounterPotion"}],"is_trial":false,"path_per_floor":["M","M","M","$","?","E","R","E","T","E","R","?","?","M","R","B",null,"M","?","M","?","M","R","?","R","T","E","M"],"character_chosen":"Angela","items_purchased":["BlackSwan_ego"],"campfire_rested":0,"item_purchase_floors":[4],"current_hp_per_floor":[63,63,58,58,58,57,57,63,63,63,63,63,63,73,73,45,66,77,77,81,1,1,1,1,1,1,1,0,0],"gold":301,"neow_bonus":"ONE_RARE_RELIC","is_daily":false,"chose_seed":false,"campfire_upgraded":0,"win_rate":0.0,"timestamp":1614309105,"path_taken":["M","?","M","$","?","E","R","E","T","E","R","?","?","M","R","BOSS","M","?","?","?","M","R","?","R","T","E","M"],"items_purchased_type":["Card"],"build_version":"2020-12-22","purchased_purges":0,"victory":false,"max_hp_per_floor":[63,63,63,63,63,63,63,63,63,63,63,63,63,73,73,73,73,77,77,81,1,1,1,1,1,1,1,1,1],"card_choices":[{"not_picked":["ShyLook","WhiteNight"],"picked":"MeatLantern","floor":1},{"not_picked":["Loneliness"],"picked":"Lamp","floor":1},{"not_picked":["WristCuter"],"picked":"SomewhereSpear","floor":1},{"not_picked":["QueenBee","FairyFestival"],"picked":"UniverseFragment","floor":2},{"not_picked":["BearPaw"],"picked":"Regret_ego","floor":2},{"not_picked":["OldLady","Porccubus"],"picked":"LittleHelper","floor":3},{"not_picked":["Lamp"],"picked":"CUTE","floor":3},{"not_picked":["RapturousDream"],"picked":"Penitence","floor":3},{"not_picked":["CherryBlossoms","Woodsman"],"picked":"PunishingBird","floor":6},{"not_picked":["Moonlight"],"picked":"SoundOfStar","floor":6},{"not_picked":["Gaze"],"picked":"SoundOfStar","floor":6},{"not_picked":["Murderer","FairyFestival"],"picked":"MHz","floor":8},{"not_picked":["FourthMatchFlame"],"picked":"Hypocrisy","floor":8},{"not_picked":["Murderer","Variant"],"picked":"Bloodbath","floor":10},{"not_picked":["FeatherOfHonor","Noise"],"picked":"SKIP","floor":10},{"not_picked":["FrostShard"],"picked":"WristCuter","floor":14},{"not_picked":["Murderer","OldLady"],"picked":"LaLuna","floor":14},{"not_picked":["Regret_ego"],"picked":"Wingbeat","floor":14},{"not_picked":["Justitia"],"picked":"CENSORED_ego","floor":16},{"not_picked":["Justitia"],"picked":"Adoration","floor":16},{"not_picked":["Tough"],"picked":"SomewhereSpear","floor":18},{"not_picked":["FairyFestival","CrumblingArmor"],"picked":"BlackSwan","floor":18},{"not_picked":["Gaze"],"picked":"TodaysExpression+1","floor":18},{"not_picked":["Wingbeat"],"picked":"GoldRush","floor":20},{"not_picked":["Rudolta","Woodsman"],"picked":"Scorched","floor":20},{"not_picked":["Noise+1"],"picked":"ShedSkin","floor":20},{"not_picked":["FourthMatchFlame"],"picked":"ParadiseLost","floor":22},{"not_picked":["VoidDream","Variant"],"picked":"Yin","floor":22},{"not_picked":["Lantern","Discord"],"picked":"SKIP","floor":22},{"not_picked":["BlueScar","Diffraction"],"picked":"Wingbeat+1","floor":27}],"player_experience":523057,"relics_obtained":[{"floor":1,"key":"LetterFromLob"},{"floor":6,"key":"PageOfTodaysShyLook"},{"floor":8,"key":"aspiration:HummingbirdHeart"},{"floor":10,"key":"HollowMod:PaleOreRelic"},{"floor":26,"key":"Bag of Preparation"},{"floor":27,"key":"PageOfSpiderBud"}],"event_choices":[{"damage_healed":0,"gold_gain":0,"player_choice":"Upgraded","damage_taken":0,"max_hp_gain":0,"max_hp_loss":0,"event_name":"Upgrade Shrine","floor":19,"gold_loss":0,"cards_upgraded":["Adoration"]},{"damage_healed":0,"gold_gain":0,"player_choice":"Obtain Plague Curse","damage_taken":0,"max_hp_gain":0,"max_hp_loss":0,"event_name":"Plague Doctor","floor":24,"gold_loss":0,"cards_obtained":["theForsaken:PlagueCurse"]}],"is_beta":false,"boss_relics":[{"not_picked":["Ectoplasm","ReplayTheSpireMod:SealedPack"],"picked":"Cursed Key"}],"items_purged_floors":[],"is_endless":false,"potions_floor_spawned":[2,8,10,16,18,22,27],"killed_by":"Shelled Parasite and Fungi","ascension_level":7}}