{"host":"gzk4gkgy3zij1c51","time":1614380169,"event":{"mods":["BaseMod","Colored Map","Downfall","Highlight Path","Marked Mod","Minty Spire (QoL Compilation)","Relic Stats","StSLib","The Cursed","everything is the same but u backflip on backflip"],"gold_per_floor":[0,12,12,22,33,18,18,36,36,36,53,88,88,114,124,224,224,24,36,53,66,51,51,51,76,95,105,122,122,137,152,166,263,263,263,273,289,289,339,79,105,5,37,73,100,100,116,116,129,129,129,129],"floor_reached":50,"language":"ENG","playtime":5437,"items_purged":["downfall:Malfunctioning"],"score":773,"play_id":"308f877d-554f-4b13-8d38-fdcf741d26a0","local_time":"20210226225609","is_ascension_mode":true,"campfire_choices":[{"data":"Apotheosis","floor":1.0,"key":"SMITH"},{"data":"champ:RisingSlash","floor":9.0,"key":"SMITH"},{"floor":13.0,"key":"RECALL"},{"data":"champ:DefensiveStyle","floor":18.0,"key":"SMITH"},{"data":"champ:StrikeOfGenius","floor":29,"key":"SMITH"},{"data":"champ:EnchantSword","floor":35,"key":"SMITH"},{"data":"1","floor":42,"key":"LIFT"},{"floor":46,"key":"REST"}],"circlet_count":0,"master_deck":["champ:Strike","champ:Strike","champ:Strike","champ:Strike+1","champ:Defend","champ:Defend","champ:Defend+1","champ:Defend","champ:Execute","champ:Taunt+1","Apotheosis+1","champ:TornadoPunch+1","champ:PreciseThrust","champ:AdrenalArmor","champ:RisingSlash+1","champ:BringItOn","champ:Duel","champ:GutPunch","champ:DefensiveStyle+1","champ:PerfectedStrike","champ:EnGarde","champ:DefensiveShout+1","champ:CrownThrow+1","champ:FanOfKnives+1","champ:StrikeOfGenius+1","champ:ShieldSigil","champ:StanceDance","champ:Backstep+1","champ:GladiatorStyle","champ:EnchantSword+1","champ:BladeFlurry","champ:Circumvent","expansioncontent:AwakenDeath","champ:Endure+1","champ:VampiricStrike","champ:SetATrap+1","champ:IronFortress","champ:FlashCut","champ:ArenaPreparation+1","champ:EnchantShield"],"relics":["champ:ChampionCrown","White Beast Statue","WingedGreaves","Mango","champ:PowerArmor","downfall:HeartBlessingGreen","downfall:HeartBlessingRed","Pear","champ:DefensiveTrainingManual","bronze:MakeshiftBattery","Girya","StrikeDummy","downfall:HeartBlessingBlue","Shuriken","ClockworkSouvenir","Dead Branch"],"acts_visited":["Exordium","TheCity","TheBeyond"],"potions_floor_usage":[20,21,21,25,26,26,32,33,43,43,45,50,50,50],"damage_taken":[{"damage":20.0,"enemies":"Small Slimes","floor":2.0,"turns":4.0},{"damage":0.0,"enemies":"Cultist","floor":4.0,"turns":4.0},{"damage":4.0,"enemies":"Jaw Worm","floor":5.0,"turns":3.0},{"damage":12.0,"enemies":"downfall:FleeingMerchant","floor":6.0,"turns":4.0},{"damage":12.0,"enemies":"3 Louse","floor":8.0,"turns":2.0},{"damage":5.0,"enemies":"Red Slaver","floor":11.0,"turns":4.0},{"damage":27.0,"enemies":"Lagavulin","floor":12.0,"turns":8.0},{"damage":29.0,"enemies":"Gremlin Nob","floor":14.0,"turns":4.0},{"damage":10.0,"enemies":"2 Fungi Beasts","floor":15.0,"turns":2.0},{"damage":45.0,"enemies":"IC_STATUS_ARCHETYPE","floor":16.0,"turns":5.0},{"damage":5,"enemies":"Spheric Guardian","floor":19,"turns":3},{"damage":15,"enemies":"downfall:LooterAlt2","floor":20,"turns":4},{"damage":20,"enemies":"Snake Plant","floor":21,"turns":5},{"damage":20,"enemies":"downfall:FleeingMerchant","floor":22,"turns":4},{"damage":47,"enemies":"Book of Stabbing","floor":25,"turns":4},{"damage":24,"enemies":"Shelled Parasite and Fungi","floor":26,"turns":4},{"damage":10,"enemies":"Snecko","floor":27,"turns":3},{"damage":34,"enemies":"Cultist and Chosen","floor":28,"turns":6},{"damage":40,"enemies":"3 Cultists","floor":30,"turns":4},{"damage":24,"enemies":"Snecko","floor":31,"turns":3},{"damage":45,"enemies":"Centurion and Healer","floor":32,"turns":5},{"damage":63,"enemies":"SI_MIRROR_ARCHETYPE","floor":33,"turns":11},{"damage":25,"enemies":"Orb Walker","floor":36,"turns":3},{"damage":18,"enemies":"3 Darklings","floor":37,"turns":6},{"damage":10,"enemies":"3 Darklings","floor":39,"turns":7},{"damage":10,"enemies":"downfall:FleeingMerchant","floor":40,"turns":4},{"damage":60,"enemies":"Giant Head","floor":43,"turns":8},{"damage":10,"enemies":"downfall:FleeingMerchant","floor":44,"turns":3},{"damage":13,"enemies":"Nemesis","floor":45,"turns":5},{"damage":26,"enemies":"Jaw Worm Horde","floor":47,"turns":3},{"damage":54,"enemies":"Transient","floor":49,"turns":5},{"damage":116,"enemies":"WA_ARCHETYPE_DIVINITY","floor":50,"turns":9}],"seed_played":"996499828416796462","potions_obtained":[{"floor":2.0,"key":"champ:CounterPotion"},{"floor":8.0,"key":"ColorlessPotion"},{"floor":11.0,"key":"PowerPotion"},{"floor":12.0,"key":"Strength Potion"},{"floor":14.0,"key":"Explosive Potion"},{"floor":15.0,"key":"sneckomod:MuddlingPotion"},{"floor":16.0,"key":"DistilledChaos"},{"floor":19,"key":"ColorlessPotion"},{"floor":20,"key":"Guardian:BlockOnCardUsePotion"},{"floor":21,"key":"SneckoOil"},{"floor":22,"key":"LiquidBronze"},{"floor":25,"key":"Dexterity Potion"},{"floor":26,"key":"Ancient Potion"},{"floor":27,"key":"LiquidBronze"},{"floor":32,"key":"FairyPotion"},{"floor":33,"key":"champ:OpenerPotion"},{"floor":36,"key":"Block Potion"},{"floor":43,"key":"ColorlessPotion"},{"floor":44,"key":"ColorlessPotion"},{"floor":45,"key":"Dexterity Potion"},{"floor":48,"key":"CultistPotion"}],"is_trial":false,"path_per_floor":["R","M","?","M","M","$","T","M","R","?","M","E","R","E","M","B",null,"R","M","M","M","$","?","T","E","M","M","M","R","M","M","M","B",null,"R","M","M","?","?","$","T","R","E","$","E","R","M","?","M","B"],"character_chosen":"THE_CHAMP","items_purchased":["StrikeDummy","ClockworkSouvenir","champ:IronFortress"],"campfire_rested":1,"item_purchase_floors":[40,44,44],"current_hp_per_floor":[90,90,90,90,86,84,84,72,72,72,67,60,60,55,55,40,88,88,83,83,83,83,114,124,107,103,103,84,84,64,60,35,28,100,100,95,87,87,87,87,87,97,57,57,44,84,63,63,34,0,0,0],"gold":129,"neow_bonus":"RANDOM_COLORLESS_2","is_daily":false,"chose_seed":false,"campfire_upgraded":5,"win_rate":0.0,"timestamp":1614380169,"path_taken":["R","M","?","?","M","$","T","M","R","?","M","E","R","E","M","BOSS","R","M","M","M","$","?","T","E","M","M","M","R","?","M","M","BOSS","R","M","M","?","?","$","T","R","E","$","E","R","M","?","M","BOSS"],"items_purchased_type":["Relic","Relic","Card"],"build_version":"2020-12-22","purchased_purges":1,"victory":false,"max_hp_per_floor":[90,90,90,90,90,90,90,90,90,90,90,90,90,104,104,104,104,104,104,104,104,104,114,124,124,124,124,124,124,124,124,124,124,124,124,124,124,124,124,124,124,134,134,134,134,134,134,134,134,134,134,134],"relic_stats":{"counters":[32,149],"Shuriken":[14],"Dead Branch":[8],"obtain_stats":[{"Girya":39,"Pear":24,"downfall:HeartBlessingRed":18,"Dead Branch":45,"champ:ChampionCrown":0,"Mango":14,"downfall:HeartBlessingGreen":18,"White Beast Statue":7,"champ:PowerArmor":17,"ClockworkSouvenir":44,"champ:DefensiveTrainingManual":25,"downfall:HeartBlessingBlue":42,"Shuriken":43,"WingedGreaves":12,"StrikeDummy":40,"bronze:MakeshiftBattery":34},{"Girya":25,"Pear":14,"downfall:HeartBlessingRed":10,"Dead Branch":29,"champ:ChampionCrown":0,"Mango":8,"downfall:HeartBlessingGreen":10,"White Beast Statue":4,"champ:PowerArmor":10,"ClockworkSouvenir":28,"champ:DefensiveTrainingManual":15,"downfall:HeartBlessingBlue":26,"Shuriken":27,"WingedGreaves":7,"StrikeDummy":26,"bronze:MakeshiftBattery":22},{"Girya":112,"Pear":56,"downfall:HeartBlessingRed":40,"Dead Branch":132,"champ:ChampionCrown":0,"Mango":33,"downfall:HeartBlessingGreen":40,"White Beast Statue":15,"champ:PowerArmor":40,"ClockworkSouvenir":127,"champ:DefensiveTrainingManual":60,"downfall:HeartBlessingBlue":116,"Shuriken":124,"WingedGreaves":29,"StrikeDummy":116,"bronze:MakeshiftBattery":96}]},"card_choices":[{"not_picked":["Sadistic Nature","HandOfGreed"],"picked":"Apotheosis","floor":0.0},{"not_picked":["champ:CrownThrow","champ:Circumvent"],"picked":"champ:TornadoPunch","floor":2.0},{"not_picked":["champ:BerserkersShout","champ:RapidStrikes"],"picked":"champ:PreciseThrust","floor":4.0},{"not_picked":["champ:PerfectedStrike","champ:RecklessLeap"],"picked":"champ:AdrenalArmor","floor":5.0},{"not_picked":["champ:DeathBlow","champ:TornadoPunch"],"picked":"champ:RisingSlash","floor":6.0},{"not_picked":["champ:AdrenalArmor","champ:PreciseThrust"],"picked":"champ:BringItOn","floor":8.0},{"not_picked":["champ:PerfectedStrike","champ:HeavySlash"],"picked":"champ:Duel","floor":11.0},{"not_picked":["champ:ShieldSlam","champ:CrownThrow"],"picked":"champ:GutPunch","floor":12.0},{"not_picked":["champ:EnGarde","champ:PreciseThrust"],"picked":"champ:DefensiveStyle","floor":14.0},{"not_picked":["champ:RecklessLeap","champ:DeathBlow"],"picked":"champ:PerfectedStrike","floor":15.0},{"not_picked":["champ:VampiricStrike","champ:ShieldThrow"],"picked":"champ:MurderStrike","floor":16.0},{"not_picked":["champ:PreciseThrust","champ:PerfectedStrike"],"picked":"champ:EnGarde","floor":19},{"not_picked":["champ:AdrenalArmor+1","champ:CrookedStrike+1"],"picked":"champ:DefensiveShout+1","floor":20},{"not_picked":["champ:Backstep","champ:Shatter"],"picked":"champ:CrownThrow+1","floor":21},{"not_picked":["champ:DeathBlow","champ:CrownThrow"],"picked":"champ:FanOfKnives+1","floor":22},{"not_picked":["champ:BladeFlurry","champ:Encircle"],"picked":"champ:StrikeOfGenius","floor":25},{"not_picked":["champ:BerserkersShout","champ:ShieldSlam","champ:AdrenalArmor"],"picked":"SKIP","floor":26},{"not_picked":["champ:EndlessRage+1","champ:SetATrap"],"picked":"champ:ShieldSigil","floor":27},{"not_picked":["champ:ShieldSigil+1","champ:EnGarde+1"],"picked":"champ:StanceDance","floor":28},{"not_picked":["champ:StanceDance+1","champ:PreciseThrust","champ:AdrenalArmor"],"picked":"SKIP","floor":30},{"not_picked":["champ:GutPunch+1","champ:AdrenalArmor"],"picked":"champ:Backstep+1","floor":31},{"not_picked":["champ:BerserkersShout","champ:PerfectedStrike"],"picked":"champ:GladiatorStyle","floor":32},{"not_picked":["champ:LastStand","champ:EnchantCrown"],"picked":"champ:EnchantSword","floor":33},{"not_picked":["champ:Circumvent","champ:Shatter+1"],"picked":"champ:BladeFlurry","floor":36},{"not_picked":["champ:BerserkersShout+1","champ:TornadoPunch+1"],"picked":"champ:Circumvent","floor":37},{"not_picked":["expansioncontent:HyperBeam","expansioncontent:Hexaburn"],"picked":"expansioncontent:AwakenDeath","floor":38},{"not_picked":["champ:DefensiveShout+1","champ:BringItOn"],"picked":"champ:Endure+1","floor":39},{"not_picked":["champ:Circumvent","champ:DefensiveShout"],"picked":"champ:VampiricStrike","floor":40},{"not_picked":["champ:FanOfKnives","champ:Backstep+1"],"picked":"champ:SetATrap+1","floor":43},{"not_picked":["champ:TornadoPunch","champ:ViciousMockery","champ:FanOfKnives+1"],"picked":"SKIP","floor":44},{"not_picked":["champ:AdrenalArmor+1","champ:TornadoPunch"],"picked":"champ:FlashCut","floor":45},{"not_picked":["champ:DefensiveShout+1","champ:GladiatorStyle+1"],"picked":"champ:ArenaPreparation+1","floor":47},{"not_picked":["champ:TornadoPunch","champ:EndlessRage+1"],"picked":"champ:EnchantShield","floor":49}],"player_experience":1267321,"relics_obtained":[{"floor":7.0,"key":"White Beast Statue"},{"floor":12.0,"key":"WingedGreaves"},{"floor":14.0,"key":"Mango"},{"floor":24,"key":"Pear"},{"floor":25,"key":"champ:DefensiveTrainingManual"},{"floor":39,"key":"Girya"},{"floor":43,"key":"Shuriken"},{"floor":45,"key":"Dead Branch"}],"event_choices":[{"damage_healed":0.0,"max_hp_gain":0.0,"max_hp_loss":0.0,"gold_gain":0.0,"event_name":"Accursed Blacksmith","player_choice":"Forge","floor":3.0,"gold_loss":0.0,"damage_taken":0.0,"cards_upgraded":["champ:TornadoPunch"]},{"cards_removed":["champ:MurderStrike"],"damage_healed":21,"gold_gain":0,"player_choice":"Offered Rare","damage_taken":0,"max_hp_gain":10,"max_hp_loss":0,"event_name":"Bonfire Elementals","floor":23,"gold_loss":0},{"damage_healed":0,"gold_gain":0,"player_choice":"Got Potions","damage_taken":0,"max_hp_gain":0,"max_hp_loss":0,"event_name":"Lab","floor":48,"gold_loss":0}],"is_beta":false,"boss_relics":[{"not_picked":["Runic Pyramid","expansioncontent:StudyCardRelic"],"picked":"champ:PowerArmor"},{"not_picked":["Cursed Key","SlaversCollar"],"picked":"bronze:MakeshiftBattery"}],"items_purged_floors":[44],"is_endless":false,"potions_floor_spawned":[2,8,11,12,14,15,16,19,20,21,22,25,26,27,28,30,31,32,33,36,37,39,40,43,44,45,47,49],"killed_by":"WA_ARCHETYPE_DIVINITY","ascension_level":5}}