{"host":"ormi09wwzv7sq47a","time":1614304066,"event":{"mods":["2.2 Compatiblity","AchievementEnabler","Act Like it!","BaseMod","Bestiary","Better Altar","Better Note","Better Sensory Stone","Better Silent Start","Better Skull","Better Third Choice","Better Vampires","BetterRewards","Block Reminder","Card Forge","Colored Map","Colored Powertips","Curses Come First","Downfall","Highlight Path","Minty Spire (QoL Compilation)","Permanent Neow","Quick Restart","Rare Cards Sparkle","Relic Stats","Shop Mod","StSLib","The Jungle"],"gold_per_floor":[113,131,131,145,160,160,170,170,170,170,196,196,211,236,236,333,333,344,7,7,7,7,33,33,68,92,212,228,228,228,257,257,356,356,375,395,18,32,51,77,77,90,116,116,133,133,133,147,147,147,147,147,23,58,58],"floor_reached":56,"language":"ENG","playtime":3697,"items_purged":["champ:Strike","champ:Defend"],"score":2590,"play_id":"c7ae4e72-a4e5-465d-a09a-172e9f27838d","local_time":"20210225224746","is_ascension_mode":true,"campfire_choices":[{"floor":6.0,"key":"REST"},{"data":"champ:Taunt","floor":8.0,"key":"SMITH"},{"data":"champ:ShieldWall","floor":10.0,"key":"SMITH"},{"data":"champ:FancyFootwork","floor":15.0,"key":"SMITH"},{"data":"champ:ShieldThrow","floor":24.0,"key":"SMITH"},{"data":"champ:ShieldWall","floor":29.0,"key":"SMITH"},{"data":"champ:ArenaPreparation","floor":32.0,"key":"SMITH"},{"data":"champ:GladiatorForm","floor":41.0,"key":"SMITH"},{"floor":44.0,"key":"RECALL"},{"data":"champ:TornadoPunch","floor":46.0,"key":"SMITH"},{"data":"champ:IronFortress","floor":49,"key":"SMITH"},{"data":"champ:ShieldSigil","floor":52,"key":"SMITH"}],"circlet_count":0,"master_deck":["AscendersBane","champ:Strike","champ:Defend+1","champ:Defend","champ:Defend","champ:Taunt+1","champ:Circumvent","champ:DefensiveShout","champ:IronFortress+1","champ:ShieldSigil+1","champ:ShieldWall+1","champ:FancyFootwork+1","champ:FocusedDefense","champ:Circumvent","champ:ArenaPreparation+1","champ:IgnorePain+1","champ:ShieldWall+1","champ:ShieldThrow+1","champ:DefensiveShout+1","champ:GladiatorForm+1","CurseOfTheBell","champ:DefensiveStyle+1","champ:TornadoPunch+1","champ:FlashCut+1","champ:DefensiveStyle+1","champ:BringItOn+1","champ:StanceDance+1","champ:IronFortress+1","champ:Circumvent"],"relics":["champ:ChampionCrown","Hammer of Thor","Seething Fire","Anvil of the Gods","Medical Kit","champ:DefensiveTrainingManual","Thread and Needle","Mummified Hand","Incense Burner","Juzu Bracelet","PreservedInsect","Singing Bowl","Busted Crown","Art of War","Blue Candle","Boot","Happy Flower","theJungle:BirthdayCake","Question Card","Calling Bell","hexamod:BolsterEngine","Frozen Egg 2","hexamod:Sixitude","Mercury Hourglass","War Paint","Shuriken"],"acts_visited":["Exordium","Exordium","TheBeyond","TheEnding"],"potions_floor_usage":[50,54],"damage_taken":[{"damage":11.0,"enemies":"Cultist","floor":1.0,"turns":6.0},{"damage":5.0,"enemies":"Small Slimes","floor":2.0,"turns":5.0},{"damage":0.0,"enemies":"2 Louse","floor":4.0,"turns":3.0},{"damage":11.0,"enemies":"2 Fungi Beasts","floor":5.0,"turns":4.0},{"damage":23.0,"enemies":"Exordium Wildlife","floor":7.0,"turns":4.0},{"damage":10.0,"enemies":"Gremlin Nob","floor":11.0,"turns":3.0},{"damage":13.0,"enemies":"Large Slime","floor":13.0,"turns":6.0},{"damage":20.0,"enemies":"Lagavulin","floor":14.0,"turns":5.0},{"damage":35.0,"enemies":"Slime Boss","floor":16.0,"turns":10.0},{"damage":3.0,"enemies":"theJungle:Flameango_and_Byrd","floor":18.0,"turns":4.0},{"damage":65.0,"enemies":"theJungle:2_Phrogs","floor":23.0,"turns":8.0},{"damage":9.0,"enemies":"theJungle:Cassacara","floor":25.0,"turns":5.0},{"damage":31.0,"enemies":"theJungle:5_Spyders","floor":28.0,"turns":8.0},{"damage":27.0,"enemies":"theJungle:2_Phrogs","floor":31.0,"turns":8.0},{"damage":77.0,"enemies":"theJungle:QueenSpyder","floor":33.0,"turns":19.0},{"damage":6.0,"enemies":"Orb Walker","floor":35.0,"turns":3.0},{"damage":6.0,"enemies":"3 Shapes","floor":36.0,"turns":4.0},{"damage":50.0,"enemies":"Maw","floor":38.0,"turns":8.0},{"damage":26.0,"enemies":"3 Darklings","floor":39.0,"turns":5.0},{"damage":16.0,"enemies":"Reptomancer","floor":40.0,"turns":5.0},{"damage":0.0,"enemies":"Writhing Mass","floor":42.0,"turns":3.0},{"damage":32.0,"enemies":"Jaw Worm Horde","floor":45.0,"turns":4.0},{"damage":29,"enemies":"Sphere and 2 Shapes","floor":48,"turns":4},{"damage":55,"enemies":"Donu and Deca","floor":50,"turns":7},{"damage":26,"enemies":"Shield and Spear","floor":54,"turns":6},{"damage":72,"enemies":"The Heart","floor":55,"turns":11}],"seed_played":"-1707213040050690707","potions_obtained":[{"floor":1.0,"key":"PowerPotion"},{"floor":5.0,"key":"champ:CounterPotion"},{"floor":11.0,"key":"LiquidBronze"},{"floor":13.0,"key":"Weak Potion"},{"floor":14.0,"key":"ColorlessPotion"},{"floor":16.0,"key":"Energy Potion"},{"floor":28.0,"key":"FairyPotion"},{"floor":31.0,"key":"ColorlessPotion"},{"floor":36.0,"key":"Energy Potion"},{"floor":42.0,"key":"Block Potion"},{"floor":48,"key":"PowerPotion"},{"floor":54,"key":"champ:UltimateStancePotion"}],"is_trial":false,"path_per_floor":["M","M","?","M","M","R","M","R","T","R","E","?","M","E","R","B",null,"M","$","?","$","?","E","R","E","T","?","M","R","?","E","R","B",null,"M","M","$","M","M","E","R","M","T","R","M","R","?","M","R","B",null,"R","$","E","B",null],"character_chosen":"THE_CHAMP","items_purchased":["Medical Kit","champ:DefensiveTrainingManual","champ:Circumvent","Mummified Hand","champ:ShieldWall","Art of War","Mercury Hourglass","champ:DefensiveStyle+1","champ:TornadoPunch","champ:IronFortress+1","champ:OpenerPotion"],"campfire_rested":1,"item_purchase_floors":[0,0,0,0,19,19,37,37,37,53,53],"current_hp_per_floor":[28,28,23,23,22,49,46,46,46,46,46,46,43,43,43,43,78,87,87,87,87,77,84,84,96,96,82,86,86,106,116,116,118,118,119,120,120,110,111,110,110,110,110,110,95,95,95,71,71,61,110,110,110,109,62],"gold":58,"neow_bonus":"","is_daily":false,"chose_seed":false,"campfire_upgraded":10,"win_rate":0.0,"timestamp":1614304066,"path_taken":["M","M","?","M","?","R","M","R","T","R","E","?","M","E","R","BOSS","M","$","?","?","?","E","R","E","T","?","M","R","?","E","R","BOSS","M","M","$","M","M","E","R","M","T","R","M","R","?","M","R","BOSS","R","$","E","BOSS"],"items_purchased_type":["Relic","Relic","Card","Relic","Card","Relic","Relic","Card","Card","Card","Potion"],"build_version":"2020-12-22","purchased_purges":2,"victory":true,"max_hp_per_floor":[90,90,90,90,90,90,90,90,90,90,90,90,90,90,90,90,90,92,92,92,92,92,94,94,96,96,96,96,96,116,118,118,118,118,120,122,122,122,124,124,124,124,124,124,126,126,126,126,126,126,126,126,126,126,126],"relic_stats":{"Singing Bowl":16,"Happy Flower":[31],"counters":[72,361],"Blue Candle":[11],"PreservedInsect":317,"Juzu Bracelet":2,"War Paint":["champ:IgnorePain","champ:Defend"],"Medical Kit":[7],"Boot":[9],"Question Card":11,"Mercury Hourglass":[190],"Busted Crown":32,"Mummified Hand":[86],"Shuriken":[5],"Art of War":[40],"obtain_stats":[{"champ:DuelingGlove":0,"Tiny House":34,"Calipers":44,"Gremlin Horn":54,"Hammer of Thor":0,"Boot":25,"Blood Vial":27,"Centennial Puzzle":28,"HornCleat":9,"champ:DefensiveTrainingManual":49,"Philosopher\u0027s Stone":17,"MealTicket":19,"Necronomicon":22,"theJungle:BirthdayCake":30,"Toxic Egg 2":40,"Happy Flower":26,"Blue Candle":36,"Eternal Feather":54,"Guardian:PocketSentry":44,"Letter Opener":24,"War Paint":40,"Question Card":31,"Du-Vu Doll":49,"Anvil of the Gods":0,"Shuriken":52,"Bird Faced Urn":0,"Lantern":11,"Singing Bowl":14,"champ:ChampionCrown":0,"Bag of Preparation":0,"Juzu Bracelet":30,"Incense Burner":0,"ClockworkSouvenir":39,"Nunchaku":12,"Shovel":0,"Mummified Hand":0,"Gambling Chip":0,"hexamod:CandleOfCauterizing":43,"bronze:DecasWashers":26,"hexamod:Sixitude":39,"Thread and Needle":0,"champ:ChampionCrownUpgraded":17,"PreservedInsect":11,"Seething Fire":0,"Odd Mushroom":14,"Frozen Egg 2":34,"Medical Kit":0,"bronze:BronzeIdol":43,"Mercury Hourglass":37,"Peace Pipe":7,"Calling Bell":34,"Busted Crown":17,"Turnip":45,"Coffee Dripper":34,"Art of War":19,"hexamod:BolsterEngine":31,"Toy Ornithopter":8},{"champ:DuelingGlove":21,"Tiny House":13,"Calipers":16,"Gremlin Horn":45,"Hammer of Thor":0,"Boot":58,"Blood Vial":11,"Centennial Puzzle":11,"HornCleat":5,"champ:DefensiveTrainingManual":18,"Philosopher\u0027s Stone":8,"MealTicket":9,"Necronomicon":32,"theJungle:BirthdayCake":59,"Toxic Egg 2":40,"Happy Flower":58,"Blue Candle":38,"Eternal Feather":20,"Guardian:PocketSentry":40,"Letter Opener":11,"War Paint":66,"Question Card":60,"Du-Vu Doll":43,"Anvil of the Gods":0,"Shuriken":44,"Bird Faced Urn":21,"Lantern":6,"Singing Bowl":54,"champ:ChampionCrown":0,"Bag of Preparation":0,"Juzu Bracelet":12,"Incense Burner":46,"ClockworkSouvenir":39,"Nunchaku":26,"Shovel":0,"Mummified Hand":46,"Gambling Chip":0,"hexamod:CandleOfCauterizing":15,"bronze:DecasWashers":33,"hexamod:Sixitude":15,"Thread and Needle":46,"champ:ChampionCrownUpgraded":29,"PreservedInsect":52,"Seething Fire":0,"Odd Mushroom":28,"Frozen Egg 2":61,"Medical Kit":46,"bronze:BronzeIdol":40,"Mercury Hourglass":63,"Peace Pipe":5,"Calling Bell":61,"Busted Crown":55,"Turnip":16,"Coffee Dripper":37,"Art of War":56,"hexamod:BolsterEngine":36,"Toy Ornithopter":25},{"champ:DuelingGlove":83,"Tiny House":47,"Calipers":56,"Gremlin Horn":198,"Hammer of Thor":0,"Boot":266,"Blood Vial":37,"Centennial Puzzle":37,"HornCleat":14,"champ:DefensiveTrainingManual":64,"Philosopher\u0027s Stone":26,"MealTicket":29,"Necronomicon":134,"theJungle:BirthdayCake":274,"Toxic Egg 2":168,"Happy Flower":266,"Blue Candle":160,"Eternal Feather":80,"Guardian:PocketSentry":168,"Letter Opener":37,"War Paint":326,"Question Card":282,"Du-Vu Doll":181,"Anvil of the Gods":0,"Shuriken":190,"Bird Faced Urn":83,"Lantern":18,"Singing Bowl":239,"champ:ChampionCrown":0,"Bag of Preparation":0,"Juzu Bracelet":41,"Incense Burner":203,"ClockworkSouvenir":164,"Nunchaku":103,"Shovel":0,"Mummified Hand":203,"Gambling Chip":0,"hexamod:CandleOfCauterizing":53,"bronze:DecasWashers":138,"hexamod:Sixitude":53,"Thread and Needle":203,"champ:ChampionCrownUpgraded":121,"PreservedInsect":228,"Seething Fire":0,"Odd Mushroom":111,"Frozen Egg 2":301,"Medical Kit":203,"bronze:BronzeIdol":168,"Mercury Hourglass":308,"Peace Pipe":14,"Calling Bell":301,"Busted Crown":249,"Turnip":56,"Coffee Dripper":157,"Art of War":253,"hexamod:BolsterEngine":149,"Toy Ornithopter":95}]},"card_choices":[{"not_picked":["champ:BringItOn","champ:CrownThrow"],"picked":"champ:DefensiveShout","floor":1.0},{"not_picked":["champ:Shatter","champ:ShieldSlam"],"picked":"champ:IronFortress","floor":2.0},{"not_picked":["champ:CrownThrow","champ:PerfectedStrike"],"picked":"champ:ShieldSigil","floor":4.0},{"not_picked":["champ:PerfectedStrike","champ:Circumvent"],"picked":"champ:ShieldWall","floor":5.0},{"not_picked":["champ:PerfectedStrike","champ:FanOfKnives"],"picked":"champ:FancyFootwork","floor":7.0},{"not_picked":["champ:Circumvent","champ:ShieldWall"],"picked":"champ:FocusedDefense","floor":11.0},{"not_picked":["champ:DefensiveShout","champ:Shatter"],"picked":"champ:Circumvent","floor":13.0},{"not_picked":["champ:Backstep","champ:FaceSlap"],"picked":"champ:ArenaPreparation","floor":14.0},{"not_picked":["champ:DancingMaster","champ:Devastate"],"picked":"champ:IgnorePain","floor":16.0},{"not_picked":["champ:Shatter"],"picked":"Singing Bowl","floor":18.0},{"not_picked":["champ:ShieldSlam"],"picked":"Singing Bowl","floor":23.0},{"not_picked":["champ:ShieldWall"],"picked":"Singing Bowl","floor":25.0},{"not_picked":[],"picked":"champ:DefensiveShout+1","floor":28.0},{"not_picked":["champ:PerfectedStrike"],"picked":"Singing Bowl","floor":31.0},{"not_picked":["champ:HeavySlash"],"picked":"champ:GladiatorForm","floor":33.0},{"not_picked":["champ:BerserkersShout","champ:CrownThrow"],"picked":"Singing Bowl","floor":35.0},{"not_picked":["champ:Backstep+1","champ:EnGarde"],"picked":"Singing Bowl","floor":36.0},{"not_picked":["champ:StanceDance+1"],"picked":"champ:FlashCut+1","floor":38.0},{"not_picked":["champ:FaceSlap","champ:BerserkersShout+1"],"picked":"Singing Bowl","floor":39.0},{"not_picked":["champ:GladiatorStyle+1"],"picked":"champ:DefensiveStyle+1","floor":40.0},{"not_picked":["champ:BerserkerStyle+1"],"picked":"champ:BringItOn+1","floor":42.0},{"not_picked":["champ:DeathBlow+1","champ:DefensiveShout+1"],"picked":"Singing Bowl","floor":45.0},{"not_picked":["champ:BladeFlurry+1"],"picked":"champ:StanceDance+1","floor":48},{"not_picked":["champ:PreciseThrust+1"],"picked":"champ:Circumvent","floor":54}],"player_experience":1179368,"relics_obtained":[{"floor":9.0,"key":"Juzu Bracelet"},{"floor":11.0,"key":"PreservedInsect"},{"floor":14.0,"key":"Singing Bowl"},{"floor":23.0,"key":"Blue Candle"},{"floor":25.0,"key":"Boot"},{"floor":26.0,"key":"Happy Flower"},{"floor":31.0,"key":"Question Card"},{"floor":34.0,"key":"hexamod:BolsterEngine"},{"floor":34.0,"key":"Frozen Egg 2"},{"floor":34.0,"key":"hexamod:Sixitude"},{"floor":40.0,"key":"War Paint"},{"floor":54,"key":"Shuriken"}],"event_choices":[{"damage_healed":0.0,"max_hp_gain":0.0,"max_hp_loss":0.0,"gold_gain":1.0,"event_name":"betterThird:BetterScrap","player_choice":"LEAVE","floor":12.0,"gold_loss":0.0,"damage_taken":0.0,"cards_obtained":["Distraction"]},{"damage_healed":0.0,"max_hp_gain":0.0,"max_hp_loss":0.0,"gold_gain":0.0,"cards_transformed":["champ:Strike"],"event_name":"Transmorgrifier","player_choice":"Transformed","floor":20.0,"gold_loss":0.0,"damage_taken":0.0,"cards_obtained":["champ:ShieldThrow"]},{"cards_removed":["champ:Execute"],"damage_healed":0.0,"max_hp_gain":0.0,"max_hp_loss":0.0,"gold_gain":0.0,"event_name":"Falling","player_choice":"Removed Attack","floor":47.0,"gold_loss":0.0,"damage_taken":0.0}],"is_beta":false,"boss_relics":[{"not_picked":["Tiny House","Ectoplasm"],"picked":"Busted Crown"},{"not_picked":["bronze:MakeshiftBattery","Coffee Dripper"],"picked":"Calling Bell"}],"items_purged_floors":[0,19],"is_endless":false,"potions_floor_spawned":[1,5,11,13,14,16,28,31,36,42,48,54],"ascension_level":11}}