{"host":"ls9famm0cjqbttri","time":1614311383,"event":{"mods":["AchievementEnabler","Act Like it!","BaseMod","Hermit","Minty Spire (QoL Compilation)","Quick Restart","Relic Stats","Robot Space Explorer","Ruina","StSLib","The Animator","The Death Knight","The Marked","????"],"gold_per_floor":[111,111,121,84,97,131,131,131,131],"floor_reached":8,"language":"ENG","playtime":942,"items_purged":[],"score":137,"play_id":"7c502497-9ac2-4c98-a79e-50b0bfb55764","local_time":"20210226044943","daily_mods":["SealedDeck","Heirloom","DeadlyEvents","Elite Swarm","Night Terrors"],"is_ascension_mode":true,"campfire_choices":[{"data":"DeathKnight:Hysteria","floor":7,"key":"SMITH"}],"circlet_count":0,"master_deck":["AscendersBane","DeathKnight:BladedArmor","DeathKnight:AntiMagicShell","DeathKnight:RunicCorruption","DeathKnight:GargoyleSkin","DeathKnight:Pestilence","DeathKnight:FrosPresence","DeathKnight:HowlingBlast","DeathKnight:Hysteria","DeathKnight:IceboundArmor","DeathKnight:AntiMagicShell","DeathKnight:AntiMagicShell","DeathKnight:AntiMagicShell","DeathKnight:Hysteria+1"],"relics":["DeathKnight:BrokenRuneblade","Gambling Chip","Bag of Preparation"],"acts_visited":["Exordium"],"potions_floor_usage":[],"damage_taken":[{"damage":8,"enemies":"Jaw Worm","floor":1,"turns":7},{"damage":6,"enemies":"2 Louse","floor":3,"turns":3},{"damage":0,"enemies":"Cultist","floor":5,"turns":5},{"damage":14,"enemies":"3 Sentries","floor":6,"turns":9},{"damage":48,"enemies":"Gremlin Nob","floor":8,"turns":4}],"seed_played":"-1816307917568949761","potions_obtained":[{"floor":3,"key":"SpeedPotion"}],"is_trial":true,"path_per_floor":["M","?","M","$","M","E","R","E"],"character_chosen":"DEATH_KNIGHT","items_purchased":["DeathKnight:AntiMagicShell"],"campfire_rested":0,"item_purchase_floors":[4],"current_hp_per_floor":[56,49,43,43,43,29,29,0,0],"gold":131,"neow_bonus":"","is_daily":false,"chose_seed":false,"campfire_upgraded":1,"win_rate":0.0,"timestamp":1614311383,"path_taken":["M","?","M","$","M","E","R","E"],"items_purchased_type":["Card"],"build_version":"2020-12-22","purchased_purges":0,"victory":false,"max_hp_per_floor":[71,71,71,71,71,71,71,71,71],"relic_stats":{"counters":[5,28],"Gambling Chip":[14],"Bag of Preparation":[2],"obtain_stats":[{"Gambling Chip":0,"Bag of Preparation":6,"DeathKnight:BrokenRuneblade":0},{"Gambling Chip":0,"Bag of Preparation":4,"DeathKnight:BrokenRuneblade":0},{"Gambling Chip":0,"Bag of Preparation":24,"DeathKnight:BrokenRuneblade":0}]},"card_choices":[{"not_picked":["DeathKnight:UnholyFrenzy","DeathKnight:BloodTap"],"picked":"DeathKnight:AntiMagicShell","floor":1},{"not_picked":["DeathKnight:UnholyFrenzy","DeathKnight:BloodTap"],"picked":"DeathKnight:AntiMagicShell","floor":1},{"not_picked":["DeathKnight:HornOfWinter","DeathKnight:DancingRuneblade","DeathKnight:ScourgeStrike"],"picked":"SKIP","floor":3},{"not_picked":["DeathKnight:Pestilence","DeathKnight:BludPresence"],"picked":"DeathKnight:Hysteria","floor":5},{"not_picked":["DeathKnight:Outbreak","DeathKnight:SindragosasBreath","DeathKnight:Frostscythe"],"picked":"SKIP","floor":6}],"player_experience":96512,"relics_obtained":[{"floor":6,"key":"Bag of Preparation"}],"event_choices":[{"cards_removed":["DeathKnight:MutagenicPlague"],"damage_healed":0,"gold_gain":0,"player_choice":"Card Removal","damage_taken":7,"max_hp_gain":0,"max_hp_loss":0,"event_name":"Golden Wing","floor":2,"gold_loss":0}],"is_beta":false,"boss_relics":[],"items_purged_floors":[],"is_endless":false,"potions_floor_spawned":[3],"killed_by":"Gremlin Nob","ascension_level":20}}