{"host":"ymmeoa1x24ihslbm","time":1614377838,"event":{"mods":["AchievementEnabler","BaseMod","Colored Map","Colored Powertips","Defuse TimeMaze Blight","Hermit","Highlight Path","Minty Spire (QoL Compilation)","Permanent Neow","Quick Restart","StSLib","Unceasing Turn Reminder"],"gold_per_floor":[113,113,113,126,46,46,76,76,76,131,148,194,194,208,208,313,313,329,329,347,362,374,374,374],"floor_reached":23,"language":"ENG","playtime":1650,"items_purged":[],"score":265,"play_id":"1f254949-ba01-4746-8545-87cd0e42b8ac","local_time":"20210226231718","is_ascension_mode":true,"campfire_choices":[{"data":"hermit:LuckOfTheDraw","floor":6,"key":"SMITH"},{"data":"hermit:Virtue","floor":8,"key":"SMITH"},{"data":"hermit:ShadowCloak","floor":13,"key":"SMITH"},{"data":"hermit:Magnum","floor":15,"key":"SMITH"}],"circlet_count":0,"master_deck":["hermit:Strike_Hermit","hermit:Strike_Hermit","hermit:Strike_Hermit","hermit:Strike_Hermit","hermit:Defend_Hermit+1","hermit:Defend_Hermit","hermit:Defend_Hermit+1","hermit:Defend_Hermit","hermit:Snapshot+1","hermit:Covet+1","Regret","hermit:LuckOfTheDraw+1","hermit:Determination","hermit:Virtue+1","hermit:ShadowCloak+1","hermit:Magnum+1","hermit:Dissolve","CurseOfTheBell","hermit:Midnight","hermit:Snapshot+1","hermit:LoneWolf","hermit:Manifest","hermit:SprayPray"],"relics":["hermit:Momento","Tiny Chest","Ornamental Fan","Eternal Feather","Toy Ornithopter","War Paint","Calling Bell","hermit:RyeStalk","hermit:Spyglass","Incense Burner"],"acts_visited":["Exordium","TheCity"],"potions_floor_usage":[14,16,18,20],"damage_taken":[{"damage":3,"enemies":"Small Slimes","floor":1,"turns":3},{"damage":2,"enemies":"Jaw Worm","floor":4,"turns":2},{"damage":41,"enemies":"Lagavulin","floor":7,"turns":9},{"damage":21,"enemies":"Lagavulin Event","floor":10,"turns":5},{"damage":1,"enemies":"2 Louse","floor":11,"turns":3},{"damage":9,"enemies":"Gremlin Gang","floor":14,"turns":5},{"damage":0,"enemies":"Slime Boss","floor":16,"turns":5},{"damage":17,"enemies":"2 Thieves","floor":18,"turns":3},{"damage":5,"enemies":"Chosen","floor":20,"turns":5},{"damage":2,"enemies":"Snecko","floor":21,"turns":5},{"damage":52,"enemies":"Snake Plant","floor":22,"turns":6},{"damage":11,"enemies":"Gremlin Leader","floor":23,"turns":6}],"seed_played":"-8610863535676809862","potions_obtained":[{"floor":1,"key":"PowerPotion"},{"floor":7,"key":"Dexterity Potion"},{"floor":10,"key":"CultistPotion"},{"floor":20,"key":"Fruit Juice"},{"floor":21,"key":"Ancient Potion"},{"floor":22,"key":"hermit:BlackBile"}],"is_trial":false,"path_per_floor":["M","?","?","M","$","R","E","R","T","?","M","T","R","M","R","B",null,"M","?","M","M","M","E"],"character_chosen":"HERMIT","items_purchased":["hermit:Determination"],"campfire_rested":0,"item_purchase_floors":[5],"current_hp_per_floor":[72,72,72,70,70,70,29,29,29,8,7,7,16,12,21,26,75,58,58,63,61,9,0,0],"gold":374,"neow_bonus":"UPGRADE_CARD","is_daily":false,"chose_seed":false,"campfire_upgraded":4,"win_rate":0.0,"timestamp":1614377838,"path_taken":["M","?","?","M","$","R","E","R","T","?","?","?","R","M","R","BOSS","M","?","M","M","M","E"],"items_purchased_type":["Card"],"build_version":"2020-12-22","purchased_purges":0,"victory":false,"max_hp_per_floor":[75,75,75,75,75,75,75,75,75,75,75,75,75,75,75,75,75,75,75,80,80,80,80,80],"card_choices":[{"not_picked":["hermit:TakeCover","hermit:Feint","hermit:Ricochet"],"picked":"SKIP","floor":1},{"not_picked":["hermit:Cheat","hermit:BodyArmor"],"picked":"hermit:LuckOfTheDraw","floor":4},{"not_picked":["hermit:Gestalt","hermit:Coalescence"],"picked":"hermit:Virtue","floor":7},{"not_picked":["hermit:Ricochet","hermit:TakeAim"],"picked":"hermit:ShadowCloak","floor":10},{"not_picked":["hermit:Ricochet","hermit:WideOpen","hermit:BodyArmor"],"picked":"SKIP","floor":11},{"not_picked":["hermit:Quickdraw","hermit:PistolWhip"],"picked":"hermit:Magnum","floor":14},{"not_picked":["hermit:Gambit","hermit:Roughhouse"],"picked":"hermit:Dissolve","floor":16},{"not_picked":["hermit:DeadMansHand+1","hermit:TakeAim+1"],"picked":"hermit:Midnight","floor":18},{"not_picked":["hermit:Quickdraw","hermit:WideOpen"],"picked":"hermit:LoneWolf","floor":20},{"not_picked":["hermit:ItchyTrigger","hermit:WideOpen"],"picked":"hermit:Manifest","floor":21},{"not_picked":["hermit:Desperado","hermit:Roulette"],"picked":"hermit:SprayPray","floor":22}],"player_experience":707252,"relics_obtained":[{"floor":7,"key":"Ornamental Fan"},{"floor":9,"key":"Eternal Feather"},{"floor":12,"key":"War Paint"},{"floor":17,"key":"hermit:RyeStalk"},{"floor":17,"key":"hermit:Spyglass"},{"floor":17,"key":"Incense Burner"}],"event_choices":[{"damage_healed":0,"gold_gain":0,"player_choice":"Box","damage_taken":0,"relics_obtained":["Tiny Chest"],"max_hp_gain":0,"max_hp_loss":0,"event_name":"Big Fish","floor":2,"gold_loss":0,"cards_obtained":["Regret"]},{"damage_healed":0,"gold_gain":0,"player_choice":"Grow","damage_taken":0,"max_hp_gain":0,"max_hp_loss":0,"event_name":"Living Wall","floor":3,"gold_loss":0,"cards_upgraded":["hermit:Covet"]},{"damage_healed":0,"gold_gain":0,"player_choice":"Searched \u00272\u0027 times","damage_taken":0,"relics_obtained":["Toy Ornithopter"],"max_hp_gain":0,"max_hp_loss":0,"event_name":"Dead Adventurer","floor":10,"gold_loss":0},{"damage_healed":0,"gold_gain":0,"player_choice":"Copied","damage_taken":0,"max_hp_gain":0,"max_hp_loss":0,"event_name":"Duplicator","floor":19,"gold_loss":0,"cards_obtained":["hermit:Snapshot"]}],"is_beta":false,"boss_relics":[{"not_picked":["Cursed Key","Black Star"],"picked":"Calling Bell"}],"items_purged_floors":[],"is_endless":false,"potions_floor_spawned":[1,7,10,20,21,22],"killed_by":"Gremlin Leader","ascension_level":2}}