{"host":"ufhw4cf0hh51lveu","time":1614307051,"event":{"mods":["BaseMod","DeckTracker","Library of Ruina","Lobotomy","Minty Spire (QoL Compilation)","SuperFastMode"],"gold_per_floor":[110,127,139,64,83,83,83],"floor_reached":6,"language":"KOR","playtime":212,"items_purged":["LightAttack"],"score":63,"play_id":"5701b01a-bbd0-45fc-baec-ea1f4b248bd0","local_time":"20210226113731","is_ascension_mode":false,"campfire_choices":[],"circlet_count":0,"master_deck":["Dodge","LightDefense","LightAttack","LightAttack","LightDefense","LightDefense","LightDefense","ChargeAndCover","FocusedStrikes","Execute_lor","Retaliate","Gamble"],"relics":["PageOfLibrarian"],"acts_visited":["Exordium"],"potions_floor_usage":[],"damage_taken":[{"damage":13,"enemies":"Cultist","floor":1,"turns":5},{"damage":13,"enemies":"Jaw Worm","floor":2,"turns":3},{"damage":0,"enemies":"2 Louse","floor":3,"turns":3},{"damage":21,"enemies":"Large Slime","floor":5,"turns":7},{"damage":29,"enemies":"Lagavulin","floor":6,"turns":6}],"seed_played":"-2528319763330347713","potions_obtained":[{"floor":3,"key":"Dexterity Potion"}],"is_trial":false,"path_per_floor":["M","M","M","$","M","E"],"character_chosen":"Librarian","items_purchased":[],"campfire_rested":0,"item_purchase_floors":[],"current_hp_per_floor":[53,40,42,42,24,0,0],"gold":83,"neow_bonus":"TEN_PERCENT_HP_BONUS","is_daily":false,"chose_seed":false,"campfire_upgraded":0,"win_rate":0.0,"timestamp":1614307051,"path_taken":["M","M","M","$","M","E"],"items_purchased_type":[],"build_version":"2020-12-22","purchased_purges":1,"victory":false,"max_hp_per_floor":[68,73,69,69,76,76,76],"card_choices":[{"not_picked":["QuickSuppression","DarkCloud","GreatSerpentsImpact","PreparedMind","PreemptiveStrike","StayCalm","GuidanceOfTheGears","BiAn","Diversion"],"picked":"SKIP","floor":1},{"not_picked":["QuickAttack","StructuralAnalysis","EnergyStrike","Preparation","ClassAndRespect","Retaliate","BoundaryOfDeath","GatherIntel"],"picked":"Execute_lor","floor":2},{"not_picked":["GuidanceOfTheGears","SnakesPrey","Suppress","IdentifyWeakpoint","HandleRequest","KeepItFresh","Faith","RapidGashes"],"picked":"Retaliate","floor":3},{"not_picked":["QuickAttack","StrongStrike","SilentMist","VenomousFangs","EnergyStrike","FieryDragonSlash","HiddenBlade","Rewind"],"picked":"Gamble","floor":5}],"player_experience":87716,"relics_obtained":[],"event_choices":[],"is_beta":false,"boss_relics":[],"items_purged_floors":[4],"is_endless":false,"potions_floor_spawned":[3],"killed_by":"Lagavulin","ascension_level":0}}