{"host":"yg1n0qads92lo9wl","time":1614318132,"event":{"mods":["Act Like it!","Astrologer","BaseMod","Downfall","Minty Spire (QoL Compilation)","Replay The Spire","Ruina","StSLib"],"gold_per_floor":[99,113,213,230,330,330,354,373,402,419,433,433,433,433,449,545,545,545,64,107,38,38,52,52,52,102,102,116,136,169,179,191,286,286,286,298,311,311,325,325,325,325,325,345,345,374,202,252,252,252],"floor_reached":51,"language":"ZHS","playtime":3390,"items_purged":["sneckomod:Strike","sneckomod:Defend","ReplayTheSpireMod:Doomed"],"score":924,"play_id":"b755c131-7200-4a16-8963-1da4fe4b70e5","local_time":"20210226134212","is_ascension_mode":false,"campfire_choices":[{"floor":6.0,"key":"REST"},{"floor":13.0,"key":"REST"},{"floor":18.0,"key":"DIG"},{"data":"sneckomod:DiceBoulder+1","floor":25.0,"key":"SMITH"},{"floor":35.0,"key":"DIG"},{"data":"sneckomod:DiceBoulder+2","floor":40.0,"key":"SMITH"},{"data":"sneckomod:DiceBoulder+3","floor":40.0,"key":"SMITH"},{"data":"sneckomod:DiceBoulder+4","floor":45.0,"key":"SMITH"},{"data":"sneckomod:DiceBoulder+5","floor":45.0,"key":"SMITH"}],"circlet_count":0,"master_deck":["sneckomod:Defend","sneckomod:TailWhip","sneckomod:Unknown+1","sneckomod:Unknown","sneckomod:DiceBoulder+6","sneckomod:DiceBoulder","sneckomod:TrashToTreasure","sneckomod:CheapStock","sneckomod:DiceCrush+1","sneckomod:UnknownVulnerable+1","sneckomod:QuickMove","sneckomod:IronFang","sneckomod:Cheat+1","sneckomod:Unknown0Cost+1","sneckomod:ImprovisedAttack+1","Bandage Up+1","sneckomod:DiceBoulder","sneckomod:RainOfDice","sneckomod:RainOfDice","sneckomod:DiceCrush","sneckomod:DiceBlock","sneckomod:QuickBite+1","sneckomod:DiceBoulder+2","sneckomod:QuickBite+1","sneckomod:CheapStock+1","sneckomod:IronFang","sneckomod:UnknownClassASTROLOGER+1","sneckomod:Unknown0Cost","Looming Evil","sneckomod:UnknownRarePower","CurseOfTheBell","sneckomod:DiceBlock+1","sneckomod:DiceCrush","sneckomod:UnknownClassASTROLOGER","sneckomod:UnknownRareSkill","ReplayTheSpireMod:Faulty Equipment","Injury","Clumsy","ReplayTheSpireMod:Splinters","sneckomod:Unknown0Cost+1","sneckomod:IronFang+1","sneckomod:WideSting+1","sneckomod:SoulDraw+1"],"relics":["Honey Jar","hexamod:CandleOfCauterizing","Lantern","PreservedInsect","Blue Candle","Cursed Key","War Paint","Sundial","champ:Barbells","Replay:WaspNest","ReplayTheSpireMod:Ring of Collecting","Ring of Greed","Replay:Wax Seal","Blue Doll","Potion Belt","Replay:Grab Bag","Philosopher\u0027s Stone","ChewingGum","Calling Bell","Omamori","Kunai","Replay:Arrowhead","Divine Protection","ReplayTheSpireMod:Ring of Addiction","ReplayFunnel","Toy Ornithopter","SacredBark","Question Card","Ring of Searing","Darkstone Periapt","Smiling Mask","Du-Vu Doll"],"acts_visited":["Exordium","TheCity","TheBeyond"],"potions_floor_usage":[50],"damage_taken":[{"damage":6.0,"enemies":"Jaw Worm","floor":2.0,"turns":3.0},{"damage":0.0,"enemies":"Small Slimes","floor":4.0,"turns":3.0},{"damage":55.0,"enemies":"downfall:Heads","floor":5.0,"turns":6.0},{"damage":0.0,"enemies":"2 Louse","floor":8.0,"turns":1.0},{"damage":8.0,"enemies":"Lagavulin","floor":9.0,"turns":3.0},{"damage":7.0,"enemies":"Blue Slaver","floor":10.0,"turns":2.0},{"damage":10.0,"enemies":"2 Fungi Beasts","floor":11.0,"turns":2.0},{"damage":5.0,"enemies":"Lots of Slimes","floor":15.0,"turns":4.0},{"damage":18.0,"enemies":"WA_ARCHETYPE_RETAIN","floor":16.0,"turns":4.0},{"damage":0.0,"enemies":"downfall:FleeingMerchant","floor":19.0,"turns":4.0},{"damage":6.0,"enemies":"Chosen","floor":20.0,"turns":3.0},{"damage":0.0,"enemies":"downfall:FleeingMerchant","floor":21.0,"turns":3.0},{"damage":4.0,"enemies":"3 Byrds","floor":23.0,"turns":5.0},{"damage":6.0,"enemies":"Shelled Parasite and Fungi","floor":28.0,"turns":3.0},{"damage":0.0,"enemies":"Snecko","floor":29.0,"turns":2.0},{"damage":14.0,"enemies":"Book of Stabbing","floor":30.0,"turns":3.0},{"damage":17.0,"enemies":"Snake Plant","floor":31.0,"turns":3.0},{"damage":8.0,"enemies":"Centurion and Healer","floor":32.0,"turns":4.0},{"damage":12.0,"enemies":"IC_MUSHROOM_ARCHETYPE","floor":33.0,"turns":4.0},{"damage":30.0,"enemies":"3 Darklings","floor":36.0,"turns":4.0},{"damage":0.0,"enemies":"Orb Walker","floor":37.0,"turns":2.0},{"damage":8.0,"enemies":"Jaw Worm Horde","floor":39.0,"turns":4.0},{"damage":0.0,"enemies":"3 Darklings","floor":44.0,"turns":3.0},{"damage":20.0,"enemies":"Nemesis","floor":46.0,"turns":3.0},{"damage":0.0,"enemies":"Nemesis","floor":48.0,"turns":4.0},{"damage":16.0,"enemies":"Maw","floor":49.0,"turns":5.0},{"damage":14,"enemies":"SI_POISON_ARCHETYPE","floor":50,"turns":4}],"seed_played":"5931745053297170041","potions_obtained":[{"floor":2.0,"key":"SpeedPotion"},{"floor":4.0,"key":"Milkshake"},{"floor":10.0,"key":"AttackPotion"},{"floor":11.0,"key":"Death Potion"},{"floor":15.0,"key":"Fire Potion"},{"floor":20.0,"key":"LiquidMemories"},{"floor":29.0,"key":"Energy Potion"},{"floor":30.0,"key":"SkillPotion"},{"floor":31.0,"key":"Block Potion"},{"floor":33.0,"key":"LifebloodPotion"},{"floor":36.0,"key":"EssenceOfSteel"},{"floor":41.0,"key":"LiquidBronze"},{"floor":41.0,"key":"SmokeBomb"},{"floor":41.0,"key":"Weak Potion"}],"is_trial":false,"path_per_floor":["R","M","?","M","?","R","T","M","E","M","M","T","R","?","M","B",null,"R","$","M","$","?","M","T","R","?","?","M","M","E","M","M","B",null,"R","M","M","?","M","R","T","?","T","M","R","E","$","?","M","B",null],"character_chosen":"THE_SNECKO","items_purchased":["Sundial","sneckomod:ImprovisedAttack+1","Bandage Up","champ:Barbells","sneckomod:RainOfDice","sneckomod:DiceCrush","sneckomod:DiceBlock","sneckomod:WideSting+1","CultistPotion"],"campfire_rested":2,"item_purchase_floors":[19,19,19,21,21,21,21,47,47],"current_hp_per_floor":[87,81,81,81,26,53,53,53,45,38,28,28,55,55,50,32,90,90,90,88,90,90,90,90,90,90,90,88,90,80,67,63,55,90,90,63,63,63,59,59,59,59,59,87,87,73,73,83,78,75],"gold":252,"neow_bonus":"BOSS_RELIC","is_daily":false,"chose_seed":false,"campfire_upgraded":5,"win_rate":0.0,"timestamp":1614318132,"path_taken":["R","M","?","M","?","R","T","M","E","M","M","?","R","?","M","BOSS","R","$","M","$","?","?","T","R","?","?","M","M","E","?","M","BOSS","R","M","M","?","M","R","T","?","?","M","R","E","$","?","M","BOSS"],"items_purchased_type":["Relic","Card","Card","Relic","Card","Card","Card","Card","Potion"],"build_version":"2020-12-22","purchased_purges":3,"victory":true,"max_hp_per_floor":[90,90,90,90,90,90,90,90,90,90,90,90,90,90,90,90,90,90,90,90,90,90,90,90,90,90,90,90,90,90,90,90,90,90,90,90,90,90,90,90,90,90,90,108,108,108,108,106,106,106],"card_choices":[{"not_picked":["sneckomod:ImprovisedAttack","sneckomod:UnknownStrike","sneckomod:UnknownExhaust"],"picked":"sneckomod:DiceBoulder","floor":2.0},{"not_picked":["sneckomod:WideSting","sneckomod:SoulDraw","sneckomod:SoulRoll"],"picked":"sneckomod:DiceBoulder","floor":4.0},{"not_picked":["sneckomod:UnknownWeak","sneckomod:UnknownCommonAttack","sneckomod:Nope"],"picked":"sneckomod:CheapStock","floor":5.0},{"not_picked":["sneckomod:CheapStock","sneckomod:ImprovisedGuard","sneckomod:UnknownCommonSkill"],"picked":"sneckomod:DiceCrush","floor":8.0},{"not_picked":["sneckomod:UnknownCommonSkill","sneckomod:DangerNoodle","sneckomod:Unknown2Cost"],"picked":"sneckomod:QuickBite","floor":9.0},{"not_picked":["sneckomod:DiceCrush","sneckomod:UnknownDraw","sneckomod:Unknown1Cost"],"picked":"sneckomod:UnknownVulnerable","floor":10.0},{"not_picked":["sneckomod:UnknownCommonAttack","sneckomod:UnknownUncommonPower","sneckomod:MasterEye"],"picked":"sneckomod:QuickMove","floor":11.0},{"not_picked":["sneckomod:Nope","sneckomod:DiceCrush","sneckomod:ImprovisedGuard"],"picked":"sneckomod:IronFang","floor":15.0},{"not_picked":["sneckomod:DangerNoodle","sneckomod:SoulExchange","sneckomod:MorePower"],"picked":"sneckomod:Cheat","floor":16.0},{"not_picked":["sneckomod:UnknownVulnerable","sneckomod:UnknownCommonSkill","sneckomod:UnknownClassASTROLOGER"],"picked":"sneckomod:Unknown0Cost","floor":19.0},{"not_picked":["sneckomod:UnknownClassGUARDIAN","sneckomod:UnknownCommonAttack","sneckomod:UnknownCommonSkill"],"picked":"sneckomod:DiceBoulder","floor":20.0},{"not_picked":["sneckomod:UnknownBoss","sneckomod:IronFang","sneckomod:Nope"],"picked":"sneckomod:RainOfDice","floor":21.0},{"not_picked":["sneckomod:UnknownBlock","sneckomod:UnknownUncommonPower","sneckomod:UnknownCommonSkill+1"],"picked":"sneckomod:QuickBite+1","floor":23.0},{"not_picked":["sneckomod:UnlimitedRolls","sneckomod:UnknownDraw","sneckomod:ImprovisedAttack+1"],"picked":"sneckomod:QuickBite+1","floor":28.0},{"not_picked":["sneckomod:WideSting","sneckomod:DiceCrush","sneckomod:UnknownX"],"picked":"sneckomod:CheapStock+1","floor":29.0},{"not_picked":["sneckomod:DangerNoodle","sneckomod:UnknownCommonAttack+1","sneckomod:RainOfDice"],"picked":"sneckomod:IronFang","floor":30.0},{"not_picked":["sneckomod:SoulRoll","sneckomod:UnknownUncommonSkill+1","sneckomod:SoulDraw+1"],"picked":"sneckomod:UnknownClassASTROLOGER+1","floor":31.0},{"not_picked":["sneckomod:SnekBeam","sneckomod:RainOfDice","sneckomod:SoulRoll"],"picked":"sneckomod:Unknown0Cost","floor":32.0},{"not_picked":["sneckomod:DangerNoodle","sneckomod:UnlimitedRolls","sneckomod:MorePower"],"picked":"sneckomod:UnknownRarePower","floor":33.0},{"not_picked":["sneckomod:UnknownClassGUARDIAN","sneckomod:UnknownDraw+1","sneckomod:Nope"],"picked":"sneckomod:DiceBlock+1","floor":36.0},{"not_picked":["sneckomod:SnekBeam+1","sneckomod:ImprovisedGuard","sneckomod:UnknownVulnerable+1"],"picked":"sneckomod:DiceCrush","floor":37.0},{"not_picked":["sneckomod:SnekBeam+1","sneckomod:Nope+1","sneckomod:UnknownUncommonAttack"],"picked":"sneckomod:UnknownClassASTROLOGER","floor":39.0},{"not_picked":["sneckomod:Unknown1Cost","sneckomod:DiceBlock","sneckomod:UnknownX+1"],"picked":"sneckomod:UnknownRareSkill","floor":42.0},{"not_picked":["sneckomod:MasterEye","sneckomod:UnknownDraw+1","sneckomod:CheapStock+1","sneckomod:UnknownClassGUARDIAN"],"picked":"sneckomod:Unknown0Cost+1","floor":44.0},{"not_picked":["sneckomod:TrashToTreasure+1","sneckomod:UnknownBlock","sneckomod:SoulDraw","sneckomod:SoulRoll+1"],"picked":"sneckomod:IronFang+1","floor":46.0},{"not_picked":["sneckomod:UnknownDraw","sneckomod:UnknownClassGUARDIAN+1","sneckomod:UnknownBlock","sneckomod:UnknownCommonAttack"],"picked":"sneckomod:SoulDraw+1","floor":48.0}],"player_experience":550850,"relics_obtained":[{"floor":7.0,"key":"Lantern"},{"floor":9.0,"key":"PreservedInsect"},{"floor":12.0,"key":"Blue Candle"},{"floor":18.0,"key":"War Paint"},{"floor":24.0,"key":"Replay:WaspNest"},{"floor":26.0,"key":"ReplayTheSpireMod:Ring of Collecting"},{"floor":26.0,"key":"Ring of Greed"},{"floor":26.0,"key":"Replay:Wax Seal"},{"floor":26.0,"key":"Blue Doll"},{"floor":30.0,"key":"Potion Belt"},{"floor":34.0,"key":"Omamori"},{"floor":34.0,"key":"Kunai"},{"floor":34.0,"key":"Replay:Arrowhead"},{"floor":35.0,"key":"Divine Protection"},{"floor":41.0,"key":"ReplayTheSpireMod:Ring of Addiction"},{"floor":41.0,"key":"ReplayFunnel"},{"floor":41.0,"key":"Toy Ornithopter"},{"floor":41.0,"key":"SacredBark"},{"floor":42.0,"key":"Question Card"},{"floor":43.0,"key":"Ring of Searing"},{"floor":43.0,"key":"Darkstone Periapt"},{"floor":46.0,"key":"Smiling Mask"},{"floor":48.0,"key":"Du-Vu Doll"}],"event_choices":[{"damage_healed":0.0,"max_hp_gain":0.0,"max_hp_loss":0.0,"gold_gain":0.0,"event_name":"Scrap Ooze","player_choice":"Success","floor":1.0,"gold_loss":0.0,"damage_taken":3.0,"relics_obtained":["hexamod:CandleOfCauterizing"]},{"cards_removed":["sneckomod:Strike"],"damage_healed":0.0,"max_hp_gain":0.0,"max_hp_loss":0.0,"gold_gain":0.0,"event_name":"Bonfire Elementals","player_choice":"Offered Basic","floor":14.0,"gold_loss":0.0,"damage_taken":0.0},{"cards_removed":["sneckomod:QuickBite"],"damage_healed":0.0,"max_hp_gain":0.0,"max_hp_loss":0.0,"gold_gain":0.0,"event_name":"Falling","player_choice":"Removed Attack","floor":38.0,"gold_loss":0.0,"damage_taken":0.0}],"is_beta":false,"boss_relics":[{"not_picked":["Empty Cage","Runic Pyramid"],"picked":"Cursed Key"},{"not_picked":["Replay:Drink Me","Kintsugi"],"picked":"Replay:Grab Bag"},{"not_picked":["Coffee Dripper","SlaversCollar"],"picked":"Philosopher\u0027s Stone"},{"not_picked":["Fusion Hammer","Velvet Choker"],"picked":"ChewingGum"},{"not_picked":["Pandora\u0027s Box","expansioncontent:StudyCardRelic"],"picked":"Calling Bell"}],"items_purged_floors":[19,21,47],"is_endless":false,"potions_floor_spawned":[2,4,10,11,15,20,29,30,31,33,36,49],"ascension_level":0}}