{"host":"wbn3xdfsa5pc2kse","time":1614358888,"event":{"mods":["AchievementEnabler","BaseMod","Bestiary","Better Altar","Better Match","Better Note","Better Sensory Stone","Better Skull","Better Third Choice","Colored Map","Colored Powertips","Curses Come First","Highlight Path","Minty Spire (QoL Compilation)","Permanent Neow","Rare Cards Sparkle","Relic Stats","Replay The Spire","StSLib"],"gold_per_floor":[217,232,232,251,276,276,319,334,334,334,369,369,427,427,427,442,442],"floor_reached":16,"language":"ENG","playtime":644,"items_purged":[],"score":202,"play_id":"3902a357-8cf8-43a4-9352-2e2d486bf23e","local_time":"20210227010128","is_ascension_mode":true,"campfire_choices":[{"data":"Armaments","floor":6,"key":"SMITH"},{"data":"Perfected Strike","floor":10,"key":"SMITH"},{"data":"ReplayTheSpireMod:Muscle Training","floor":15,"key":"SMITH"},{"data":"Bash","floor":15,"key":"SMITH"}],"circlet_count":0,"master_deck":["AscendersBane","Strike_R","Strike_R","Strike_R","Strike_R","Defend_R","Defend_R","Defend_R","Defend_R","Bash+1","Perfected Strike+1","ReplayTheSpireMod:Muscle Training+1","Armaments+1","Reaper","Twin Strike","Pommel Strike","Heavy Blade","Seeing Red","Whirlwind+1"],"relics":["Burning Blood","Golden Idol","Art of War","Snack Pack","Replay:Arrowhead","ReplayTheSpireMod:Ring of Challenge"],"acts_visited":["Exordium"],"potions_floor_usage":[7,16],"damage_taken":[{"damage":7,"enemies":"2 Louse","floor":1,"turns":4},{"damage":7,"enemies":"Jaw Worm","floor":2,"turns":4},{"damage":0,"enemies":"Small Slimes","floor":4,"turns":3},{"damage":2,"enemies":"Looter","floor":5,"turns":4},{"damage":19,"enemies":"Lagavulin","floor":7,"turns":6},{"damage":17,"enemies":"Blue Slaver","floor":8,"turns":3},{"damage":14,"enemies":"3 Sentries","floor":11,"turns":6},{"damage":17,"enemies":"2 Fungi Beasts","floor":13,"turns":6},{"damage":54,"enemies":"Hexaghost","floor":16,"turns":9}],"seed_played":"8014868470201570738","potions_obtained":[{"floor":4,"key":"Fire Potion"},{"floor":11,"key":"Weak Potion"},{"floor":13,"key":"Explosive Potion"}],"is_trial":false,"path_per_floor":["M","M","?","M","M","R","E","M","T","R","E","?","M","?","R","B"],"character_chosen":"IRONCLAD","items_purchased":[],"campfire_rested":0,"item_purchase_floors":[],"current_hp_per_floor":[67,66,66,68,68,68,55,47,47,47,53,53,42,42,42,0,0],"gold":442,"neow_bonus":"HUNDRED_GOLD","is_daily":false,"chose_seed":false,"campfire_upgraded":4,"win_rate":0.0,"timestamp":1614358888,"path_taken":["M","M","?","M","M","R","E","M","T","R","E","?","M","?","R","BOSS"],"items_purchased_type":[],"build_version":"2020-12-22","purchased_purges":0,"victory":false,"max_hp_per_floor":[75,75,68,68,68,68,68,68,68,68,68,68,68,68,68,68,68],"relic_stats":{"counters":[9,45],"Golden Idol":31,"Art of War":[2],"obtain_stats":[{"Golden Idol":3,"Art of War":7,"Snack Pack":9,"ReplayTheSpireMod:Ring of Challenge":12,"Burning Blood":0,"Replay:Arrowhead":11},{"Golden Idol":2,"Art of War":5,"Snack Pack":6,"ReplayTheSpireMod:Ring of Challenge":7,"Burning Blood":0,"Replay:Arrowhead":7},{"Golden Idol":8,"Art of War":21,"Snack Pack":24,"ReplayTheSpireMod:Ring of Challenge":30,"Burning Blood":0,"Replay:Arrowhead":30}],"Burning Blood":40},"card_choices":[{"not_picked":["Reckless Charge","Shockwave"],"picked":"Perfected Strike","floor":1},{"not_picked":["Perfected Strike","Cleave"],"picked":"ReplayTheSpireMod:Muscle Training","floor":2},{"not_picked":["Cleave","Warcry"],"picked":"Armaments","floor":4},{"not_picked":["Run Through","Metallicize"],"picked":"Reaper","floor":5},{"not_picked":["ReplayTheSpireMod:Muscle Training","Rage"],"picked":"Twin Strike","floor":7},{"not_picked":["Shockwave","Warcry"],"picked":"Pommel Strike","floor":8},{"not_picked":["Impervious","Run Through"],"picked":"Heavy Blade","floor":11},{"not_picked":["Heavy Blade","Warcry"],"picked":"Seeing Red","floor":13}],"player_experience":905192,"relics_obtained":[{"floor":7,"key":"Art of War"},{"floor":9,"key":"Snack Pack"},{"floor":11,"key":"Replay:Arrowhead"},{"floor":12,"key":"ReplayTheSpireMod:Ring of Challenge"}],"event_choices":[{"damage_healed":0,"gold_gain":0,"player_choice":"Lose Max HP","damage_taken":0,"relics_obtained":["Golden Idol"],"max_hp_gain":0,"max_hp_loss":7,"event_name":"Golden Idol","floor":3,"gold_loss":0}],"is_beta":false,"boss_relics":[],"items_purged_floors":[],"is_endless":false,"potions_floor_spawned":[4,11,13],"killed_by":"Hexaghost","ascension_level":16}}