{"host":"nlkzb915iheahf5o","time":1614308852,"event":{"mods":["AchievementEnabler","BaseMod","Minty Spire (QoL Compilation)","StSLib"],"gold_per_floor":[12,12,12,25,50,50,50,50,50,75,88,88,13,37,37,168,168,189,189,189,32,57,91,91,110,155,179,193,213,213,213,213,213,213],"floor_reached":33,"language":"ENG","playtime":1061,"items_purged":["Strike_R"],"score":259,"play_id":"643e49ed-392a-405e-8353-c9e636f9e2dc","local_time":"20210225210732","is_ascension_mode":false,"campfire_choices":[{"data":"1","floor":6,"key":"LIFT"},{"data":"2","floor":8,"key":"LIFT"},{"data":"3","floor":12,"key":"LIFT"},{"floor":15,"key":"REST"},{"floor":24,"key":"REST"},{"floor":32,"key":"REST"}],"circlet_count":0,"master_deck":["Strike_R","Strike_R","Strike_R","Defend_R","Defend_R","Defend_R","Defend_R+1","Bash+1","Heavy Blade","Pommel Strike","Thunderclap","Flex","Perfected Strike","Blood for Blood","Double Tap","Perfected Strike+1","Spot Weakness","Limit Break"],"relics":["Burning Blood","Girya","Golden Idol","White Beast Statue","Runic Cube","Frozen Egg 2","Blood Vial","FossilizedHelix","Lantern","Toy Ornithopter"],"acts_visited":["Exordium","TheCity"],"potions_floor_usage":[16,16,23,23,25,27,27,29,33],"damage_taken":[{"damage":1,"enemies":"Cultist","floor":1,"turns":4},{"damage":11,"enemies":"Jaw Worm","floor":4,"turns":3},{"damage":0,"enemies":"2 Louse","floor":5,"turns":3},{"damage":4,"enemies":"Gremlin Gang","floor":10,"turns":5},{"damage":0,"enemies":"Large Slime","floor":11,"turns":4},{"damage":10,"enemies":"Looter","floor":14,"turns":2},{"damage":45,"enemies":"Hexaghost","floor":16,"turns":6},{"damage":18,"enemies":"Shell Parasite","floor":18,"turns":5},{"damage":22,"enemies":"2 Thieves","floor":22,"turns":3},{"damage":42,"enemies":"Slavers","floor":23,"turns":5},{"damage":30,"enemies":"Snake Plant","floor":25,"turns":3},{"damage":1,"enemies":"3 Cultists","floor":27,"turns":6},{"damage":27,"enemies":"Centurion and Healer","floor":28,"turns":7},{"damage":11,"enemies":"Cultist and Chosen","floor":29,"turns":4},{"damage":75,"enemies":"Automaton","floor":33,"turns":6}],"seed_played":"-7466280695014435190","potions_obtained":[{"floor":4,"key":"FearPotion"},{"floor":10,"key":"DistilledChaos"},{"floor":11,"key":"Explosive Potion"},{"floor":16,"key":"SpeedPotion"},{"floor":18,"key":"Strength Potion"},{"floor":22,"key":"SteroidPotion"},{"floor":23,"key":"Energy Potion"},{"floor":25,"key":"HeartOfIron"},{"floor":27,"key":"GamblersBrew"},{"floor":28,"key":"Explosive Potion"},{"floor":29,"key":"ColorlessPotion"}],"is_trial":false,"path_per_floor":["M","?","?","M","M","R","$","R","T","M","M","R","$","M","R","B",null,"M","?","?","$","M","E","R","M","T","M","M","M","?","?","R","B"],"character_chosen":"IRONCLAD","items_purchased":["Blood Vial"],"campfire_rested":3,"item_purchase_floors":[21],"current_hp_per_floor":[80,60,44,39,45,45,45,45,45,47,53,53,53,49,73,34,80,68,68,68,68,54,20,44,22,22,29,10,7,7,7,31,0,0],"gold":213,"neow_bonus":"ONE_RARE_RELIC","is_daily":false,"chose_seed":false,"campfire_upgraded":0,"win_rate":0.0,"timestamp":1614308852,"path_taken":["M","?","?","M","M","R","?","R","T","M","M","R","$","?","R","BOSS","M","?","?","$","M","E","R","M","T","M","?","?","?","?","R","BOSS"],"items_purchased_type":["Relic"],"build_version":"2020-12-22","purchased_purges":1,"victory":false,"max_hp_per_floor":[80,80,80,80,80,80,80,80,80,80,80,80,80,80,80,80,80,80,80,80,80,80,80,80,80,80,80,80,80,80,80,80,80,80],"card_choices":[{"not_picked":["Perfected Strike","Blood for Blood"],"picked":"Heavy Blade","floor":1},{"not_picked":["Headbutt","Combust"],"picked":"Pommel Strike","floor":4},{"not_picked":["Sword Boomerang","Warcry"],"picked":"Thunderclap","floor":5},{"not_picked":["Impervious","Sever Soul"],"picked":"Flex","floor":10},{"not_picked":["Sword Boomerang","Thunderclap"],"picked":"Perfected Strike","floor":11},{"not_picked":["Clash","Second Wind"],"picked":"Blood for Blood","floor":14},{"not_picked":["Immolate","Corruption"],"picked":"Double Tap","floor":16},{"not_picked":["Heavy Blade+1","Cleave","Sword Boomerang"],"picked":"SKIP","floor":18},{"not_picked":["Ghostly Armor","Reckless Charge"],"picked":"Perfected Strike+1","floor":22},{"not_picked":["Bloodletting","Wild Strike","Burning Pact"],"picked":"SKIP","floor":23},{"not_picked":["Cleave","Body Slam+1","Warcry+1"],"picked":"SKIP","floor":25},{"not_picked":["Fire Breathing+1","Pummel+1"],"picked":"Spot Weakness","floor":27},{"not_picked":["Second Wind+1","Pommel Strike"],"picked":"Limit Break","floor":28},{"not_picked":["Armaments","Thunderclap+1","Shockwave"],"picked":"SKIP","floor":29}],"player_experience":182810,"relics_obtained":[{"floor":9,"key":"White Beast Statue"},{"floor":23,"key":"FossilizedHelix"},{"floor":26,"key":"Lantern"}],"event_choices":[{"damage_healed":0,"gold_gain":0,"player_choice":"Take Damage","damage_taken":20,"relics_obtained":["Golden Idol"],"max_hp_gain":0,"max_hp_loss":0,"event_name":"Golden Idol","floor":2,"gold_loss":0},{"damage_healed":0,"gold_gain":0,"player_choice":"Entered Light","damage_taken":16,"max_hp_gain":0,"max_hp_loss":0,"event_name":"Shining Light","floor":3,"gold_loss":0,"cards_upgraded":["Bash","Defend_R"]},{"damage_healed":0,"gold_gain":0,"player_choice":"Opened","damage_taken":0,"relics_obtained":["Frozen Egg 2"],"max_hp_gain":0,"max_hp_loss":0,"event_name":"The Mausoleum","floor":19,"gold_loss":0},{"cards_removed":["Strike_R"],"damage_healed":0,"gold_gain":0,"player_choice":"Purged","damage_taken":0,"max_hp_gain":0,"max_hp_loss":0,"event_name":"Purifier","floor":20,"gold_loss":0},{"damage_healed":0,"gold_gain":0,"player_choice":"Ignored","damage_taken":0,"max_hp_gain":0,"max_hp_loss":0,"event_name":"Ghosts","floor":30,"gold_loss":0},{"damage_healed":0,"gold_gain":0,"player_choice":"Gave Potion","damage_taken":0,"relics_obtained":["Toy Ornithopter"],"max_hp_gain":0,"max_hp_loss":0,"event_name":"WeMeetAgain","floor":31,"gold_loss":0}],"is_beta":false,"boss_relics":[{"not_picked":["Astrolabe","Velvet Choker"],"picked":"Runic Cube"}],"items_purged_floors":[13],"is_endless":false,"potions_floor_spawned":[4,10,11,14,16,18,22,23,25,27,28,29],"killed_by":"Automaton","ascension_level":0}}