{"host":"d52brwsy6af8zvaq","time":1614361347,"event":{"mods":["AchievementEnabler","BaseMod","Bestiary","Highlight Path","Minty Spire (QoL Compilation)","Quick Restart","Relic Stats","ojb\u0027s Better Paths Mod"],"gold_per_floor":[112,132,13,13,163,204,10,10,78,23,63,63,136,150,150,241,241,256,279,22,22,22],"floor_reached":21,"language":"ENG","playtime":961,"items_purged":["Strike_B"],"score":370,"play_id":"356c3ddc-b5a7-4888-bd0a-f21f7251f34c","local_time":"20210226104227","is_ascension_mode":true,"campfire_choices":[{"floor":8.0,"key":"REST"},{"floor":12.0,"key":"REST"},{"data":"Static Discharge","floor":15.0,"key":"SMITH"}],"circlet_count":0,"master_deck":["AscendersBane","Strike_B","Strike_B","Strike_B","Defend_B","Defend_B","Defend_B","Defend_B","Zap","Dualcast","Cold Snap","Sweeping Beam","Capacitor","Glacier","Hyperbeam","Static Discharge+1","Steam","Ball Lightning","Cold Snap","Ball Lightning","Multi-Cast","Chill","Conserve Battery+1","Apotheosis","Barrage"],"relics":["Cracked Core","Omamori","Golden Idol","Incense Burner","Anchor","SlaversCollar"],"acts_visited":["Exordium","TheCity"],"potions_floor_usage":[],"damage_taken":[{"damage":0.0,"enemies":"Cultist","floor":1.0,"turns":3.0},{"damage":4.0,"enemies":"2 Louse","floor":2.0,"turns":3.0},{"damage":58.0,"enemies":"Gremlin Nob","floor":6.0,"turns":6.0},{"damage":16.0,"enemies":"3 Sentries","floor":11.0,"turns":7.0},{"damage":0.0,"enemies":"Small Slimes","floor":14.0,"turns":1.0},{"damage":10.0,"enemies":"Hexaghost","floor":16.0,"turns":8.0},{"damage":26.0,"enemies":"2 Thieves","floor":18.0,"turns":4.0},{"damage":17,"enemies":"Shell Parasite","floor":19,"turns":5},{"damage":30,"enemies":"Centurion and Healer","floor":21,"turns":6}],"seed_played":"4404047541889542735","potions_obtained":[{"floor":6.0,"key":"AttackPotion"},{"floor":11.0,"key":"Fruit Juice"},{"floor":14.0,"key":"SneckoOil"},{"floor":19,"key":"Ancient Potion"}],"is_trial":false,"path_per_floor":["M","M","$","?","?","E","$","R","T","$","E","R","?","M","R","B",null,"M","M","$","M"],"character_chosen":"DEFECT","items_purchased":["Capacitor","Glacier","Static Discharge","Steam","Ball Lightning","Apotheosis","Barrage"],"campfire_rested":2,"item_purchase_floors":[3,3,7,7,10,20,20],"current_hp_per_floor":[64,60,60,60,60,2,2,23,23,23,12,34,34,34,34,24,63,37,20,20,0,0],"gold":22,"neow_bonus":"RANDOM_COMMON_RELIC","is_daily":false,"chose_seed":false,"campfire_upgraded":1,"win_rate":0.0,"timestamp":1614361347,"path_taken":["M","M","$","?","?","E","$","R","T","$","E","R","?","?","R","BOSS","M","M","$","M"],"items_purchased_type":["Card","Card","Card","Card","Card","Card","Card"],"build_version":"2020-12-22","purchased_purges":1,"victory":false,"max_hp_per_floor":[71,71,71,71,71,71,71,71,71,71,76,76,76,76,76,76,76,76,76,76,76,76],"relic_stats":{"counters":[9,43],"Golden Idol":45,"obtain_stats":[{"SlaversCollar":17,"Anchor":11,"Golden Idol":4,"Omamori":0,"Incense Burner":6,"Cracked Core":0},{"SlaversCollar":6,"Anchor":4,"Golden Idol":2,"Omamori":0,"Incense Burner":3,"Cracked Core":0},{"SlaversCollar":28,"Anchor":19,"Golden Idol":6,"Omamori":0,"Incense Burner":12,"Cracked Core":0}]},"card_choices":[{"not_picked":["Rebound","Leap"],"picked":"Cold Snap","floor":1.0},{"not_picked":["Stack","Leap"],"picked":"Sweeping Beam","floor":2.0},{"not_picked":["Genetic Algorithm","Scrape"],"picked":"Hyperbeam","floor":6.0},{"not_picked":["Creative AI","Rebound"],"picked":"Cold Snap","floor":11.0},{"not_picked":["Storm","Steam"],"picked":"Ball Lightning","floor":14.0},{"not_picked":["Thunder Strike","Meteor Strike"],"picked":"Multi-Cast","floor":16.0},{"not_picked":["Ball Lightning","Rebound"],"picked":"Chill","floor":18.0},{"not_picked":["Ball Lightning","Darkness"],"picked":"Conserve Battery+1","floor":19}],"player_experience":2378978,"relics_obtained":[{"floor":6.0,"key":"Incense Burner"},{"floor":11.0,"key":"Anchor"}],"event_choices":[{"damage_healed":0.0,"max_hp_gain":0.0,"max_hp_loss":0.0,"gold_gain":0.0,"event_name":"Golden Idol","player_choice":"Take Wound","floor":4.0,"gold_loss":0.0,"damage_taken":0.0,"relics_obtained":["Golden Idol"],"cards_obtained":["Injury"]},{"damage_healed":0.0,"max_hp_gain":0.0,"max_hp_loss":0.0,"gold_gain":150.0,"event_name":"Liars Game","player_choice":"AGREE","floor":5.0,"gold_loss":0.0,"damage_taken":0.0,"cards_obtained":["Doubt"]},{"damage_healed":0.0,"max_hp_gain":0.0,"max_hp_loss":0.0,"gold_gain":73.0,"event_name":"Golden Wing","player_choice":"Gained Gold","floor":13.0,"gold_loss":0.0,"damage_taken":0.0}],"is_beta":false,"boss_relics":[{"not_picked":["Sozu","FrozenCore"],"picked":"SlaversCollar"}],"items_purged_floors":[7],"is_endless":false,"potions_floor_spawned":[6,11,14,19],"killed_by":"Centurion and Healer","ascension_level":20}}