{"host":"k73jsiy5lznhl6mk","time":1614378163,"event":{"mods":["BaseMod","Colored Map","Colored Powertips","Highlight Path","Infinite Spire","Ironclad Rager","Minty Spire (QoL Compilation)","Retaliation","Spicy Shops","StSLib","The Blue Laboratory","The Jungle","Uncapped"],"gold_per_floor":[20,20,31,31,31,65,65,83,83,83,83,95,38,49,49,145,145,165,175,175,191,203,230,230,230,278,292,304,318,318,6,6,106,106,116,116,116],"floor_reached":36,"language":"ENG","playtime":2092,"items_purged":[],"score":386,"play_id":"b63ca8e7-d4f6-467a-bdcb-e7ee2747330a","local_time":"20210226142243","is_ascension_mode":false,"campfire_choices":[{"data":"Bash","floor":7,"key":"SMITH"},{"data":"DDmod:PokeAttack","floor":10,"key":"SMITH"},{"floor":15,"key":"REST"},{"data":"Infernal Blade","floor":25,"key":"SMITH"},{"data":"Armaments","floor":30,"key":"SMITH"},{"floor":32,"key":"REST"}],"circlet_count":0,"master_deck":["Bash+1","Twin Strike","Twin Strike+1","Twin Strike","Twin Strike","Twin Strike","Iron Wave","Iron Wave","Iron Wave","Iron Wave","Havoc","Bloodletting","Headbutt+1","DDmod:PokeAttack+1","DDmod:SpikedSkill","Rampage","Fiend Fire","Whirlwind","DDmod:UnstoppableAttack","CurseOfTheBell","Infernal Blade+1","Fire Breathing","Cleave","Dropkick+1","Entrench+1","Armaments+1","Juggernaut","DDmod:SpikeMailSkill+1"],"relics":["PureWater","The Courier","infinitespire:Cubic Diamond","Meat on the Bone","Whetstone","HandDrill","infinitespire:Cupcake","Strawberry","Pear","Pocketwatch","infinitespire:Lucky Rock","Nloth\u0027s Gift","Bag of Preparation","Sling","Kunai","Runic Cube"],"acts_visited":["Exordium","TheCity","TheBeyond"],"potions_floor_usage":[16,16,23,27,33,33],"damage_taken":[{"damage":0,"enemies":"Small Slimes","floor":1,"turns":2},{"damage":2,"enemies":"2 Louse","floor":3,"turns":2},{"damage":14,"enemies":"3 Sentries","floor":6,"turns":6},{"damage":0,"enemies":"Cultist","floor":8,"turns":2},{"damage":0,"enemies":"Large Slime","floor":12,"turns":4},{"damage":11,"enemies":"Lots of Slimes","floor":14,"turns":3},{"damage":38,"enemies":"Hexaghost","floor":16,"turns":6},{"damage":0,"enemies":"Shell Parasite","floor":18,"turns":2},{"damage":0,"enemies":"3 Byrds","floor":19,"turns":4},{"damage":19,"enemies":"3 Cultists","floor":21,"turns":5},{"damage":29,"enemies":"Centurion and Healer","floor":22,"turns":3},{"damage":18,"enemies":"Gremlin Leader","floor":23,"turns":5},{"damage":10,"enemies":"Shelled Parasite and Fungi","floor":27,"turns":3},{"damage":19,"enemies":"Cultist and Chosen","floor":28,"turns":5},{"damage":11,"enemies":"Snake Plant","floor":29,"turns":3},{"damage":71,"enemies":"Collector","floor":33,"turns":9},{"damage":9,"enemies":"3 Shapes","floor":35,"turns":3},{"damage":0,"enemies":"3 Darklings","floor":36,"turns":1}],"seed_played":"-91193358315096388","potions_obtained":[{"floor":1,"key":"blueLaboratory:LouseDecoction"},{"floor":6,"key":"blueLaboratory:IronCompound"},{"floor":8,"key":"blueLaboratory:HummingbirdPotion"},{"floor":11,"key":"blueLaboratory:LimitlessPotion"},{"floor":11,"key":"LiquidMemories"},{"floor":18,"key":"blueLaboratory:BottledHope"},{"floor":22,"key":"PowerPotion"},{"floor":23,"key":"blueLaboratory:StoneskinPotion"},{"floor":29,"key":"Swift Potion"}],"is_trial":false,"path_per_floor":["M","?","M","?","?","E","R","M","T","R","?","M","$","M","R","B",null,"M","M","AVR","M","M","E","?","R","T","M","M","M","R","$","R","B",null,"M","M"],"character_chosen":"IRONCLAD","items_purchased":["HandDrill","Sling","Kunai"],"campfire_rested":2,"item_purchase_floors":[13,31,31],"current_hp_per_floor":[57,57,61,61,61,47,47,47,47,47,47,47,47,48,69,43,72,72,72,89,74,51,49,49,49,49,55,52,45,45,45,71,16,89,84,89,89],"gold":116,"neow_bonus":"IRONCLAD_BERSERKER","is_daily":false,"chose_seed":false,"campfire_upgraded":4,"win_rate":0.0,"timestamp":1614378163,"path_taken":["M","?","M","?","?","E","R","?","T","R","?","M","$","?","R","BOSS","M","M","AVR","M","M","E","?","R","T","?","?","M","R","$","R","BOSS","M","M"],"items_purchased_type":["Relic","Relic","Relic"],"build_version":"2020-12-22","purchased_purges":0,"victory":false,"max_hp_per_floor":[72,72,72,72,72,72,72,72,72,72,72,72,72,72,72,72,72,72,72,89,89,89,89,89,89,89,89,89,89,89,89,89,89,89,89,89,89],"card_choices":[{"not_picked":["DDmod:EasePowerCard","Warcry"],"picked":"Havoc","floor":1},{"not_picked":["Armaments","Wild Strike"],"picked":"Bloodletting","floor":3},{"not_picked":["Cleave","DDmod:BurningFumesPowerCard"],"picked":"Headbutt","floor":6},{"not_picked":["Rage","Headbutt"],"picked":"DDmod:PokeAttack","floor":8},{"not_picked":["DDmod:EasePowerCard","Havoc"],"picked":"DDmod:SpikedSkill","floor":12},{"not_picked":["Havoc","DDmod:CallousedSkill"],"picked":"Rampage","floor":14},{"not_picked":["Juggernaut","Bludgeon"],"picked":"Fiend Fire","floor":16},{"not_picked":["Body Slam","Warcry"],"picked":"Whirlwind","floor":18},{"not_picked":["Shrug It Off","Armaments"],"picked":"DDmod:UnstoppableAttack","floor":19},{"not_picked":["Thunderclap","DDmod:PokeAttack+1"],"picked":"Infernal Blade","floor":21},{"not_picked":["True Grit","Intimidate"],"picked":"Fire Breathing","floor":22},{"not_picked":["Perfected Strike+1","Barricade"],"picked":"Cleave","floor":23},{"not_picked":["Iron Wave","Headbutt"],"picked":"Dropkick+1","floor":27},{"not_picked":["Whirlwind","Carnage"],"picked":"Entrench+1","floor":28},{"not_picked":["Wild Strike","Iron Wave+1"],"picked":"Armaments","floor":29},{"not_picked":["DDmod:PlatedThornsSkill","Reaper"],"picked":"Juggernaut","floor":33},{"not_picked":["Cleave+1","Thunderclap"],"picked":"DDmod:SpikeMailSkill+1","floor":35}],"player_experience":449315,"relics_obtained":[{"floor":6,"key":"Meat on the Bone"},{"floor":9,"key":"Whetstone"},{"floor":20,"key":"Strawberry"},{"floor":20,"key":"Pear"},{"floor":20,"key":"Pocketwatch"},{"floor":23,"key":"infinitespire:Lucky Rock"},{"floor":26,"key":"Bag of Preparation"}],"event_choices":[{"damage_healed":0,"gold_gain":0,"player_choice":"Box","damage_taken":0,"relics_obtained":["The Courier"],"max_hp_gain":0,"max_hp_loss":0,"event_name":"Big Fish","floor":2,"gold_loss":0,"cards_obtained":["Regret"]},{"cards_removed":["Regret","Writhe"],"damage_healed":0,"gold_gain":0,"player_choice":"Removed Curses","damage_taken":0,"max_hp_gain":0,"max_hp_loss":0,"event_name":"Fountain of Cleansing","floor":5,"gold_loss":0},{"damage_healed":0,"gold_gain":0,"player_choice":"Got Potions","damage_taken":0,"max_hp_gain":0,"max_hp_loss":0,"event_name":"Lab","floor":11,"gold_loss":0},{"damage_healed":0,"gold_gain":0,"player_choice":"Traded Relic","damage_taken":0,"relics_obtained":["Nloth\u0027s Gift"],"max_hp_gain":0,"max_hp_loss":0,"event_name":"N\u0027loth","floor":24,"relics_lost":["Calling Bell"],"gold_loss":0}],"is_beta":false,"boss_relics":[{"not_picked":["Mark of Pain","Sozu"],"picked":"infinitespire:Cupcake"},{"not_picked":["Velvet Choker","Cursed Key"],"picked":"Runic Cube"}],"items_purged_floors":[],"is_endless":false,"potions_floor_spawned":[1,6,8,18,22,23,29],"killed_by":"3 Darklings","ascension_level":0}}