{"host":"36nosutyzulbwemu","time":1614335380,"event":{"mods":["ATMod(∞¢Ë™Mod)","BaseMod","Lobotomy","Minty Spire (QoL Compilation)","Reimu£®≤©¿ˆ¡È√Œ£©","Reliquary","Replay The Spire","Shop Mod","StSLib","The Servant 0.9.4"],"gold_per_floor":[147,147,147,147,198,579,760,760,760],"floor_reached":8,"language":"ZHS","playtime":920,"items_purged":[],"score":118,"play_id":"b8be6e68-5b0c-4634-8c73-c732f6a7e8dc","local_time":"20210226182940","daily_mods":["Draft","Specialized","Vintage","Allstar","Colorless Cards","Heirloom","Flight","DeadlyEvents","Elite Swarm","Midas"],"is_ascension_mode":true,"campfire_choices":[],"circlet_count":0,"master_deck":["Demon Form","Wraith Form v2","Echo Form","DevaForm","FlawlessForm","MikOfLucky:ReiMu","MikOfLucky:ReiMu","MikOfLucky:ReiMu","MikOfLucky:ReiMu","MikOfLucky:ReiMu","Madness","OrbThrow:ReiMu","LovePray:ReiMu","Amulet:ReiMu","CareerPray:ReiMu","Swift Strike","Madness","Amulet:ReiMu","RainPray2:ReiMu","SpreadBorder2:ReiMu","AlertArray:ReiMu","SafetyPray:ReiMu","AirStrike:ReiMu","SubAcupoint:ReiMu","Conquer:ReiMu","The Bomb","AT_EmpoweredMortalDraw"],"relics":["Unceasing Top","replay:Trail_Library","AT_ATBox","AT_GoldPhoenixTree","reliquary:PurpleTingedLeaf","reliquary:Aerogel","Blood Vial","AT_TheCollector","Quantum Egg","Pear","Dead Branch"],"acts_visited":["Exordium"],"potions_floor_usage":[],"damage_taken":[{"damage":5,"enemies":"Small Slimes","floor":1,"turns":6},{"damage":10,"enemies":"2 Louse","floor":5,"turns":4},{"damage":5,"enemies":"3 Sentries","floor":6,"turns":6},{"damage":24,"enemies":"Gremlin Nob","floor":7,"turns":5},{"damage":36,"enemies":"Replay:BlueRogue","floor":8,"turns":5}],"seed_played":"3038545712944737259","potions_obtained":[],"is_trial":true,"path_per_floor":["M","WH","WH","WH","M","E","E","E"],"character_chosen":"REIMU","items_purchased":[],"campfire_rested":0,"item_purchase_floors":[],"current_hp_per_floor":[54,54,54,54,47,54,33,0,0],"gold":760,"neow_bonus":"ONE_RARE_RELIC","is_daily":false,"chose_seed":false,"campfire_upgraded":0,"win_rate":0.0,"timestamp":1614335380,"path_taken":["M","WH","WH","WH","M","E","E","E"],"items_purchased_type":[],"build_version":"2020-12-22","purchased_purges":0,"victory":false,"max_hp_per_floor":[65,65,65,59,59,69,69,69,69],"card_choices":[{"not_picked":["SubAcupoint:ReiMu","OrbThrow:ReiMu"],"picked":"Madness","floor":0},{"not_picked":["SubAcupoint:ReiMu","AlertArray:ReiMu"],"picked":"OrbThrow:ReiMu","floor":0},{"not_picked":["Trip","AirStrike:ReiMu"],"picked":"LovePray:ReiMu","floor":0},{"not_picked":["Meditation:ReiMu","Specialist"],"picked":"Amulet:ReiMu","floor":0},{"not_picked":["Madness","Conquer:ReiMu"],"picked":"CareerPray:ReiMu","floor":0},{"not_picked":["Intuition:ReiMu","Replay:BasicMightCard"],"picked":"Swift Strike","floor":0},{"not_picked":["SpringWay:ReiMu","TightArray:ReiMu"],"picked":"Madness","floor":0},{"not_picked":["Impatience","SpringWay:ReiMu"],"picked":"Amulet:ReiMu","floor":0},{"not_picked":["SubAcupoint:ReiMu","MountainWay:ReiMu"],"picked":"RainPray2:ReiMu","floor":0},{"not_picked":["BarrageOfMoneybags:ReiMu","Conquer:ReiMu"],"picked":"SpreadBorder2:ReiMu","floor":0},{"not_picked":["TightArray:ReiMu","CareerPray:ReiMu"],"picked":"AlertArray:ReiMu","floor":0},{"not_picked":["Revelation:ReiMu","EmergencyTakeOff:ReiMu"],"picked":"SafetyPray:ReiMu","floor":0},{"not_picked":["Enchanting:ReiMu","Intuition:ReiMu"],"picked":"AirStrike:ReiMu","floor":0},{"not_picked":["DoubleButterfly:ReiMu","Amulet:ReiMu"],"picked":"SubAcupoint:ReiMu","floor":0},{"not_picked":["Specialist","RainPray2:ReiMu"],"picked":"Conquer:ReiMu","floor":0},{"not_picked":["YinYang:ReiMu","AT_TearsDenial"],"picked":"The Bomb","floor":6},{"not_picked":["Determination:ReiMu","Thinking Ahead"],"picked":"AT_EmpoweredMortalDraw","floor":7}],"player_experience":460847,"relics_obtained":[{"floor":1,"key":"reliquary:PurpleTingedLeaf"},{"floor":5,"key":"Quantum Egg"},{"floor":6,"key":"Pear"},{"floor":7,"key":"Dead Branch"}],"event_choices":[],"is_beta":false,"boss_relics":[],"items_purged_floors":[],"is_endless":false,"potions_floor_spawned":[],"killed_by":"Replay:BlueRogue","ascension_level":9}}