{"host":"dapjhzz8gxmkyyt6","time":1614322511,"event":{"mods":["BaseMod","BetterRewards","Hubris","Infinite Spire","Minty Spire (QoL Compilation)","Replay The Spire","Somnambulant","StSLib","The Blackbeard","The Jungle","The Necromancer"],"gold_per_floor":[113,338,350,350,367,367,377,377,404,15,31,64,81,98,98,203,203,216,230,230,245,256,256,256,256,282,95,106,106,132,57,57,160,160,174,27,84,84,84,134,134,134,134,179,195,215,215,215],"floor_reached":46,"language":"ENG","playtime":1930,"items_purged":["blackbeard:BlackbeardStrike","blackbeard:BlackbeardStrike","blackbeard:BlackbeardStrike"],"score":648,"play_id":"9de526c8-ef68-4515-a8b8-76d094ed9e7f","local_time":"20210226015511","is_ascension_mode":false,"campfire_choices":[{"data":"blackbeard:Cutlass","floor":6,"key":"SMITH"},{"data":"blackbeard:BeatUp","floor":8,"key":"SMITH"},{"floor":15,"key":"REST"},{"floor":23,"key":"RECALL"},{"data":"infinitespire:Oblivion","floor":25,"key":"SMITH"},{"data":"theJungle:Gourd","floor":29,"key":"SMITH"},{"floor":32,"key":"REST"},{"floor":42,"key":"REST"}],"circlet_count":0,"master_deck":["blackbeard:BlackbeardStrike","blackbeard:IntimidatingStrike","blackbeard:Cutlass+1","blackbeard:BeatUp+1","blackbeard:Revenge+1","blackbeard:BeatUp","blackbeard:Spear","blackbeard:CaptainsCabin","blackbeard:SmithingHammer","blackbeard:Sword","blackbeard:CaptainsHat","blackbeard:PiratesWill+1","blackbeard:FieryDefense+1","infinitespire:Oblivion+1","blackbeard:ChaoticDefense","blackbeard:JollyRoger","theJungle:Gourd","theJungle:Gourd","theJungle:Gourd","theJungle:Gourd","theJungle:Gourd+1","blackbeard:GoldenGuillotine","blackbeard:GoldenGuillotine","hubris:Insight","blackbeard:RearmingStrike","blackbeard:Shrapnel","blackbeard:BrownPants+1","blackbeard:PirateStrength","blackbeard:Spear+1","blackbeard:CloakAndCannonball","blackbeard:BuriedTreasure+1","blackbeard:HumongousCannonball","infinitespire:Starlight","blackbeard:InfiniteBarrage+1","blackbeard:Recklessness+1"],"relics":["blackbeard:LoadTheCannons","blackbeard:CannonballsOfSteel","hubris:Towel","Gremlin Food","Mango","White Beast Statue","Replay:Grab Bag","Painkiller Herb","blackbeard:SoberMinded","hubris:HollowSoul","Replay:PocketPolymizer","Replay:Ringing Soul","SacredBark","Sling","blackbeard:PowderCan","Toy Ornithopter","TheAbacus","Golden Egg","Potion Belt"],"acts_visited":["Exordium","Exordium","TheBeyond"],"potions_floor_usage":[7,12,16,16,21,21,28,30,33,33,33,44,44,45,46],"damage_taken":[{"damage":10,"enemies":"Small Slimes","floor":1,"turns":2},{"damage":8,"enemies":"Jaw Worm","floor":3,"turns":2},{"damage":0,"enemies":"Cultist","floor":5,"turns":2},{"damage":0,"enemies":"Exordium Thugs","floor":7,"turns":3},{"damage":2,"enemies":"Looter","floor":11,"turns":2},{"damage":16,"enemies":"Gremlin Nob","floor":12,"turns":4},{"damage":10,"enemies":"2 Fungi Beasts","floor":13,"turns":3},{"damage":0,"enemies":"Exordium Wildlife","floor":14,"turns":2},{"damage":16,"enemies":"The Guardian","floor":16,"turns":9},{"damage":5,"enemies":"theJungle:MUSHROOMGANG","floor":18,"turns":3},{"damage":11,"enemies":"theJungle:Flameango_and_Byrd","floor":19,"turns":5},{"damage":4,"enemies":"Snake Plant","floor":21,"turns":2},{"damage":6,"enemies":"theJungle:JungleHuntersEncounter","floor":22,"turns":5},{"damage":15,"enemies":"theJungle:2_Flameangoes","floor":28,"turns":6},{"damage":17,"enemies":"theJungle:2_Phrogs","floor":30,"turns":5},{"damage":4,"enemies":"theJungle:FunGuy","floor":33,"turns":14},{"damage":11,"enemies":"Orb Walker","floor":35,"turns":3},{"damage":0,"enemies":"Reptomancer","floor":40,"turns":7},{"damage":131,"enemies":"Nightmare","floor":44,"turns":13},{"damage":0,"enemies":"3 Darklings","floor":45,"turns":1},{"damage":34,"enemies":"Giant Head","floor":46,"turns":6}],"seed_played":"-3435743047643574540","potions_obtained":[{"floor":1,"key":"Milkshake"},{"floor":3,"key":"PowerPotion"},{"floor":5,"key":"Weak Potion"},{"floor":13,"key":"Dexterity Potion"},{"floor":14,"key":"Strength Potion"},{"floor":16,"key":"Elixir"},{"floor":18,"key":"EssenceOfSteel"},{"floor":21,"key":"Explosive Potion"},{"floor":22,"key":"Block Potion"},{"floor":28,"key":"SpeedPotion"},{"floor":30,"key":"LifebloodPotion"},{"floor":33,"key":"Adrenaline Potion"},{"floor":35,"key":"SmokeBomb"},{"floor":40,"key":"Flashbang"},{"floor":45,"key":"LiquidBronze"}],"is_trial":false,"path_per_floor":["M","?","M","?","M","R","M","R","T","$","M","E","M","M","R","B",null,"?","?","AVR","?","?","T","?","T","T","T","?","T","E","T","T","B",null,"?","T","?","?","?","E","AVR","T","T","NM","?","E"],"character_chosen":"BLACKBEARD_CLASS","items_purchased":["Mango","blackbeard:GoldenGuillotine","hubris:Insight","blackbeard:BrownPants","Sling"],"campfire_rested":3,"item_purchase_floors":[10,27,27,31,36],"current_hp_per_floor":[72,72,64,64,64,64,64,64,64,78,76,60,50,50,78,62,96,91,80,80,76,70,70,70,70,70,70,55,55,41,44,74,73,105,97,97,73,73,73,76,79,114,114,4,12,0,0,0],"gold":215,"neow_bonus":"TEN_PERCENT_HP_BONUS","is_daily":false,"chose_seed":false,"campfire_upgraded":4,"win_rate":0.0,"timestamp":1614322511,"path_taken":["M","?","M","?","M","R","?","R","T","$","M","E","?","M","R","BOSS","?","?","AVR","?","?","T","?","T","T","T","?","T","E","T","T","BOSS","?","T","?","?","?","E","AVR","T","T","NM","?","E"],"items_purchased_type":["Relic","Card","Card","Card","Relic"],"build_version":"2020-12-22","purchased_purges":3,"victory":false,"max_hp_per_floor":[82,82,82,82,82,82,82,82,82,96,96,96,96,96,96,96,96,96,96,96,96,96,96,96,96,96,96,96,96,99,102,102,105,105,108,108,111,111,111,114,117,117,117,120,123,123,123,123],"card_choices":[{"not_picked":["blackbeard:GoldenStrike","blackbeard:WeaponProficiency"],"picked":"blackbeard:BeatUp","floor":1},{"not_picked":["blackbeard:FieryDefense","blackbeard:DeadlyArsenal"],"picked":"blackbeard:Revenge","floor":3},{"not_picked":["blackbeard:CloakAndCannonball","blackbeard:WiseDefense"],"picked":"blackbeard:BeatUp","floor":5},{"not_picked":["blackbeard:TacticalRetreat","blackbeard:CloakAndCannonball"],"picked":"blackbeard:Spear","floor":7},{"not_picked":["blackbeard:Boarding","blackbeard:Sharpening"],"picked":"blackbeard:CaptainsCabin","floor":11},{"not_picked":["blackbeard:DeadlyArsenal","blackbeard:Bandana"],"picked":"blackbeard:SmithingHammer","floor":12},{"not_picked":["blackbeard:DelayedPain","blackbeard:SwordDance"],"picked":"blackbeard:DoubleCannonball","floor":13},{"not_picked":["blackbeard:VengefulSpirit","blackbeard:Shrapnel"],"picked":"blackbeard:Sword","floor":14},{"not_picked":["blackbeard:BountyHunter","blackbeard:PirateStrength"],"picked":"blackbeard:CaptainsHat","floor":16},{"not_picked":["blackbeard:ArmorUp","blackbeard:Sharpening"],"picked":"blackbeard:PiratesWill+1","floor":18},{"not_picked":["blackbeard:GoldenCannonball","blackbeard:TheDrunkenSailor"],"picked":"blackbeard:FieryDefense+1","floor":19},{"not_picked":["blackbeard:Eyepatch","blackbeard:Toast"],"picked":"blackbeard:ChaoticDefense","floor":21},{"not_picked":["blackbeard:WiseDefense","blackbeard:BeatUp"],"picked":"blackbeard:JollyRoger","floor":22},{"not_picked":["blackbeard:Spear","blackbeard:Sharpening"],"picked":"blackbeard:RearmingStrike","floor":28},{"not_picked":["blackbeard:WiseDefense","blackbeard:PowderKeg"],"picked":"blackbeard:Shrapnel","floor":30},{"not_picked":["blackbeard:Salvager","blackbeard:Halberd"],"picked":"blackbeard:PirateStrength","floor":33},{"not_picked":["blackbeard:CloakAndCannonball","blackbeard:GoldenDefense"],"picked":"blackbeard:Spear+1","floor":35},{"not_picked":["blackbeard:DoubleCannonball+1","blackbeard:Toast+1"],"picked":"blackbeard:CloakAndCannonball","floor":37},{"not_picked":["blackbeard:Sharpening+1","blackbeard:Sword+1"],"picked":"blackbeard:BuriedTreasure+1","floor":37},{"not_picked":["blackbeard:RearmingStrike+1","blackbeard:GoldenStrike"],"picked":"blackbeard:HumongousCannonball","floor":40},{"not_picked":["blackbeard:GoldenDefense","blackbeard:Fencing+1"],"picked":"blackbeard:InfiniteBarrage+1","floor":44},{"not_picked":["blackbeard:WoodenLeg","blackbeard:PiratesWill"],"picked":"blackbeard:Recklessness+1","floor":45}],"player_experience":7355738,"relics_obtained":[{"floor":9,"key":"Gremlin Food"},{"floor":12,"key":"White Beast Statue"},{"floor":30,"key":"Replay:Ringing Soul"},{"floor":37,"key":"blackbeard:PowderCan"},{"floor":40,"key":"Toy Ornithopter"},{"floor":43,"key":"Golden Egg"},{"floor":44,"key":"Potion Belt"}],"event_choices":[{"damage_healed":0,"gold_gain":225,"player_choice":"YARR","damage_taken":0,"relics_obtained":["blackbeard:CannonballsOfSteel"],"max_hp_gain":0,"max_hp_loss":0,"event_name":"blackbeard:Ssssserpent","floor":2,"gold_loss":0},{"cards_removed":["blackbeard:DoubleCannonball"],"damage_healed":0,"gold_gain":0,"player_choice":"Removed Attack","damage_taken":0,"max_hp_gain":0,"max_hp_loss":0,"event_name":"Falling","floor":39,"gold_loss":0}],"is_beta":false,"boss_relics":[{"not_picked":["Replay:Wanted Poster","infinitespire:Cupcake"],"picked":"Replay:Grab Bag"},{"not_picked":["ReplayTheSpireMod:Onyx Gauntlets","Sozu"],"picked":"Painkiller Herb"},{"not_picked":["hubris:TerracottaHorce","hubris:CrackedHourglass"],"picked":"blackbeard:SoberMinded"},{"not_picked":["Kintsugi","hubris:BlackHole"],"picked":"hubris:HollowSoul"},{"not_picked":["Black Star","ReplayTheSpireMod:SealedPack"],"picked":"SacredBark"}],"items_purged_floors":[10,20,41],"is_endless":true,"potions_floor_spawned":[1,3,5,13,14,16,18,19,21,22,28,30,33,35,40,44,45],"killed_by":"Giant Head","ascension_level":0}}