{"host":"w14xfy17z3c5mpoi","time":1614356317,"event":{"mods":["AchievementEnabler","BaseMod","Minty Spire (QoL Compilation)","Relic Stats"],"gold_per_floor":[111,111,111,36,36,36,62,75,75,75,0,15,42,61,61,132,132,151,170,183,183,183,183],"floor_reached":22,"language":"ENG","playtime":1254,"items_purged":["Defend_G"],"score":405,"play_id":"bf821a9f-5bdf-4eaa-9525-aeb782babaa2","local_time":"20210226111837","is_ascension_mode":true,"campfire_choices":[{"data":"Neutralize","floor":6,"key":"SMITH"},{"data":"Dodge and Roll","floor":10,"key":"SMITH"},{"data":"Caltrops","floor":15,"key":"SMITH"}],"circlet_count":0,"master_deck":["AscendersBane","Strike_G+1","Strike_G+1","Defend_G","Defend_G","Defend_G","Defend_G","Survivor","Neutralize+1","Slice","After Image","Dodge and Roll+1","Dodge and Roll","Caltrops+1","Unload","Venomology","Blade Dance","PiercingWail","Quick Slash","Deadly Poison","Tactician"],"relics":["Ring of the Snake","NeowsBlessing","Letter Opener","Dream Catcher","Philosopher\u0027s Stone"],"acts_visited":["Exordium","TheCity"],"potions_floor_usage":[16,18,18,20,20,22,22],"damage_taken":[{"damage":0,"enemies":"Jaw Worm","floor":1,"turns":1},{"damage":0,"enemies":"Gremlin Nob","floor":7,"turns":1},{"damage":0,"enemies":"Small Slimes","floor":8,"turns":1},{"damage":1,"enemies":"2 Louse","floor":12,"turns":3},{"damage":10,"enemies":"3 Sentries","floor":13,"turns":12},{"damage":2,"enemies":"2 Fungi Beasts","floor":14,"turns":5},{"damage":17,"enemies":"Hexaghost","floor":16,"turns":12},{"damage":21,"enemies":"Chosen","floor":18,"turns":7},{"damage":9,"enemies":"Shell Parasite","floor":19,"turns":7},{"damage":7,"enemies":"Centurion and Healer","floor":20,"turns":9},{"damage":20,"enemies":"Cultist and Chosen","floor":22,"turns":5}],"seed_played":"5528442240117333859","potions_obtained":[{"floor":7,"key":"Swift Potion"},{"floor":16,"key":"SpeedPotion"},{"floor":19,"key":"Strength Potion"},{"floor":20,"key":"Block Potion"}],"is_trial":false,"path_per_floor":["M","?","?","?","$","R","E","M","T","R","$","M","E","M","R","B",null,"M","M","M","?","M"],"character_chosen":"THE_SILENT","items_purchased":[],"campfire_rested":0,"item_purchase_floors":[],"current_hp_per_floor":[59,64,43,43,43,43,43,43,43,43,43,42,32,30,30,13,57,36,27,20,20,0,0],"gold":183,"neow_bonus":"THREE_ENEMY_KILL","is_daily":false,"chose_seed":false,"campfire_upgraded":3,"win_rate":0.0,"timestamp":1614356317,"path_taken":["M","?","?","?","$","R","E","M","T","R","?","M","E","?","R","BOSS","M","M","M","?","M"],"items_purchased_type":[],"build_version":"2020-12-22","purchased_purges":1,"victory":false,"max_hp_per_floor":[66,71,71,71,71,71,71,71,71,71,71,71,71,71,71,71,71,71,71,71,71,71,71],"relic_stats":{"Dream Catcher":0,"counters":[11,63],"Letter Opener":[33],"obtain_stats":[{"Dream Catcher":13,"NeowsBlessing":0,"Philosopher\u0027s Stone":17,"Letter Opener":7,"Ring of the Snake":0},{"Dream Catcher":5,"NeowsBlessing":0,"Philosopher\u0027s Stone":7,"Letter Opener":2,"Ring of the Snake":0},{"Dream Catcher":18,"NeowsBlessing":0,"Philosopher\u0027s Stone":35,"Letter Opener":2,"Ring of the Snake":0}],"Ring of the Snake":[22]},"card_choices":[{"not_picked":["PiercingWail","Flying Knee"],"picked":"Slice","floor":1},{"not_picked":["Tactician","Dodge and Roll"],"picked":"After Image","floor":7},{"not_picked":["Outmaneuver","Setup"],"picked":"Dodge and Roll","floor":8},{"not_picked":["Tactician","Catalyst"],"picked":"Dodge and Roll","floor":12},{"not_picked":["Eviscerate","Masterful Stab"],"picked":"Caltrops","floor":13},{"not_picked":["Outmaneuver","Expertise"],"picked":"Unload","floor":14},{"not_picked":["A Thousand Cuts","Corpse Explosion"],"picked":"Venomology","floor":16},{"not_picked":["Underhanded Strike+1","Distraction"],"picked":"Blade Dance","floor":18},{"not_picked":["Acrobatics","Distraction"],"picked":"PiercingWail","floor":19},{"not_picked":["Prepared","Poisoned Stab"],"picked":"Quick Slash","floor":20}],"player_experience":824229,"relics_obtained":[{"floor":7,"key":"Letter Opener"},{"floor":13,"key":"Dream Catcher"}],"event_choices":[{"damage_healed":0,"gold_gain":0,"player_choice":"Donut","damage_taken":0,"max_hp_gain":5,"max_hp_loss":0,"event_name":"Big Fish","floor":2,"gold_loss":0},{"damage_healed":0,"gold_gain":0,"player_choice":"Entered Light","damage_taken":21,"max_hp_gain":0,"max_hp_loss":0,"event_name":"Shining Light","floor":3,"gold_loss":0,"cards_upgraded":["Strike_G","Strike_G"]},{"cards_removed":["Strike_G"],"damage_healed":0,"gold_gain":0,"player_choice":"Card Removal","damage_taken":0,"max_hp_gain":0,"max_hp_loss":0,"event_name":"The Cleric","floor":4,"gold_loss":75},{"damage_healed":0,"gold_gain":0,"cards_transformed":["Strike_G","Strike_G"],"player_choice":"Became Test Subject","damage_taken":0,"max_hp_gain":0,"max_hp_loss":0,"event_name":"Drug Dealer","floor":21,"gold_loss":0,"cards_obtained":["Deadly Poison","Tactician"]}],"is_beta":false,"boss_relics":[{"not_picked":["Tiny House","Velvet Choker"],"picked":"Philosopher\u0027s Stone"}],"items_purged_floors":[11],"is_endless":false,"potions_floor_spawned":[7,16,19,20],"killed_by":"Cultist and Chosen","ascension_level":17}}