{"host":"dvz52zoduqbx9zr0","time":1614334180,"event":{"mods":["AchievementEnabler","Always Whale","Aspiration","BaseMod","BetterRewards","Colored Map","Conspire","Custom Start","Downfall","Halation","Hubris","Jedi Mod","Minty Spire (QoL Compilation)","Relic Sorter","Replay The Spire","Shop Mod","StSLib","SuperFastMode"],"gold_per_floor":[99,113,113,128,143,143,188,188,188,215,225,400,139,164,175,270,270,170,181,181,181,191,226,253,253,253,253,269,269,269,295,310,415,415,415,431,273,283,300,300,324,352,352,152,176,176,176,192,210,210,210,241,68,68,68,68],"floor_reached":57,"language":"ENG","playtime":2573,"items_purged":["Doubt","Slimebound:Prepare"],"score":1458,"play_id":"9fbf18ba-3713-4a69-9e24-f80bdff9ff9a","local_time":"20210226200940","daily_mods":["Draft"],"is_ascension_mode":false,"campfire_choices":[{"data":"Slimebound:BestDefense","floor":1,"key":"SMITH"},{"data":"Slimebound:FlameTackle","floor":6,"key":"SMITH"},{"data":"Slimebound:Prepare","floor":9,"key":"SMITH"},{"data":"Apotheosis","floor":18,"key":"SMITH"},{"data":"Slimebound:GoopTackle","floor":25,"key":"SMITH"},{"data":"Slimebound:GoopTackle","floor":30,"key":"SMITH"},{"data":"Slimebound:CheckThePlaybook","floor":35,"key":"SMITH"},{"floor":40,"key":"RECALL"},{"data":"Slimebound:BestDefense","floor":44,"key":"SMITH"},{"data":"expansioncontent:InvincibleStrength","floor":47,"key":"SMITH"},{"data":"Slimebound:GoopSpray","floor":54,"key":"SMITH"}],"circlet_count":1,"master_deck":["Slimebound:BestDefense+1","Slimebound:GoopTackle+1","Slimebound:FlameTackle+1","Slimebound:FlameTackle+1","Slimebound:Schlurp","Slimebound:Prepare+1","Slimebound:Grow+1","Slimebound:SamplingLick","Slimebound:HungryTackle","Slimebound:ComboTackle","Slimebound:GoopSpray","Slimebound:GoopTackle+1","Slimebound:LivingWall","Slimebound:LivingWall+1","Slimebound:Schlurp","Slimebound:SamplingLick","Slimebound:ComboTackle","Apotheosis+1","Slimebound:Equalize","Slimebound:SamplingLick+1","Slimebound:LeechingTouch+1","Slimebound:RainOfGoop+1","Slimebound:GoopSpray+1","Slimebound:CheckThePlaybook+1","Slimebound:GoopSpray+1","Slimebound:BestDefense+1","Slimebound:HauntingLick","Slimebound:HauntingLick","expansioncontent:InvincibleStrength+1","Slimebound:SamplingLick","Slimebound:LeechingTouch+1"],"relics":["Slimebound:AbsorbEndCombat","hubris:Icosahedron","Circlet","hubris:Potato","Turnip","Ginger","ReplayTheSpireMod:Lightbulb","Happy Flower","jedi:hotpepper","downfall:HeartBlessingBlue","Molten Egg 2","Juzu Bracelet","Slimebound:StickyStick","Potion Belt","Orichalcum","sneckomod:BlankCard","Sozu","War Paint","MerchantsRug","Calipers","Gremlin Food","Pocketwatch","downfall:HeartBlessingRed","downfall:HeartBlessingGreen","Dream Catcher","conspire:DecoderRing","bronze:BronzeIdol"],"acts_visited":["Exordium","TheCity","TheBeyond","TheEnding"],"potions_floor_usage":[16,52,52,56,56],"damage_taken":[{"damage":5,"enemies":"Jaw Worm","floor":2,"turns":2},{"damage":0,"enemies":"Small Slimes","floor":4,"turns":2},{"damage":0,"enemies":"2 Louse","floor":5,"turns":2},{"damage":12,"enemies":"Gremlin Nob","floor":10,"turns":3},{"damage":0,"enemies":"Gremlin Gang","floor":11,"turns":5},{"damage":0,"enemies":"downfall:FleeingMerchant","floor":13,"turns":4},{"damage":7,"enemies":"Lagavulin","floor":14,"turns":5},{"damage":4,"enemies":"Large Slime","floor":15,"turns":3},{"damage":31,"enemies":"IC_STATUS_ARCHETYPE","floor":16,"turns":5},{"damage":0,"enemies":"Spheric Guardian","floor":19,"turns":3},{"damage":0,"enemies":"Shell Parasite","floor":22,"turns":2},{"damage":16,"enemies":"Slavers","floor":23,"turns":4},{"damage":0,"enemies":"Snake Plant","floor":28,"turns":2},{"damage":3,"enemies":"conspire:MimicChest","floor":31,"turns":5},{"damage":0,"enemies":"Shelled Parasite and Fungi","floor":32,"turns":2},{"damage":0,"enemies":"WA_ARCHETYPE_CALM","floor":33,"turns":5},{"damage":0,"enemies":"Orb Walker","floor":36,"turns":1},{"damage":0,"enemies":"downfall:FleeingMerchant","floor":37,"turns":3},{"damage":0,"enemies":"3 Darklings","floor":38,"turns":2},{"damage":0,"enemies":"Spire Growth","floor":39,"turns":3},{"damage":0,"enemies":"R_Hoarder","floor":42,"turns":4},{"damage":0,"enemies":"Sphere and 2 Shapes","floor":48,"turns":2},{"damage":0,"enemies":"Writhing Mass","floor":49,"turns":2},{"damage":11,"enemies":"SI_POISON_ARCHETYPE","floor":50,"turns":3},{"damage":0,"enemies":"downfall:CharBossMerchant","floor":52,"turns":3},{"damage":0,"enemies":"downfall:NeowBoss","floor":55,"turns":7},{"damage":22,"enemies":"downfall:NeowBossFinal","floor":56,"turns":8}],"seed_played":"-2438864771699163241","potions_obtained":[{"floor":2,"key":"Elixir"},{"floor":5,"key":"Slimebound:SlimyTonguePotion"},{"floor":14,"key":"jedi:wingpotion"},{"floor":21,"key":"jedi:tentaclejuice"},{"floor":21,"key":"sneckomod:MuddlingPotion"},{"floor":23,"key":"Adrenaline Potion"},{"floor":28,"key":"SkillPotion"},{"floor":32,"key":"SkillPotion"}],"is_trial":true,"path_per_floor":["R","M","?","M","M","R","T","?","R","E","M","?","$","E","M","B",null,"R","M","?","?","M","E","T","R","?","?","M","?","R","?","M","B",null,"R","M","$","M","M","R","T","E","?","R","T","?","R","M","M","B",null,"E","$","R","B","B",null],"character_chosen":"SLIMEBOUND","items_purchased":["Apotheosis","Slimebound:BestDefense","War Paint","MerchantsRug","Slimebound:LeechingTouch+1","bronze:BronzeIdol"],"campfire_rested":0,"item_purchase_floors":[13,37,37,37,53,53],"current_hp_per_floor":[65,62,62,65,65,65,65,65,65,55,61,61,65,60,60,38,48,53,53,53,53,53,53,53,53,53,53,53,53,53,53,53,53,53,53,53,53,53,53,53,53,53,53,53,53,53,53,53,53,53,53,53,53,53,53,43],"gold":68,"neow_bonus":"","is_daily":false,"chose_seed":false,"campfire_upgraded":10,"win_rate":0.0,"timestamp":1614334180,"path_taken":["R","M","?","M","M","R","T","?","R","E","M","?","$","E","M","BOSS","R","M","?","?","M","E","T","R","?","?","M","?","R","?","M","BOSS","R","M","$","M","M","R","T","E","?","R","?","?","R","M","M","BOSS","E","$","R","BOSS","BOSS"],"items_purchased_type":["Card","Card","Relic","Relic","Card","Relic"],"build_version":"2020-12-22","purchased_purges":2,"victory":true,"max_hp_per_floor":[65,65,65,65,65,65,65,65,65,65,65,65,65,65,65,65,48,53,53,53,53,53,53,53,53,53,53,53,53,53,53,53,53,53,53,53,53,53,53,53,53,53,53,53,53,53,53,53,53,53,53,53,53,53,53,53],"card_choices":[{"not_picked":["Slimebound:Recollect","Slimebound:ItLooksTasty"],"picked":"Slimebound:BestDefense","floor":0},{"not_picked":["Slimebound:ItLooksTasty","Slimebound:Dissolve"],"picked":"Slimebound:GoopTackle","floor":0},{"not_picked":["Slimebound:GoopTackle","Slimebound:SplitAcid"],"picked":"Slimebound:FlameTackle","floor":0},{"not_picked":["Slimebound:TongueLash","Slimebound:GoopTackle"],"picked":"Slimebound:FlameTackle","floor":0},{"not_picked":["Slimebound:ServeAndProtect","Slimebound:FinishingTackle"],"picked":"Slimebound:Schlurp","floor":0},{"not_picked":["Slimebound:Gluttony","Slimebound:LevelUp"],"picked":"Slimebound:Prepare","floor":0},{"not_picked":["Slimebound:SlimeSpikes","Slimebound:Prepare"],"picked":"Slimebound:Grow","floor":0},{"not_picked":["Slimebound:DisruptingSlam","Slimebound:Grow"],"picked":"Slimebound:SamplingLick","floor":0},{"not_picked":["Slimebound:LeechEnergy","Slimebound:Dissolve"],"picked":"Slimebound:HungryTackle","floor":0},{"not_picked":["Slimebound:GoopSpray","Slimebound:DisruptingSlam"],"picked":"Slimebound:ComboTackle","floor":0},{"not_picked":["Slimebound:SlimeTap","Slimebound:RainOfGoop"],"picked":"Slimebound:GoopSpray","floor":0},{"not_picked":["Slimebound:Repurpose","Slimebound:LeechingTouch"],"picked":"Slimebound:GoopTackle","floor":0},{"not_picked":["Slimebound:SplitSpecialist","Slimebound:LeechingTouch"],"picked":"Slimebound:LivingWall","floor":0},{"not_picked":["Slimebound:ComboTackle","Slimebound:RollThrough"],"picked":"Slimebound:LivingWall","floor":0},{"not_picked":["Slimebound:ViciousTackle","Slimebound:PressTheAttack"],"picked":"Slimebound:Schlurp","floor":0},{"not_picked":["Slimebound:SplitAcid","Slimebound:LivingWall"],"picked":"Slimebound:Prepare","floor":2},{"not_picked":["Slimebound:FlameTackle","Slimebound:LeechLife"],"picked":"Slimebound:SamplingLick","floor":4},{"not_picked":["Slimebound:LeechEnergy","Slimebound:GoopTackle","Slimebound:LeechingTouch"],"picked":"SKIP","floor":5},{"not_picked":["Slimebound:PressTheAttack","Slimebound:Gluttony","Slimebound:DivideAndConquer"],"picked":"SKIP","floor":10},{"not_picked":["Slimebound:Repurpose","Slimebound:PressTheAttack","Slimebound:SplitSpecialist"],"picked":"SKIP","floor":11},{"not_picked":["Slimebound:SplitAcid","Slimebound:AcidTongue"],"picked":"Slimebound:ComboTackle","floor":13},{"not_picked":["Slimebound:SplitAcid","Slimebound:Teamwork"],"picked":"Slimebound:Equalize","floor":14},{"not_picked":["Slimebound:LeadByExample","Slimebound:FlameTackle","Slimebound:AcidTongue"],"picked":"SKIP","floor":15},{"not_picked":["Slimebound:RollThrough","Slimebound:GoopTackle"],"picked":"Slimebound:SamplingLick+1","floor":19},{"not_picked":["Slimebound:MassFeed+1","Slimebound:PressTheAttack+1"],"picked":"Slimebound:LeechingTouch+1","floor":22},{"not_picked":["Slimebound:SplitLeeching","Slimebound:ProtectTheBoss","Slimebound:SplitBruiser"],"picked":"SKIP","floor":23},{"not_picked":["Slimebound:SlimeTap","Slimebound:Prepare"],"picked":"Slimebound:RainOfGoop","floor":28},{"not_picked":["Slimebound:SpikyOuterGoop","Slimebound:Prepare"],"picked":"Slimebound:GoopSpray","floor":32},{"not_picked":["Slimebound:PrepareCrush","Slimebound:Darklings"],"picked":"Slimebound:CheckThePlaybook","floor":33},{"not_picked":["Slimebound:Recollect+1","Slimebound:SplitMire"],"picked":"Slimebound:GoopSpray+1","floor":36},{"not_picked":["Slimebound:GrowthPunch+1","Slimebound:SplitBruiser","Slimebound:Equalize+1"],"picked":"SKIP","floor":37},{"not_picked":["Slimebound:Chomp+1","Slimebound:SplitMire","Slimebound:ComboTackle+1"],"picked":"SKIP","floor":38},{"not_picked":["Slimebound:DivideAndConquer+1","Slimebound:GrowthPunch+1"],"picked":"Slimebound:HauntingLick","floor":39},{"not_picked":["Slimebound:FinishingTackle+1","Slimebound:LeechEnergy+1"],"picked":"Slimebound:HauntingLick","floor":42},{"not_picked":["expansioncontent:GuardianWhirl","expansioncontent:YouAreMine"],"picked":"expansioncontent:InvincibleStrength","floor":46},{"not_picked":["Slimebound:Recycling","Slimebound:LeechingTouch+1","Slimebound:Repurpose+1"],"picked":"SKIP","floor":48},{"not_picked":["Slimebound:Repurpose","Slimebound:SplitAcid","Slimebound:SplitMire"],"picked":"SKIP","floor":49},{"not_picked":["Slimebound:RollThrough+1","Slimebound:OozeBath"],"picked":"Slimebound:SamplingLick","floor":52}],"player_experience":248898,"relics_obtained":[{"floor":10,"key":"ReplayTheSpireMod:Lightbulb"},{"floor":14,"key":"Happy Flower"},{"floor":23,"key":"Slimebound:StickyStick"},{"floor":24,"key":"Potion Belt"},{"floor":27,"key":"Orichalcum"},{"floor":31,"key":"sneckomod:BlankCard"},{"floor":41,"key":"Gremlin Food"},{"floor":42,"key":"Pocketwatch"},{"floor":45,"key":"Dream Catcher"},{"floor":52,"key":"conspire:DecoderRing"}],"event_choices":[{"damage_healed":0,"gold_gain":0,"player_choice":"Disagree","damage_taken":0,"max_hp_gain":0,"max_hp_loss":0,"event_name":"conspire:LoneGhost","floor":3,"gold_loss":0},{"damage_healed":0,"gold_gain":0,"player_choice":"Grow","damage_taken":0,"max_hp_gain":0,"max_hp_loss":0,"event_name":"Living Wall","floor":8,"gold_loss":0,"cards_upgraded":["Slimebound:FlameTackle"]},{"damage_healed":0,"gold_gain":175,"player_choice":"AGREE","damage_taken":0,"max_hp_gain":0,"max_hp_loss":0,"event_name":"Liars Game","floor":12,"gold_loss":0,"cards_obtained":["Doubt"]},{"damage_healed":0,"gold_gain":0,"player_choice":"Got Potions","damage_taken":0,"max_hp_gain":0,"max_hp_loss":0,"event_name":"Lab","floor":21,"gold_loss":0},{"damage_healed":0,"gold_gain":0,"player_choice":"Ignored","damage_taken":0,"max_hp_gain":0,"max_hp_loss":0,"event_name":"Vampires","floor":29,"gold_loss":0}],"is_beta":false,"boss_relics":[{"not_picked":["halation:Yufonium","Empty Cage"],"picked":"jedi:hotpepper"},{"not_picked":["ChewingGum","hubris:Stopwatch"],"picked":"Sozu"}],"items_purged_floors":[13,37],"is_endless":false,"potions_floor_spawned":[2,5,14,15,23,28,32,38,48,49,52],"ascension_level":0}}