{"host":"xsuxkwaivmtd234a","time":1614382813,"event":{"mods":["BaseMod","Bestiary","Colored Map","Filter the Spire","Minty Spire (QoL Compilation)","Relic Stats","StSLib"],"gold_per_floor":[115,131,306,306,326,357,357,401,481,524,524,72,72,72,72,192,255,278,328,83,83,83,83,103,143,215,259,259,280,299,18,18,18,18],"floor_reached":33,"language":"ENG","playtime":1793,"items_purged":["Doubt"],"score":444,"play_id":"5edfe5c6-a48e-46b6-b4ff-adcdb2f7027d","local_time":"20210226184013","is_ascension_mode":true,"campfire_choices":[{"floor":7,"key":"REST"},{"floor":11,"key":"REST"},{"data":"Wraith Form v2","floor":15,"key":"SMITH"},{"data":"Bullet Time","floor":23,"key":"SMITH"},{"floor":28,"key":"REST"},{"floor":32,"key":"DIG"}],"circlet_count":0,"master_deck":["AscendersBane","Survivor","Neutralize","Prepared","Underhanded Strike","Acrobatics","Finisher","Deflect","Concentrate","Accuracy","Wraith Form v2+1","Predator+1","Corpse Explosion","Dagger Spray","Tactician","Injury","Dash","Venomology","Well Laid Plans","Bullet Time+1","RitualDagger","Dash","Slice+1","Dodge and Roll+1","Tactician","Storm of Steel","Caltrops"],"relics":["Pandora\u0027s Box","Golden Idol","Shovel","Omamori","Sundial","Juzu Bracelet","PreservedInsect","Strawberry","Tiny House","Mummified Hand","Regal Pillow","Prayer Wheel","Kunai","Red Mask","Shuriken","Thread and Needle"],"acts_visited":["Exordium","TheCity"],"potions_floor_usage":[6,16,18,18,25,25,27,29,29,33],"damage_taken":[{"damage":0,"enemies":"2 Louse","floor":1,"turns":1},{"damage":0,"enemies":"Small Slimes","floor":2,"turns":2},{"damage":6,"enemies":"Cultist","floor":5,"turns":4},{"damage":29,"enemies":"Gremlin Nob","floor":6,"turns":5},{"damage":41,"enemies":"Lagavulin","floor":8,"turns":9},{"damage":5,"enemies":"3 Sentries","floor":10,"turns":4},{"damage":49,"enemies":"Slime Boss","floor":16,"turns":9},{"damage":11,"enemies":"Spheric Guardian","floor":18,"turns":6},{"damage":1,"enemies":"Chosen","floor":24,"turns":6},{"damage":31,"enemies":"Gremlin Leader","floor":25,"turns":5},{"damage":1,"enemies":"Masked Bandits","floor":27,"turns":3},{"damage":5,"enemies":"Snecko","floor":29,"turns":6},{"damage":3,"enemies":"Cultist and Chosen","floor":30,"turns":7},{"damage":64,"enemies":"Collector","floor":33,"turns":7}],"seed_played":"6857764728524500661","potions_obtained":[{"floor":1,"key":"SpeedPotion"},{"floor":2,"key":"Poison Potion"},{"floor":6,"key":"SpeedPotion"},{"floor":17,"key":"DistilledChaos"},{"floor":25,"key":"SneckoOil"},{"floor":30,"key":"Block Potion"}],"is_trial":false,"path_per_floor":["M","M","?","?","M","E","R","E","T","E","R","$","?","?","R","B",null,"M","?","$","?","?","R","M","E","T","?","R","M","M","$","R","B"],"character_chosen":"THE_SILENT","items_purchased":["PreservedInsect","Venomology","Well Laid Plans","Mummified Hand","Caltrops","Shuriken"],"campfire_rested":3,"item_purchase_floors":[12,12,12,20,31,31],"current_hp_per_floor":[63,63,63,63,57,28,49,8,8,3,24,24,31,87,87,38,80,69,69,69,63,63,63,62,31,31,30,72,67,64,64,64,0,0],"gold":18,"neow_bonus":"BOSS_RELIC","is_daily":false,"chose_seed":false,"campfire_upgraded":2,"win_rate":0.0,"timestamp":1614382813,"path_taken":["M","M","?","?","M","E","R","E","T","E","R","$","?","?","R","BOSS","M","?","$","?","?","R","M","E","T","?","R","M","M","?","R","BOSS"],"items_purchased_type":["Relic","Card","Card","Relic","Card","Relic"],"build_version":"2020-12-22","purchased_purges":1,"victory":false,"max_hp_per_floor":[70,70,70,70,70,70,70,70,70,70,70,70,77,87,87,87,92,92,92,92,92,92,92,92,92,92,92,92,92,92,92,92,92,92],"relic_stats":{"Regal Pillow":15,"counters":[14,74],"Golden Idol":99,"PreservedInsect":47,"Juzu Bracelet":1,"Shovel":1,"Sundial":[8],"Mummified Hand":[18],"Shuriken":[2],"Pandora\u0027s Box":["Prepared","Underhanded Strike","Acrobatics","Finisher","Deflect","Concentrate","Accuracy","Wraith Form v2","Predator","Corpse Explosion"],"Prayer Wheel":2,"Kunai":[6],"obtain_stats":[{"Regal Pillow":22,"Tiny House":17,"Golden Idol":4,"Thread and Needle":32,"PreservedInsect":12,"Omamori":8,"Juzu Bracelet":10,"Shovel":6,"Sundial":9,"Mummified Hand":20,"Shuriken":31,"Strawberry":13,"Pandora\u0027s Box":0,"Prayer Wheel":25,"Red Mask":27,"Kunai":26,"Ring of the Snake":0},{"Regal Pillow":8,"Tiny House":7,"Golden Idol":2,"Thread and Needle":13,"PreservedInsect":6,"Omamori":5,"Juzu Bracelet":6,"Shovel":4,"Sundial":5,"Mummified Hand":8,"Shuriken":13,"Strawberry":6,"Pandora\u0027s Box":0,"Prayer Wheel":10,"Red Mask":11,"Kunai":10,"Ring of the Snake":0},{"Regal Pillow":40,"Tiny House":34,"Golden Idol":3,"Thread and Needle":67,"PreservedInsect":25,"Omamori":21,"Juzu Bracelet":25,"Shovel":12,"Sundial":21,"Mummified Hand":40,"Shuriken":67,"Strawberry":25,"Pandora\u0027s Box":0,"Prayer Wheel":51,"Red Mask":54,"Kunai":51,"Ring of the Snake":0}]},"card_choices":[{"not_picked":["Heel Hook","Deflect"],"picked":"Dagger Spray","floor":1},{"not_picked":["Heel Hook","Flying Knee"],"picked":"Tactician","floor":2},{"not_picked":["Choke","Cloak And Dagger"],"picked":"Dash","floor":5},{"not_picked":["Reflex","Sucker Punch","Tools of the Trade"],"picked":"SKIP","floor":6},{"not_picked":["Reflex","Sucker Punch"],"picked":"Tools of the Trade","floor":6},{"not_picked":["Setup","Prepared","Sucker Punch"],"picked":"SKIP","floor":8},{"not_picked":["Deflect","Phantasmal Killer","Predator"],"picked":"SKIP","floor":10},{"not_picked":["Malaise","Tools of the Trade"],"picked":"Bullet Time","floor":16},{"not_picked":["Prepared+1","Underhanded Strike","Accuracy"],"picked":"SKIP","floor":18},{"not_picked":["Deadly Poison","Sucker Punch"],"picked":"Dash","floor":24},{"not_picked":["Doppelganger","Underhanded Strike+1","Acrobatics"],"picked":"SKIP","floor":25},{"not_picked":["Dodge and Roll","Cloak And Dagger"],"picked":"Slice+1","floor":27},{"not_picked":["Acrobatics","Outmaneuver"],"picked":"Dodge and Roll+1","floor":29},{"not_picked":["Bane+1","Deflect","Outmaneuver"],"picked":"SKIP","floor":29},{"not_picked":["Bane","Sucker Punch"],"picked":"Tactician","floor":30},{"not_picked":["Escape Plan","PiercingWail"],"picked":"Storm of Steel","floor":30}],"player_experience":1394591,"relics_obtained":[{"floor":6,"key":"Shovel"},{"floor":8,"key":"Omamori"},{"floor":9,"key":"Sundial"},{"floor":10,"key":"Juzu Bracelet"},{"floor":25,"key":"Prayer Wheel"},{"floor":26,"key":"Kunai"},{"floor":27,"key":"Red Mask"},{"floor":32,"key":"Thread and Needle"}],"event_choices":[{"damage_healed":0,"gold_gain":175,"player_choice":"AGREE","damage_taken":0,"max_hp_gain":0,"max_hp_loss":0,"event_name":"Liars Game","floor":3,"gold_loss":0,"cards_obtained":["Doubt"]},{"damage_healed":0,"gold_gain":0,"player_choice":"Take Wound","damage_taken":0,"relics_obtained":["Golden Idol"],"max_hp_gain":0,"max_hp_loss":0,"event_name":"Golden Idol","floor":4,"gold_loss":0,"cards_obtained":["Injury"]},{"damage_healed":0,"gold_gain":0,"player_choice":"Box","damage_taken":0,"relics_obtained":["Strawberry"],"max_hp_gain":0,"max_hp_loss":0,"event_name":"Big Fish","floor":13,"gold_loss":0,"cards_obtained":["Regret"]},{"cards_removed":["Tools of the Trade"],"damage_healed":46,"gold_gain":0,"player_choice":"Offered Rare","damage_taken":0,"max_hp_gain":10,"max_hp_loss":0,"event_name":"Bonfire Elementals","floor":14,"gold_loss":0},{"damage_healed":0,"gold_gain":100,"player_choice":"Bet on Murderer","damage_taken":0,"max_hp_gain":0,"max_hp_loss":0,"event_name":"The Joust","floor":19,"gold_loss":50},{"damage_healed":0,"gold_gain":0,"player_choice":"Joined the Cult","damage_taken":6,"max_hp_gain":0,"max_hp_loss":0,"event_name":"Nest","floor":21,"gold_loss":0,"cards_obtained":["RitualDagger"]},{"damage_healed":0,"gold_gain":0,"player_choice":"Opened","damage_taken":0,"relics_obtained":["Regal Pillow"],"max_hp_gain":0,"max_hp_loss":0,"event_name":"The Mausoleum","floor":22,"gold_loss":0},{"damage_healed":0,"gold_gain":0,"player_choice":"Fought Bandits","damage_taken":0,"max_hp_gain":0,"max_hp_loss":0,"event_name":"Masked Bandits","floor":27,"gold_loss":0}],"is_beta":false,"boss_relics":[{"not_picked":["Ectoplasm","Runic Dome"],"picked":"Tiny House"}],"items_purged_floors":[12],"is_endless":false,"potions_floor_spawned":[1,2,6,24,25,27,30],"killed_by":"Collector","ascension_level":10}}