{"host":"mithrandi","time":1614344218,"event":{"mods":["BaseMod","Colored Map","Highlight Path","Minty Spire (QoL Compilation)","SuperFastMode"],"gold_per_floor":[114,114,129,129,1,30,30,49,49,60,70,98,98,115,115,189,189,202,212,223,498,511,511,511],"floor_reached":23,"language":"ENG","playtime":1016,"items_purged":["Regret"],"score":485,"play_id":"07649b6f-74a1-4b36-99b3-95ca6c8f4dff","local_time":"20210226145658","is_ascension_mode":true,"campfire_choices":[{"data":"Coolheaded","floor":7,"key":"SMITH"},{"data":"Coolheaded","floor":15,"key":"SMITH"}],"circlet_count":0,"master_deck":["AscendersBane","Strike_B","Strike_B","Strike_B","Strike_B","Defend_B","Defend_B","Defend_B","Defend_B","Zap","Dualcast","Coolheaded+1","Gash","Compile Driver","Coolheaded+1","Electrodynamics","Chill","Ball Lightning","Creative AI","Amplify","Hologram","Self Repair","Regret","Glacier"],"relics":["Cracked Core","NeowsBlessing","Pear","Shuriken","Lizard Tail","Mango","Fusion Hammer"],"acts_visited":["Exordium","TheCity"],"potions_floor_usage":[12,19,22,23],"damage_taken":[{"damage":0,"enemies":"Jaw Worm","floor":1,"turns":1},{"damage":0,"enemies":"Small Slimes","floor":3,"turns":1},{"damage":0,"enemies":"Lagavulin","floor":6,"turns":1},{"damage":0,"enemies":"Cultist","floor":8,"turns":3},{"damage":12,"enemies":"Looter","floor":10,"turns":3},{"damage":0,"enemies":"Lots of Slimes","floor":11,"turns":1},{"damage":18,"enemies":"3 Sentries","floor":12,"turns":7},{"damage":2,"enemies":"Red Slaver","floor":14,"turns":3},{"damage":110,"enemies":"Hexaghost","floor":16,"turns":12},{"damage":0,"enemies":"3 Byrds","floor":18,"turns":3},{"damage":0,"enemies":"Chosen","floor":19,"turns":4},{"damage":34,"enemies":"Centurion and Healer","floor":20,"turns":8},{"damage":16,"enemies":"3 Cultists","floor":22,"turns":4},{"damage":30,"enemies":"Slavers","floor":23,"turns":3}],"seed_played":"7675200668443912983","potions_obtained":[{"floor":1,"key":"ColorlessPotion"},{"floor":6,"key":"SteroidPotion"},{"floor":18,"key":"Ancient Potion"},{"floor":20,"key":"Block Potion"},{"floor":22,"key":"Swift Potion"}],"is_trial":false,"path_per_floor":["M","?","M","?","$","E","R","M","T","M","M","E","?","M","R","B",null,"M","M","M","?","M","E"],"character_chosen":"DEFECT","items_purchased":["Compile Driver"],"campfire_rested":0,"item_purchase_floors":[5],"current_hp_per_floor":[64,74,74,81,81,81,81,81,81,69,69,65,65,63,63,1,72,72,72,38,38,29,0,0],"gold":511,"neow_bonus":"THREE_ENEMY_KILL","is_daily":false,"chose_seed":false,"campfire_upgraded":2,"win_rate":0.0,"timestamp":1614344218,"path_taken":["M","?","M","?","$","E","R","M","T","M","?","E","?","M","R","BOSS","M","M","M","?","?","E"],"items_purchased_type":["Card"],"build_version":"2020-12-18","purchased_purges":1,"victory":false,"max_hp_per_floor":[71,81,81,81,81,81,81,81,81,81,81,95,95,95,95,95,95,95,95,95,95,95,95,95],"card_choices":[{"not_picked":["Reprogram","Cold Snap"],"picked":"Coolheaded","floor":1},{"not_picked":["Loop","Beam Cell"],"picked":"Gash","floor":3},{"not_picked":["Redo","Lockon"],"picked":"Coolheaded","floor":6},{"not_picked":["Compile Driver","Glacier"],"picked":"Electrodynamics","floor":8},{"not_picked":["Heatsinks","Redo"],"picked":"Chill","floor":10},{"not_picked":["Darkness","Rebound"],"picked":"Ball Lightning","floor":11},{"not_picked":["Beam Cell","Chill","Barrage"],"picked":"SKIP","floor":12},{"not_picked":["Cold Snap","Leap"],"picked":"Creative AI","floor":14},{"not_picked":["Thunder Strike","Electrodynamics"],"picked":"Amplify","floor":16},{"not_picked":["Chill","Streamline"],"picked":"Hologram","floor":18},{"not_picked":["Double Energy","Stack","Barrage"],"picked":"SKIP","floor":19},{"not_picked":["Force Field","Compile Driver"],"picked":"Self Repair","floor":20},{"not_picked":["Turbo","Cold Snap"],"picked":"Glacier","floor":22}],"player_experience":3147473,"relics_obtained":[{"floor":6,"key":"Shuriken"},{"floor":9,"key":"Lizard Tail"},{"floor":12,"key":"Mango"}],"event_choices":[{"damage_healed":0,"gold_gain":0,"player_choice":"Box","damage_taken":0,"relics_obtained":["Pear"],"max_hp_gain":0,"max_hp_loss":0,"event_name":"Big Fish","floor":2,"gold_loss":0,"cards_obtained":["Regret"]},{"damage_healed":7,"gold_gain":0,"player_choice":"Full Heal","damage_taken":0,"max_hp_gain":0,"max_hp_loss":0,"event_name":"Wheel of Change","floor":4,"gold_loss":0},{"damage_healed":0,"gold_gain":0,"player_choice":"Ignored","damage_taken":0,"max_hp_gain":0,"max_hp_loss":0,"event_name":"Liars Game","floor":13,"gold_loss":0},{"damage_healed":0,"gold_gain":275,"player_choice":"Desecrate","damage_taken":0,"max_hp_gain":0,"max_hp_loss":0,"event_name":"Golden Shrine","floor":21,"gold_loss":0,"cards_obtained":["Regret"]}],"is_beta":true,"boss_relics":[{"not_picked":["Black Star","Coffee Dripper"],"picked":"Fusion Hammer"}],"items_purged_floors":[5],"is_endless":false,"potions_floor_spawned":[1,6,11,18,20,22],"killed_by":"Slavers","ascension_level":20}}