{"host":"ggy1mjjy92c62u6a","time":1614316264,"event":{"mods":["10 clothes from DAL","ATMod(阿瑾Mod)","Act Like it!","BaseMod","Colored Powertips","GifTheSpireLib","Infinite Spire","Library of Ruina","Library of Ruina Extra","Lobotomy","LobotomyExtend","Marisa（F雨　魔理沙）","Minty Spire (QoL Compilation)","Quick Restart","Relic Filter Mod","Relic Stats","Reliquary","Remilia（蕾米莉亚）","Replay The Spire","RumiaBox-露米娅的神秘盒子","Shop Mod","Spicy Shops","StSLib","SuperFastMode","Youmu（魂魄妖梦）","[功能]功能增强和修复MOD","【功能Mod】混沌之环修复补丁","【遗物Mod】死灵法师NEW","【遗物卡牌】REMEMod"],"gold_per_floor":[111,111,326,344,344,344,364,364,364,364,172,185,203,216,216,216,216],"floor_reached":16,"language":"ZHS","playtime":655,"items_purged":["Strike_RM"],"score":158,"play_id":"7e58bd9b-2a83-469f-b337-2fcb97614257","local_time":"20210226131104","is_ascension_mode":true,"campfire_choices":[{"data":"ForbiddenFruit","floor":6.0,"key":"SMITH"},{"data":"AT_RobotInSpace","floor":8.0,"key":"SMITH"},{"data":"RedMagic","floor":10.0,"key":"SMITH"},{"floor":15,"key":"REST"}],"circlet_count":0,"master_deck":["Strike_RM","Strike_RM","Strike_RM","Defend_RM","Defend_RM","Defend_RM","Defend_RM","RedMoon","ScarletShoot","AT_RobotInSpace+1","ScarletShoot","RedMagic+1","ForbiddenFruit+1","Strike_RM","NightLord","ChaoticDestiny","ScarletDevilSign"],"relics":["ScarletHat","REME_ComplimentaryCards","AT_ATBox","CogitoBucket","Baka","LetterFromLob","Snack Pack","Smiling Mask","ReplayTheSpireMod:Lightbulb"],"acts_visited":["Exordium"],"potions_floor_usage":[13,13,14,16],"damage_taken":[{"damage":9.0,"enemies":"Jaw Worm","floor":1.0,"turns":6.0},{"damage":10.0,"enemies":"2 Louse","floor":3.0,"turns":6.0},{"damage":1.0,"enemies":"Cultist","floor":4.0,"turns":5.0},{"damage":10.0,"enemies":"2 Fungi Beasts","floor":7.0,"turns":5.0},{"damage":14,"enemies":"Blue Slaver","floor":12,"turns":5},{"damage":16,"enemies":"Lots of Slimes","floor":13,"turns":4},{"damage":6,"enemies":"Looter","floor":14,"turns":3}],"seed_played":"-2892427764793848853","potions_obtained":[{"floor":3.0,"key":"Toxic Potion"},{"floor":4.0,"key":"AttackPotion"},{"floor":5.0,"key":"LazyBrew"},{"floor":13,"key":"Block Potion"}],"is_trial":false,"path_per_floor":["M","?","M","M","?","R","M","R","T","R","$","M","M","M","R","B"],"character_chosen":"REMILIA","items_purchased":["ReplayTheSpireMod:Lightbulb"],"campfire_rested":1,"item_purchase_floors":[11],"current_hp_per_floor":[66,59,51,57,57,57,49,49,49,49,49,35,19,15,38,0,0],"gold":216,"neow_bonus":"","is_daily":false,"chose_seed":false,"campfire_upgraded":3,"win_rate":0.0,"timestamp":1614316264,"path_taken":["M","?","M","M","?","R","M","R","T","R","$","?","M","M","R","BOSS"],"items_purchased_type":["Relic"],"build_version":"2020-12-22","purchased_purges":1,"victory":false,"max_hp_per_floor":[75,75,75,78,78,78,78,78,78,78,78,78,78,78,78,78,78],"relic_stats":{"counters":[9,44],"Smiling Mask":25,"obtain_stats":[{"CogitoBucket":0,"AT_ATBox":0,"Baka":1,"LetterFromLob":1,"Snack Pack":2,"Smiling Mask":9,"ReplayTheSpireMod:Lightbulb":11,"ScarletHat":0,"REME_ComplimentaryCards":0},{"CogitoBucket":0,"AT_ATBox":0,"Baka":1,"LetterFromLob":1,"Snack Pack":1,"Smiling Mask":4,"ReplayTheSpireMod:Lightbulb":4,"ScarletHat":0,"REME_ComplimentaryCards":0},{"CogitoBucket":0,"AT_ATBox":0,"Baka":6,"LetterFromLob":6,"Snack Pack":6,"Smiling Mask":22,"ReplayTheSpireMod:Lightbulb":22,"ScarletHat":0,"REME_ComplimentaryCards":0}]},"card_choices":[{"not_picked":["LeisurelyOfLord","UnderTheZenith","BloodyTrap"],"picked":"SKIP","floor":1.0},{"not_picked":["UnderTheZenith","BloodAndWine"],"picked":"RedMagic","floor":3.0},{"not_picked":["VampireSweep","UnstableMagic"],"picked":"ForbiddenFruit","floor":4.0},{"not_picked":["CharismaGuard","ScarletCoffin","UnstableMagic"],"picked":"SKIP","floor":7.0},{"not_picked":["UnderTheZenith","HunterOfTheNight"],"picked":"NightLord","floor":12},{"not_picked":["EndlessAdversity","BlasphemousPunishment"],"picked":"ChaoticDestiny","floor":13},{"not_picked":["SuperhumanBloodyKnife","BloodHunter"],"picked":"ScarletDevilSign","floor":14}],"player_experience":161499,"relics_obtained":[{"floor":1.0,"key":"Baka"},{"floor":1.0,"key":"LetterFromLob"},{"floor":9.0,"key":"Smiling Mask"}],"event_choices":[{"damage_healed":0.0,"max_hp_gain":0.0,"max_hp_loss":0.0,"gold_gain":0.0,"event_name":"Scrap Ooze","player_choice":"Success","floor":2.0,"gold_loss":0.0,"damage_taken":7.0,"relics_obtained":["Snack Pack"]},{"damage_healed":0.0,"max_hp_gain":0.0,"max_hp_loss":0.0,"gold_gain":0.0,"event_name":"Lab","player_choice":"Got Potions","floor":5.0,"gold_loss":0.0,"damage_taken":0.0}],"is_beta":false,"boss_relics":[],"items_purged_floors":[11],"is_endless":false,"potions_floor_spawned":[3,4,13],"killed_by":"The Guardian","ascension_level":2}}