{"host":"o3b7ow6d1xe49css","time":1614335723,"event":{"mods":["Act Like it!","Aspiration","BaseMod","Bestiary","Better Altar","Better Match","Better Note","Better Sensory Stone","Better Skull","Better Third Choice","Colored Powertips","Conspire","Energized Spire","Force Act Four","GifTheSpireLib","Halation","Hermit","Hubris","Infinite Spire","Lobotomy","Minty Spire (QoL Compilation)","Quick Restart","Rare Cards Sparkle","Relic Filter Mod","Reliquary","Replay The Spire","Spicy Shops","Spikes Relics","StSLib","Stuff the Spire","The Blue Laboratory","The Jungle","Wandering Minibosses"],"gold_per_floor":[117,127,140,140,140,140,140,165,217,242,268,295,295,8,75,153,153,164,174,174,174,174,207,207,240,240,240,6,18,18,47,47,118,118,130,144,144,144,144,169,200,200,200,227,227,256,256,286,286,363,437,437,437,43,80,232],"floor_reached":57,"language":"ENG","playtime":2411,"items_purged":["Looming Evil","StuffTheSpire:Perfection","Strike_P","Strike_P"],"score":3377,"play_id":"7e41d88b-746e-459b-b9a4-b2062f1c2650","local_time":"20210226013523","daily_mods":["Heirloom","Flight"],"is_ascension_mode":true,"campfire_choices":[{"floor":6,"key":"REST"},{"data":"Eruption","floor":7,"key":"SMITH"},{"data":"Meditate","floor":27,"key":"SMITH"},{"floor":32,"key":"RECALL"},{"data":"BattleHymn","floor":42,"key":"SMITH"},{"data":"Scrawl","floor":45,"key":"SMITH"},{"data":"Strike_P","floor":49,"key":"PURGE"},{"data":"Scrawl","floor":53,"key":"SMITH"}],"circlet_count":0,"master_deck":["AscendersBane","Strike_P+1","Defend_P","Defend_P+1","Defend_P","Defend_P","Eruption+1","Vigilance+1","UniverseFragment","Meditate+1","Consecrate","Protect","Prostrate","Consecrate+1","Scrawl+1","Worship+1","Protect+1","Replay:BluntJabs","Worship+1","Wallop+1","SandsOfTime+1","BattleHymn+1","Halt","Brilliance+1","Prostrate","Scrawl+1"],"relics":["PureWater","Ring of Chaos","StuffTheSpire:NeowsTribute","CogitoBucket","BlackRope","Replay:Wax Seal","Lantern","infinitespire:Lucky Rock","halation:Diary","Black Star","ReplayTheSpireMod:Ring of Exchange","ReplayTheSpireMod:Ring of Addiction","hubris:EmptyBottle","Chameleon Ring","conspire:GiftBox","Replay:Bottled Snecko","infinitespire:EmpoweringShard","reliquary:BoilingFlask","Quantum Egg","wanderingMiniBosses:CarrionFlame","Snack Pack","Replay:Baseball","halation:Pancakes","ResearcherNote","StuffTheSpire:GrapeVine","infinitespire:Broken Mirror","reliquary:PartyBalloon","PreservedInsect","halation:IllGainedPizza","Onion Ring","Dream Catcher","Question Card","Bottled Flame","Replay:Accelerometer","infinitespire:Golems Mask","CosmicIsotope","Ring of Chaos","Guide Book","Meat on the Bone","Replay:Bottled Flurry"],"acts_visited":["Exordium","TheCity","TheBeyond","Exordium","TheEnding"],"potions_floor_usage":[10,16,23,25,25,25,29,35,40,41,44,46,48,50,51,55,56,56,56],"damage_taken":[{"damage":0,"enemies":"2 Louse","floor":1,"turns":3},{"damage":9,"enemies":"Jaw Worm","floor":2,"turns":6},{"damage":6,"enemies":"Cultist","floor":3,"turns":6},{"damage":8,"enemies":"3 Sentries","floor":8,"turns":3},{"damage":16,"enemies":"Gremlin Nob","floor":10,"turns":3},{"damage":0,"enemies":"Lagavulin","floor":11,"turns":5},{"damage":3,"enemies":"3 Sentries","floor":12,"turns":4},{"damage":7,"enemies":"Slime Boss","floor":16,"turns":8},{"damage":0,"enemies":"2 Thieves","floor":18,"turns":2},{"damage":23,"enemies":"Chosen","floor":19,"turns":6},{"damage":10,"enemies":"Slavers","floor":23,"turns":3},{"damage":9,"enemies":"Book of Stabbing","floor":25,"turns":5},{"damage":8,"enemies":"Centurion and Healer","floor":29,"turns":5},{"damage":0,"enemies":"Nightmare","floor":31,"turns":4},{"damage":4,"enemies":"Collector","floor":33,"turns":4},{"damage":2,"enemies":"Orb Walker","floor":35,"turns":2},{"damage":0,"enemies":"3 Darklings","floor":36,"turns":2},{"damage":0,"enemies":"R_Hoarder","floor":40,"turns":5},{"damage":27,"enemies":"Nemesis","floor":41,"turns":5},{"damage":0,"enemies":"Giant Head","floor":44,"turns":4},{"damage":0,"enemies":"R_Hoarder","floor":46,"turns":3},{"damage":0,"enemies":"Giant Head","floor":48,"turns":3},{"damage":3,"enemies":"Time Eater","floor":50,"turns":5},{"damage":16,"enemies":"hubris:GrandSnecko","floor":51,"turns":3},{"damage":0,"enemies":"Shield and Spear","floor":55,"turns":3},{"damage":51,"enemies":"The Heart","floor":56,"turns":8}],"seed_played":"3682936781030404949","potions_obtained":[{"floor":8,"key":"blueLaboratory:RecallPotion"},{"floor":10,"key":"blueLaboratory:LouseDecoction"},{"floor":12,"key":"SteroidPotion"},{"floor":13,"key":"GamblersBrew"},{"floor":21,"key":"Energy Potion"},{"floor":31,"key":"Dexterity Potion"},{"floor":33,"key":"SteroidPotion"},{"floor":41,"key":"blueLaboratory:NullPotion"},{"floor":44,"key":"ColorlessPotion"},{"floor":48,"key":"Strength Potion"},{"floor":51,"key":"blueLaboratory:EmptyBottle"}],"is_trial":true,"path_per_floor":["M","M","M","?","T","R","R","E","T","E","E","E","?","$","R","B",null,"M","M","?","?","?","E","?","E","T","R","$","M","AVR","NM","R","B",null,"M","M","?","?","T","E","E","R","T","E","R","E","AVR","E","R","B","B",null,"R","$","E","B",null],"character_chosen":"WATCHER","items_purchased":["Consecrate","halation:Diary","Worship+1","Wallop","BottledMiracle","Guide Book","Block Potion"],"campfire_rested":1,"item_purchase_floors":[14,14,28,28,28,54,54],"current_hp_per_floor":[61,52,46,26,26,46,46,38,38,22,22,19,19,19,19,12,54,54,31,31,31,31,21,21,12,12,12,12,4,4,50,50,50,61,59,61,61,61,61,62,39,39,39,41,41,45,45,49,49,48,34,60,60,60,60,23],"gold":232,"neow_bonus":"","is_daily":false,"chose_seed":false,"campfire_upgraded":5,"win_rate":0.0,"timestamp":1614335723,"path_taken":["M","M","M","?","?","R","R","E","T","E","E","E","?","$","R","BOSS","M","M","?","?","?","E","?","E","T","R","$","M","AVR","NM","R","BOSS","M","M","?","?","?","E","E","R","T","E","R","E","AVR","E","R","BOSS","BOSS","R","$","E","BOSS"],"items_purchased_type":["Card","Relic","Card","Card","Potion","Relic","Potion"],"build_version":"2020-12-22","purchased_purges":4,"victory":true,"max_hp_per_floor":[68,68,68,68,68,68,68,68,68,68,68,68,68,68,68,68,68,68,68,68,68,68,68,68,68,68,68,68,66,66,66,66,64,64,64,64,64,64,62,62,62,62,62,62,62,62,62,62,62,62,62,62,62,62,60,60],"card_choices":[{"not_picked":["OldLady","MHz"],"picked":"UniverseFragment","floor":1},{"not_picked":["Swivel","ClearTheMind"],"picked":"Meditate","floor":1},{"not_picked":["CutThroughFate","CrushJoints"],"picked":"Consecrate","floor":2},{"not_picked":["MeatLantern","OldLady","VoidDream"],"picked":"Singing Bowl","floor":2},{"not_picked":["FlurryOfBlows","Replay:Battleflow"],"picked":"Protect","floor":3},{"not_picked":["Weave","Replay:Vibes","Consecrate"],"picked":"SKIP","floor":8},{"not_picked":["Adaptation","SandsOfTime","Nirvana"],"picked":"SKIP","floor":10},{"not_picked":["Replay:DivineShield","Replay:BluntJabs","Collect"],"picked":"SKIP","floor":11},{"not_picked":["Nirvana","FlyingSleeves"],"picked":"Prostrate","floor":12},{"not_picked":["LessonLearned","Establishment"],"picked":"Scrawl","floor":16},{"not_picked":["BehaviorAdjustmentRelic","AdjustmentMirrorRelic","TreeSapRelic"],"picked":"Singing Bowl","floor":18},{"not_picked":["Sanctity+1","EmptyBody","Prostrate+1"],"picked":"SKIP","floor":18},{"not_picked":["ForeignInfluence","Replay:Cycle"],"picked":"Worship","floor":19},{"not_picked":["Omniscience","EmptyBody"],"picked":"Protect+1","floor":23},{"not_picked":["InnerPeace","BowlingBash+1"],"picked":"Replay:BluntJabs","floor":25},{"not_picked":["CarveReality","Replay:Hum"],"picked":"SandsOfTime","floor":29},{"not_picked":["Wallop+1","Protect","Crescendo"],"picked":"SKIP","floor":31},{"not_picked":["Replay:DivineShield","EmptyMind","Replay:BluntJabs+1"],"picked":"SKIP","floor":35},{"not_picked":["SignatureMove","Halt","CrushJoints"],"picked":"SKIP","floor":36},{"not_picked":["StuffTheSpire:Vigor","StuffTheSpire:Brawn"],"picked":"StuffTheSpire:Perfection","floor":37},{"not_picked":["Pray","Tantrum+1"],"picked":"BattleHymn","floor":40},{"not_picked":["FollowUp","WheelKick+1"],"picked":"Halt","floor":41},{"not_picked":["EmptyBody","Consecrate"],"picked":"Brilliance","floor":44},{"not_picked":["LikeWater","Wish","Sanctity+1"],"picked":"SKIP","floor":46},{"not_picked":["Conclude","MentalFortress","Fasting2"],"picked":"Prostrate","floor":48},{"not_picked":["Replay:AllIn","SpiritShield","Brilliance"],"picked":"Scrawl","floor":50},{"not_picked":["Replay:BluntJabs","MentalFortress+1","Fasting2+1","SashWhip"],"picked":"SKIP","floor":55},{"not_picked":["Replay:BluntJabs","MentalFortress+1","Fasting2+1","SashWhip"],"picked":"SKIP","floor":55}],"player_experience":1506884,"relics_obtained":[{"floor":5,"key":"BlackRope"},{"floor":8,"key":"Replay:Wax Seal"},{"floor":9,"key":"Lantern"},{"floor":10,"key":"infinitespire:Lucky Rock"},{"floor":12,"key":"Boot"},{"floor":21,"key":"ReplayTheSpireMod:Ring of Exchange"},{"floor":21,"key":"ReplayTheSpireMod:Ring of Addiction"},{"floor":21,"key":"hubris:EmptyBottle"},{"floor":21,"key":"Chameleon Ring"},{"floor":23,"key":"conspire:GiftBox"},{"floor":23,"key":"Replay:Bottled Snecko"},{"floor":25,"key":"infinitespire:EmpoweringShard"},{"floor":25,"key":"reliquary:BoilingFlask"},{"floor":26,"key":"Quantum Egg"},{"floor":29,"key":"wanderingMiniBosses:CarrionFlame"},{"floor":31,"key":"Replay:Baseball"},{"floor":31,"key":"halation:Pancakes"},{"floor":40,"key":"StuffTheSpire:GrapeVine"},{"floor":40,"key":"infinitespire:Broken Mirror"},{"floor":41,"key":"reliquary:PartyBalloon"},{"floor":41,"key":"PreservedInsect"},{"floor":43,"key":"halation:IllGainedPizza"},{"floor":44,"key":"Onion Ring"},{"floor":44,"key":"Dream Catcher"},{"floor":46,"key":"Question Card"},{"floor":48,"key":"Replay:Accelerometer"},{"floor":48,"key":"infinitespire:Golems Mask"},{"floor":55,"key":"Meat on the Bone"},{"floor":55,"key":"Replay:Bottled Flurry"}],"event_choices":[{"damage_healed":46,"gold_gain":0,"player_choice":"Upgrade","damage_taken":20,"max_hp_gain":0,"max_hp_loss":68,"event_name":"betterThird:BetterShining","floor":4,"gold_loss":0,"cards_upgraded":["Vigilance","Strike_P"]},{"damage_healed":0,"gold_gain":0,"player_choice":"Got Potions","damage_taken":0,"max_hp_gain":0,"max_hp_loss":0,"event_name":"Lab","floor":13,"gold_loss":0},{"damage_healed":0,"gold_gain":0,"player_choice":"Ignored","damage_taken":0,"max_hp_gain":0,"max_hp_loss":0,"event_name":"Vampires","floor":24,"gold_loss":0}],"is_beta":false,"boss_relics":[{"not_picked":["Replay:Wanted Poster","reliquary:Craggleroot"],"picked":"Black Star"},{"not_picked":["StuffTheSpire:ModemDavis","halation:LoveArrow","Sozu"]},{"not_picked":["Strange Spoon","Medical Kit"],"picked":"CosmicIsotope"}],"items_purged_floors":[30,47,54,54],"is_endless":true,"potions_floor_spawned":[8,10,12,23,31,33,35,41,44,48,51,56],"ascension_level":20}}