{"host":"kaame4qwxxqnygv7","time":1614305720,"event":{"mods":["AchievementEnabler","BaseMod","Better Match","Better Skull","Better Third Choice","BetterRewards","Block Reminder","Bossed Relics","DeckTracker","Energized Spire","GungeonMod","Minty Spire (QoL Compilation)","Quick Restart","Red Circlet Mod","StSLib","SuperFastMode","The Blue Laboratory"],"gold_per_floor":[113,113,133,149,164,164,197,197,224,244,211,228,243,2,2,105,105,115,129,143,242,242,287,320,334,334,334,346,357,377,388,408,408,408,503,503,517,528,546,54,70,70,104,104,127,147,147,161,161,179,179,179],"floor_reached":53,"language":"KOR","playtime":2874,"items_purged":["Bash","Defend_R"],"score":1141,"play_id":"3cabb808-f905-4917-ad73-7d60b2635620","local_time":"20210226111520","is_ascension_mode":true,"campfire_choices":[{"data":"Entrench","floor":6,"key":"SMITH"},{"data":"Demon Form","floor":15,"key":"SMITH"},{"data":"Seeing Red","floor":27,"key":"SMITH"},{"data":"Brutality","floor":33,"key":"SMITH"},{"data":"Limit Break","floor":42,"key":"SMITH"},{"data":"Burning Pact","floor":44,"key":"SMITH"},{"data":"Pummel","floor":51,"key":"SMITH"}],"circlet_count":0,"master_deck":["Strike_R","Strike_R","Strike_R","Strike_R","Defend_R","Defend_R+1","Defend_R","Burning Pact+1","Demon Form+1","Limit Break+1","Warcry","Sword Boomerang","Seeing Red+1","Reaper","Evolve","Ghostly","Ghostly","Ghostly","Ghostly","Ghostly","Brutality+1","Berserk","Battle Trance","Seeing Red+1","Twin Strike+1","Pummel+1","Rupture+1","Whirlwind","Offering+1","Warcry+1","Combust"],"relics":["Burning Blood","Lee\u0027s Waffle","DemoMod:Orange","Gambling Chip","DemoMod:MeatBun","DemoMod:AgedBell","DemoMod:SevenLeafClover","FaceOfCleric","Strawberry","Smiling Mask","Charon\u0027s Ashes","betterThird:SlimedRelic","Oddly Smooth Stone","Bottled Tornado","Empty Cage","Incense Burner","DemoMod:BigBoy","DemoMod:RatBoots","DemoMod:ResourcefulSack","DemoMod:PartiallyEatenCheese","SacredBark","TungstenRod","energizedSpire:TabascoSauce","DemoMod:Antibody","Sling","Champion Belt","Calipers","War Paint"],"acts_visited":["Exordium","TheCity","DemoMod:Maze","TheBeyond"],"potions_floor_usage":[12,30],"damage_taken":[{"damage":0,"enemies":"Jaw Worm","floor":1,"turns":3},{"damage":0,"enemies":"Cultist","floor":3,"turns":2},{"damage":0,"enemies":"2 Louse","floor":4,"turns":2},{"damage":0,"enemies":"Large Slime","floor":5,"turns":3},{"damage":0,"enemies":"Lagavulin","floor":7,"turns":3},{"damage":15,"enemies":"Blue Slaver","floor":10,"turns":4},{"damage":12,"enemies":"3 Louse","floor":12,"turns":2},{"damage":29,"enemies":"Exordium Wildlife","floor":13,"turns":5},{"damage":12,"enemies":"Slime Boss","floor":16,"turns":7},{"damage":21,"enemies":"Spheric Guardian","floor":18,"turns":4},{"damage":5,"enemies":"Chosen","floor":19,"turns":4},{"damage":28,"enemies":"Centurion and Healer","floor":20,"turns":4},{"damage":7,"enemies":"Book of Stabbing","floor":24,"turns":5},{"damage":10,"enemies":"3 Cultists","floor":25,"turns":5},{"damage":6,"enemies":"DemoMod:Veteran_shot_gun_kin_and_bullet_kin","floor":28,"turns":4},{"damage":20,"enemies":"DemoMod:2_Veteran_bullet_kins_and_red_shotgun_kin","floor":29,"turns":4},{"damage":5,"enemies":"DemoMod:Veteran_shot_gun_kin_and_blue_shotgun_kin_with_gunsinger","floor":30,"turns":5},{"damage":14,"enemies":"DemoMod:Veteran_shot_gun_kin_and_red_shotgun_kin_with_gunsinger","floor":31,"turns":5},{"damage":9,"enemies":"DemoMod:Veteran_shot_gun_kin_and_blue_shotgun_kin","floor":32,"turns":4},{"damage":21,"enemies":"DemoMod:ResourcefulRat","floor":34,"turns":12},{"damage":41,"enemies":"DemoMod:ResourcefulRat","floor":35,"turns":10},{"damage":0,"enemies":"Orb Walker","floor":37,"turns":4},{"damage":0,"enemies":"3 Shapes","floor":38,"turns":1},{"damage":0,"enemies":"Jaw Worm Horde","floor":39,"turns":4},{"damage":0,"enemies":"Maw","floor":41,"turns":6},{"damage":0,"enemies":"Nemesis","floor":43,"turns":1},{"damage":5,"enemies":"4 Shapes","floor":46,"turns":2},{"damage":19,"enemies":"Writhing Mass","floor":48,"turns":6},{"damage":0,"enemies":"Transient","floor":50,"turns":5},{"damage":0,"enemies":"Awakened One","floor":52,"turns":7}],"seed_played":"-9013300358695300557","potions_obtained":[{"floor":3,"key":"Explosive Potion"},{"floor":12,"key":"blueLaboratory:BubblePotion"},{"floor":13,"key":"blueLaboratory:HorrorPotion"},{"floor":20,"key":"blueLaboratory:PolymorphPotion"},{"floor":29,"key":"Energy Potion"},{"floor":30,"key":"SteroidPotion"},{"floor":46,"key":"LiquidBronze"}],"is_trial":false,"path_per_floor":["M","?","M","M","M","R","E","?","T","M","?","M","M","$","R","B",null,"M","M","M","?","?","T","E","M","T","R","M","M","M","M","M","R","B","B",null,"M","M","M","$","M","R","E","R","T","M","?","M","?","M","R","B",null],"character_chosen":"IRONCLAD","items_purchased":["Lee\u0027s Waffle","DemoMod:GnawedKey","DemoMod:MeatBun","DemoMod:SevenLeafClover","Seeing Red","Oddly Smooth Stone","Bottled Tornado","DemoMod:Antibody","Sling"],"campfire_rested":0,"item_purchase_floors":[0,0,0,0,14,14,14,40,40],"current_hp_per_floor":[99,99,100,101,102,102,110,115,115,107,96,91,69,69,69,64,105,91,106,105,105,61,61,62,63,63,63,64,51,66,61,59,59,64,47,65,68,71,71,71,71,71,71,71,71,69,69,64,64,71,71,71],"gold":179,"neow_bonus":"","is_daily":false,"chose_seed":false,"campfire_upgraded":7,"win_rate":0.0,"timestamp":1614305720,"path_taken":["M","?","?","M","M","R","E","?","T","M","?","M","M","?","R","BOSS","M","M","M","?","?","?","E","M","T","R","M","M","M","M","M","R","BOSS","BOSS","M","M","?","$","M","R","E","R","T","M","?","M","?","?","R","BOSS"],"items_purchased_type":["Relic","Relic","Relic","Relic","Card","Relic","Relic","Relic","Relic"],"build_version":"2020-12-22","purchased_purges":2,"victory":true,"max_hp_per_floor":[99,99,100,101,102,102,110,115,115,116,116,117,118,118,118,119,119,120,121,122,122,61,61,62,63,63,63,64,65,66,67,68,68,70,71,71,71,71,71,71,71,71,71,71,71,71,71,71,71,71,71,71],"card_choices":[{"not_picked":["Heavy Blade","Dual Wield"],"picked":"Burning Pact","floor":1},{"not_picked":["Havoc","Flame Barrier"],"picked":"Entrench","floor":3},{"not_picked":["Evolve","Wild Strike","Heavy Blade"],"picked":"SKIP","floor":4},{"not_picked":["Dual Wield","Thunderclap","Iron Wave"],"picked":"SKIP","floor":5},{"not_picked":["Warcry","Heavy Blade"],"picked":"Demon Form","floor":7},{"not_picked":["Double Tap","Reaper"],"picked":"Limit Break","floor":9},{"not_picked":["Body Slam","Metallicize","Thunderclap"],"picked":"SKIP","floor":10},{"not_picked":["True Grit","DemoMod:BlackBlade"],"picked":"Warcry","floor":12},{"not_picked":["Sentinel","Headbutt"],"picked":"Sword Boomerang","floor":13},{"not_picked":["Demon Form","Double Tap"],"picked":"Reaper","floor":16},{"not_picked":["Thunderclap+1","Searing Blow+1"],"picked":"Sword Boomerang","floor":18},{"not_picked":["Pommel Strike","Flex"],"picked":"Evolve","floor":19},{"not_picked":["Sword Boomerang+1","Iron Wave","Wild Strike"],"picked":"SKIP","floor":20},{"not_picked":["Feed","Impervious"],"picked":"Brutality","floor":23},{"not_picked":["Reckless Charge+1","Heavy Blade"],"picked":"Berserk","floor":24},{"not_picked":["Cleave","Pommel Strike"],"picked":"Battle Trance","floor":25},{"not_picked":["Body Slam","Perfected Strike","Pommel Strike"],"picked":"SKIP","floor":28},{"not_picked":["Blood for Blood","Shrug It Off","Anger+1"],"picked":"SKIP","floor":29},{"not_picked":["Anger","Berserk","Thunderclap"],"picked":"SKIP","floor":30},{"not_picked":["Clothesline+1","Shrug It Off"],"picked":"Seeing Red+1","floor":31},{"not_picked":["Metallicize+1","Second Wind+1","Wild Strike+1"],"picked":"SKIP","floor":32},{"not_picked":["Havoc+1","Infernal Blade+1"],"picked":"Twin Strike+1","floor":36},{"not_picked":["Blood for Blood+1","Wild Strike"],"picked":"Pummel","floor":37},{"not_picked":["Second Wind","Rage+1","Disarm+1"],"picked":"SKIP","floor":38},{"not_picked":["Clothesline+1","Headbutt+1"],"picked":"Rupture+1","floor":39},{"not_picked":["Havoc","Thunderclap"],"picked":"Whirlwind","floor":41},{"not_picked":["Double Tap","Blood for Blood+1","Sword Boomerang+1"],"picked":"SKIP","floor":43},{"not_picked":["Impervious","Berserk"],"picked":"Offering","floor":45},{"not_picked":["Sword Boomerang","Twin Strike"],"picked":"Warcry+1","floor":46},{"not_picked":["Intimidate+1","Evolve","Pommel Strike"],"picked":"SKIP","floor":48},{"not_picked":["Pommel Strike+1","Impervious","Clash"],"picked":"SKIP","floor":50}],"player_experience":353923,"relics_obtained":[{"floor":7,"key":"Strawberry"},{"floor":9,"key":"Smiling Mask"},{"floor":9,"key":"Charon\u0027s Ashes"},{"floor":23,"key":"Incense Burner"},{"floor":24,"key":"DemoMod:BigBoy"},{"floor":36,"key":"DemoMod:RatBoots"},{"floor":36,"key":"DemoMod:ResourcefulSack"},{"floor":36,"key":"DemoMod:PartiallyEatenCheese"},{"floor":36,"key":"SacredBark"},{"floor":36,"key":"TungstenRod"},{"floor":36,"key":"energizedSpire:TabascoSauce"},{"floor":43,"key":"Champion Belt"},{"floor":45,"key":"Calipers"},{"floor":45,"key":"War Paint"}],"event_choices":[{"damage_healed":0,"gold_gain":0,"player_choice":"Trade","damage_taken":0,"relics_obtained":["FaceOfCleric"],"max_hp_gain":0,"max_hp_loss":0,"event_name":"FaceTrader","floor":2,"gold_loss":0},{"damage_healed":0,"gold_gain":0,"player_choice":"Donut","damage_taken":0,"max_hp_gain":5,"max_hp_loss":0,"event_name":"Big Fish","floor":8,"gold_loss":0},{"damage_healed":0,"gold_gain":0,"player_choice":"Slimed","damage_taken":11,"max_hp_gain":0,"max_hp_loss":0,"event_name":"betterThird:BetterGoop","floor":11,"gold_loss":33},{"damage_healed":0,"gold_gain":99,"player_choice":"Steal","damage_taken":0,"max_hp_gain":0,"max_hp_loss":0,"event_name":"betterThird:BetterNest","floor":21,"gold_loss":0},{"damage_healed":0,"gold_gain":0,"player_choice":"Became a Ghost","damage_taken":0,"max_hp_gain":0,"max_hp_loss":61,"event_name":"Ghosts","floor":22,"gold_loss":0,"cards_obtained":["Ghostly","Ghostly","Ghostly","Ghostly","Ghostly"]},{"damage_healed":0,"gold_gain":0,"player_choice":"Ignored","damage_taken":0,"max_hp_gain":0,"max_hp_loss":0,"event_name":"Tomb of Lord Red Mask","floor":47,"gold_loss":0},{"damage_healed":0,"gold_gain":0,"cards_transformed":["Sword Boomerang"],"player_choice":"Transformed","damage_taken":0,"max_hp_gain":0,"max_hp_loss":0,"event_name":"Transmorgrifier","floor":49,"gold_loss":0,"cards_obtained":["Combust"]}],"is_beta":false,"boss_relics":[{"not_picked":["Tiny House","energizedSpire:MagnifyingGlass"],"picked":"Empty Cage"},{"not_picked":[]}],"items_purged_floors":[14,40],"is_endless":false,"potions_floor_spawned":[3,12,13,20,29,30,31,32,37,39,46,48],"ascension_level":7}}