{"host":"o3b7ow6d1xe49css","time":1614304363,"event":{"mods":["Act Like it!","Aspiration","BaseMod","Bestiary","Better Altar","Better Match","Better Note","Better Sensory Stone","Better Skull","Better Third Choice","Colored Powertips","Conspire","Energized Spire","Force Act Four","GifTheSpireLib","Halation","Hermit","Hubris","Infinite Spire","Lobotomy","Minty Spire (QoL Compilation)","Quick Restart","Rare Cards Sparkle","Relic Filter Mod","Reliquary","Replay The Spire","Spicy Shops","Spikes Relics","StSLib","Stuff the Spire","The Blue Laboratory","The Jungle","Wandering Minibosses"],"gold_per_floor":[111,128,142,142,142,176,176,203,203,42,42,67,67,92,92,168,168,188,206,206,41,41,70,70,87,110,110,110,137,156,222,222,380,380,399,481,168,68,0,200,200,200,276,276,436,571,571,633,633,831,906,906,906,175,206,280],"floor_reached":57,"language":"ENG","playtime":4671,"items_purged":["Strike_B","Strike_B","Strike_B","Dualcast","Pride"],"score":2771,"play_id":"d9c47733-9ceb-4c5e-a5d5-846a054d29ec","local_time":"20210225165243","daily_mods":["Heirloom","Flight"],"is_ascension_mode":true,"campfire_choices":[{"data":"Zap","floor":7,"key":"SMITH"},{"floor":11,"key":"REST"},{"data":"Conserve Battery","floor":13,"key":"SMITH"},{"data":"hubris:Ukulele","floor":15,"key":"SMITH"},{"floor":24,"key":"RECALL"},{"data":"Leap","floor":28,"key":"SMITH"},{"data":"Strike_B","floor":32,"key":"PURGE"},{"data":"hubris:PowerSurge","floor":41,"key":"SMITH"},{"data":"Defragment","floor":44,"key":"SMITH"},{"data":"Defend_B+1","floor":49,"key":"PURGE"},{"data":"Lockon","floor":53,"key":"SMITH"}],"circlet_count":0,"master_deck":["AscendersBane","Defend_B+1","Defend_B+1","Defend_B+1","Zap+1","Conserve Battery+1","Coolheaded","StuffTheSpire:Synthwave+1","hubris:Ukulele+1","Cold Snap","Skim","Dark Shackles","Leap+1","FIFO Queue","hubris:PowerSurge+1","StuffTheSpire:Plugnplay+1","Core Surge","Coolheaded+1","Defragment+1","Lockon+1","hubris:Ukulele","hubris:PowerSurge+1","Glacier+1","StuffTheSpire:ForEach","Consume+1"],"relics":["Cracked Core","Ring of Chaos","CrustySpines","CogitoBucket","Pet Ghost","halation:Toothbrush","Regal Pillow","Replay:Bottled Eggs","halation:SwordOfLegend","Sandwich","AspirationHeart","Prayer Wheel","Lee\u0027s Waffle","hubris:Icosahedron","Geode","hubris:BallOfYels","StuffTheSpire:CocoNut","hubris:Zylophone","ChangeAnything","Strawberry","Inserter","wanderingMiniBosses:AbyssPearl","Red Mask","Gremlin Horn","CherryCoatedStake","conspire:DecoderRing","CherryCoatedStake","aspiration:HiddenCompartment","StuffTheSpire:Tea","reliquary:WritOfMandamus","Ring of Chaos","BargainBundle","Anchor","Garlic","SpikesRelics:DaevaFist","aspiration:DSix"],"acts_visited":["Exordium","Exordium","TheBeyond","Exordium","TheEnding"],"potions_floor_usage":[6,12,18,19,23,30,35,40,56,56],"damage_taken":[{"damage":0,"enemies":"Cultist","floor":1,"turns":3},{"damage":2,"enemies":"Jaw Worm","floor":2,"turns":4},{"damage":0,"enemies":"2 Louse","floor":3,"turns":3},{"damage":25,"enemies":"3 Sentries","floor":6,"turns":7},{"damage":19,"enemies":"Lagavulin","floor":8,"turns":6},{"damage":0,"enemies":"Gremlin Nob","floor":12,"turns":2},{"damage":10,"enemies":"Lagavulin","floor":14,"turns":6},{"damage":2,"enemies":"The Guardian","floor":16,"turns":10},{"damage":0,"enemies":"theJungle:GiantWrat","floor":18,"turns":2},{"damage":53,"enemies":"theJungle:Flameango_and_Byrd","floor":19,"turns":6},{"damage":32,"enemies":"Nightmare","floor":23,"turns":9},{"damage":0,"enemies":"theJungle:SlimyTreeVines","floor":25,"turns":4},{"damage":14,"enemies":"theJungle:Cassacara","floor":29,"turns":4},{"damage":0,"enemies":"theJungle:2_Snecko_Cultists","floor":30,"turns":5},{"damage":4,"enemies":"theJungle:MamaSnecko","floor":31,"turns":4},{"damage":47,"enemies":"theJungle:TotemBoss","floor":33,"turns":9},{"damage":9,"enemies":"3 Darklings","floor":35,"turns":6},{"damage":3,"enemies":"3 Shapes","floor":36,"turns":3},{"damage":7,"enemies":"Nightmare","floor":40,"turns":7},{"damage":3,"enemies":"R_Hoarder","floor":45,"turns":3},{"damage":0,"enemies":"Giant Head","floor":46,"turns":5},{"damage":3,"enemies":"Reptomancer","floor":48,"turns":4},{"damage":24,"enemies":"Donu and Deca","floor":50,"turns":13},{"damage":18,"enemies":"Replay:Hell Engine","floor":51,"turns":6},{"damage":16,"enemies":"Shield and Spear","floor":55,"turns":6},{"damage":12,"enemies":"The Heart","floor":56,"turns":5}],"seed_played":"-7154332902265945490","potions_obtained":[{"floor":2,"key":"blueLaboratory:PolymorphPotion"},{"floor":8,"key":"blueLaboratory:FruitPunch"},{"floor":14,"key":"Weak Potion"},{"floor":16,"key":"Explosive Potion"},{"floor":18,"key":"blueLaboratory:Moonshine"},{"floor":19,"key":"blueLaboratory:RelayPotion"},{"floor":30,"key":"Elixir"},{"floor":35,"key":"BlessingOfTheForge"},{"floor":40,"key":"blueLaboratory:BiasPotion"}],"is_trial":true,"path_per_floor":["M","M","M","?","?","E","R","E","T","$","R","E","R","E","R","B",null,"M","M","?","$","?","NM","R","M","T","AVR","R","E","M","E","R","B",null,"M","M","$","$","?","NM","R","AVR","T","R","E","E","?","E","R","B","B",null,"R","$","E","B",null],"character_chosen":"DEFECT","items_purchased":["Regal Pillow","Lee\u0027s Waffle","Defragment","Lockon","hubris:Ukulele","BargainBundle","Anchor","Garlic","SpikesRelics:DaevaFist"],"campfire_rested":1,"item_purchase_floors":[10,21,37,37,37,54,54,54,54],"current_hp_per_floor":[64,62,62,62,62,37,37,18,18,18,54,56,56,46,45,43,66,76,26,26,93,93,61,70,75,75,85,88,74,74,77,86,66,101,92,89,92,95,95,88,100,103,103,103,100,100,100,122,125,111,114,124,125,128,119,107],"gold":280,"neow_bonus":"","is_daily":false,"chose_seed":false,"campfire_upgraded":7,"win_rate":0.0,"timestamp":1614304363,"path_taken":["M","M","M","?","?","E","R","E","T","$","R","E","R","E","R","BOSS","M","?","?","$","?","NM","R","M","T","AVR","R","E","?","E","R","BOSS","M","M","$","$","?","NM","R","AVR","T","R","E","E","?","E","R","BOSS","BOSS","R","$","E","BOSS"],"items_purchased_type":["Relic","Relic","Card","Card","Card","Relic","Relic","Relic","Relic"],"build_version":"2020-12-22","purchased_purges":5,"victory":true,"max_hp_per_floor":[71,71,71,71,71,71,71,71,71,71,71,73,73,73,73,73,73,83,86,86,93,93,93,93,93,93,103,103,103,103,110,113,113,113,113,113,116,119,119,119,119,122,122,122,122,122,122,122,125,125,125,125,125,128,128,128],"card_choices":[{"not_picked":["Storm","Barrage"],"picked":"Conserve Battery","floor":1},{"not_picked":["OSAHOGD","MeatLantern","Wellcheers"],"picked":"Singing Bowl","floor":1},{"not_picked":["Rebound","Fission"],"picked":"Coolheaded","floor":2},{"not_picked":["Bloodbath","WallGazer","OSAHOGD"],"picked":"Singing Bowl","floor":2},{"not_picked":["StuffTheSpire:LoadUp","Coolheaded"],"picked":"StuffTheSpire:Synthwave","floor":3},{"not_picked":["ShyLook","MHz","MeatLantern"],"picked":"Singing Bowl","floor":3},{"not_picked":["Rebound","Creative AI"],"picked":"hubris:Ukulele","floor":6},{"not_picked":["Barrage","Machine Learning"],"picked":"Cold Snap","floor":8},{"not_picked":["Coolheaded","StuffTheSpire:LoadUp","hubris:Prefetch"],"picked":"SKIP","floor":12},{"not_picked":["Bloodbath","Woodsman","Murderer"],"picked":"Singing Bowl","floor":14},{"not_picked":["Conserve Battery","Sunder","Sweeping Beam"],"picked":"SKIP","floor":14},{"not_picked":["Conserve Battery","Sunder","Sweeping Beam"],"picked":"SKIP","floor":14},{"not_picked":["Core Surge","Buffer"],"picked":"ReplayTheSpireMod:Fabricate Wheel","floor":16},{"not_picked":["PunishingBird","BlackArmy","LittleHelper"],"picked":"Singing Bowl","floor":16},{"not_picked":["BasicCrystalCard","ReplaySolidLightProjector"],"picked":"Skim","floor":18},{"not_picked":["Yin","OldLady","WhitesApple"],"picked":"Singing Bowl","floor":18},{"not_picked":["Fusion","Conserve Battery","Redo"],"picked":"SKIP","floor":19},{"not_picked":["Ball Lightning","BasicCrystalCard","StuffTheSpire:CleanHardDrive"],"picked":"SKIP","floor":19},{"not_picked":["LittleHelper","VoidDream","GalaxyChild"],"picked":"Singing Bowl","floor":19},{"not_picked":["Fusion","Conserve Battery","Redo"],"picked":"SKIP","floor":19},{"not_picked":["Ball Lightning","BasicCrystalCard","StuffTheSpire:CleanHardDrive"],"picked":"SKIP","floor":19},{"not_picked":["StuffTheSpire:FreeRealEstate","Bandage Up"],"picked":"Dark Shackles","floor":20},{"not_picked":["Darkness","Coolheaded","BasicCrystalCard"],"picked":"SKIP","floor":23},{"not_picked":["StuffTheSpire:LoadUp","Streamline"],"picked":"Leap","floor":25},{"not_picked":["Barrage","Darkness"],"picked":"FIFO Queue","floor":25},{"not_picked":["Mercenary","PunishingBird","CherryBlossoms"],"picked":"Singing Bowl","floor":25},{"not_picked":["Steam","Rebound","Chaos"],"picked":"SKIP","floor":29},{"not_picked":["StuffTheSpire:LoadUp+1","Chaos"],"picked":"hubris:PowerSurge","floor":30},{"not_picked":["NothingThere","WallGazer","BeautyBeast"],"picked":"Singing Bowl","floor":30},{"not_picked":["Compile Driver+1","Auto Shields","Panic Button"],"picked":"SKIP","floor":30},{"not_picked":["Redo","Doom and Gloom"],"picked":"StuffTheSpire:Plugnplay+1","floor":31},{"not_picked":["Mirror Shield","Hyperbeam"],"picked":"Core Surge","floor":33},{"not_picked":["MeatLantern","Wellcheers","MeltingLove"],"picked":"Singing Bowl","floor":33},{"not_picked":["Compile Driver+1","Ball Lightning+1"],"picked":"Coolheaded+1","floor":35},{"not_picked":["Capacitor","ReplaySort","Skim"],"picked":"SKIP","floor":35},{"not_picked":["StuffTheSpire:Plugnplay","Steam+1","Redo"],"picked":"SKIP","floor":36},{"not_picked":["Sunder","Sweeping Beam","Crystallizer"],"picked":"SKIP","floor":36},{"not_picked":["Conserve Battery","Defragment"],"picked":"hubris:PowerSurge+1","floor":40},{"not_picked":["Streamline","Force Field"],"picked":"Glacier+1","floor":45},{"not_picked":["Mercenary","Rudolta","MeatLantern"],"picked":"Singing Bowl","floor":46},{"not_picked":["ReplayTheSpireMod:Reroute Power","Ball Lightning+1","StuffTheSpire:LoadUp"],"picked":"SKIP","floor":46},{"not_picked":["Scorched","DreamingCurrent","BigBird"],"picked":"Singing Bowl","floor":48},{"not_picked":["Compile Driver","Barrage+1","Auto Shields"],"picked":"SKIP","floor":48},{"not_picked":["All For One","ReplayRNGCard"],"picked":"StuffTheSpire:ForEach","floor":51},{"not_picked":["LaLuna","MeltingLove","Freischutz"],"picked":"Singing Bowl","floor":51},{"not_picked":["ReplayTheSpireMod:Reroute Power","Steam"],"picked":"Consume+1","floor":55}],"player_experience":1496926,"relics_obtained":[{"floor":6,"key":"Pet Ghost"},{"floor":8,"key":"halation:Toothbrush"},{"floor":12,"key":"Replay:Bottled Eggs"},{"floor":14,"key":"halation:SwordOfLegend"},{"floor":23,"key":"Geode"},{"floor":26,"key":"hubris:BallOfYels"},{"floor":29,"key":"hubris:Zylophone"},{"floor":31,"key":"Strawberry"},{"floor":35,"key":"wanderingMiniBosses:AbyssPearl"},{"floor":40,"key":"Gremlin Horn"},{"floor":43,"key":"conspire:DecoderRing"},{"floor":45,"key":"CherryCoatedStake"},{"floor":46,"key":"aspiration:HiddenCompartment"},{"floor":48,"key":"StuffTheSpire:Tea"},{"floor":55,"key":"aspiration:DSix"}],"event_choices":[{"damage_healed":0,"gold_gain":2,"player_choice":"1","damage_taken":0,"max_hp_gain":0,"max_hp_loss":0,"event_name":"betterStone:BetterStone","floor":20,"gold_loss":0},{"damage_healed":0,"gold_gain":0,"player_choice":"Paid","damage_taken":0,"relics_obtained":["Red Mask"],"max_hp_gain":0,"max_hp_loss":0,"event_name":"Tomb of Lord Red Mask","floor":39,"gold_loss":68}],"is_beta":false,"boss_relics":[{"not_picked":["reliquary:Craggleroot","Replay:Bronze Core"],"picked":"Sandwich"},{"not_picked":["reliquary:ThirdArm","halation:PlatinumPhoenix"],"picked":"Inserter"},{"not_picked":["Ring of Chaos","StuffTheSpire:Kangaroo"],"picked":"reliquary:WritOfMandamus"}],"items_purged_floors":[27,37,38,42,54],"is_endless":true,"potions_floor_spawned":[2,8,14,16,18,19,30,35,40,46,50,51,56],"ascension_level":20}}