{"host":"4xh8v5undae39mue","time":1614351169,"event":{"mods":["AchievementEnabler","BaseMod","Minty Spire (QoL Compilation)"],"gold_per_floor":[110,125,143,143,157,157,188,188,188,188,232,232,252,290,290,413,413,437,28,28,127,52,83,33,72,84,110,122,170,182,214,226,368,380,417,18,81,105,121,121,121,154,202,236,236,34,55,74,74,74,74,74,26,65,65,65],"floor_reached":55,"language":"ENG","playtime":3644,"items_purged":["Strike_R","Feel No Pain","Strike_R"],"score":956,"play_id":"927ea348-5e52-4323-8958-ca6e86bc132b","local_time":"20210226095249","is_ascension_mode":true,"campfire_choices":[{"data":"Whirlwind","floor":6,"key":"SMITH"},{"data":"Seeing Red","floor":8,"key":"SMITH"},{"data":"1","floor":12,"key":"LIFT"},{"data":"Demon Form","floor":15,"key":"SMITH"},{"data":"2","floor":28,"key":"LIFT"},{"floor":32,"key":"REST"},{"data":"3","floor":40,"key":"LIFT"},{"floor":45,"key":"REST"},{"floor":49,"key":"RECALL"},{"data":"Berserk","floor":52,"key":"SMITH"}],"circlet_count":0,"master_deck":["Strike_R","Strike_R","Defend_R","Defend_R","Defend_R","Defend_R","Bash","Whirlwind+1","Seeing Red+1","Spot Weakness","Demon Form+1","Exhume","Pummel","Violence","Shrug It Off","Heavy Blade","Demon Form","Ghostly Armor+1","Demon Form","Berserk+1","Flame Barrier","Mayhem","Twin Strike+1","Impervious","Battle Trance+1"],"relics":["Burning Blood","Golden Idol","Bag of Marbles","Mercury Hourglass","Thread and Needle","Girya","Potion Belt","SacredBark","Orichalcum","White Beast Statue","Bottled Lightning","MawBank","Oddly Smooth Stone","Juzu Bracelet","Busted Crown","Dead Branch","Prayer Wheel","Ornamental Fan","Du-Vu Doll"],"acts_visited":["Exordium","TheCity","TheBeyond","TheEnding"],"potions_floor_usage":[7,7,14,23,25,29,29,31,33,33,42,42,48,50,50,55,55,55,55],"damage_taken":[{"damage":5,"enemies":"2 Louse","floor":1,"turns":4},{"damage":5,"enemies":"Jaw Worm","floor":2,"turns":5},{"damage":1,"enemies":"Cultist","floor":3,"turns":4},{"damage":7,"enemies":"Looter","floor":5,"turns":4},{"damage":22,"enemies":"Gremlin Nob","floor":7,"turns":4},{"damage":32,"enemies":"Lagavulin","floor":11,"turns":6},{"damage":0,"enemies":"3 Louse","floor":13,"turns":1},{"damage":6,"enemies":"3 Sentries","floor":14,"turns":2},{"damage":24,"enemies":"Slime Boss","floor":16,"turns":5},{"damage":35,"enemies":"3 Byrds","floor":18,"turns":3},{"damage":6,"enemies":"Slavers","floor":23,"turns":3},{"damage":50,"enemies":"Book of Stabbing","floor":25,"turns":5},{"damage":11,"enemies":"Shell Parasite","floor":27,"turns":6},{"damage":20,"enemies":"Gremlin Leader","floor":29,"turns":7},{"damage":0,"enemies":"3 Cultists","floor":31,"turns":4},{"damage":48,"enemies":"Champ","floor":33,"turns":8},{"damage":1,"enemies":"Orb Walker","floor":35,"turns":2},{"damage":12,"enemies":"Mind Bloom Boss Battle","floor":37,"turns":7},{"damage":0,"enemies":"3 Darklings","floor":38,"turns":1},{"damage":1,"enemies":"Maw","floor":39,"turns":6},{"damage":10,"enemies":"Giant Head","floor":42,"turns":6},{"damage":67,"enemies":"Reptomancer","floor":44,"turns":7},{"damage":0,"enemies":"Jaw Worm Horde","floor":47,"turns":1},{"damage":20,"enemies":"Sphere and 2 Shapes","floor":48,"turns":5},{"damage":11,"enemies":"Donu and Deca","floor":50,"turns":6},{"damage":47,"enemies":"Shield and Spear","floor":54,"turns":5},{"damage":47,"enemies":"The Heart","floor":55,"turns":5}],"seed_played":"-8955579389717846232","potions_obtained":[{"floor":1,"key":"Strength Potion"},{"floor":2,"key":"BlessingOfTheForge"},{"floor":7,"key":"DuplicationPotion"},{"floor":18,"key":"Block Potion"},{"floor":23,"key":"Regen Potion"},{"floor":25,"key":"Weak Potion"},{"floor":27,"key":"SkillPotion"},{"floor":29,"key":"Block Potion"},{"floor":31,"key":"BloodPotion"},{"floor":33,"key":"SteroidPotion"},{"floor":35,"key":"ColorlessPotion"},{"floor":37,"key":"Explosive Potion"},{"floor":38,"key":"Fire Potion"},{"floor":42,"key":"ElixirPotion"},{"floor":44,"key":"BlessingOfTheForge"},{"floor":47,"key":"EssenceOfSteel"},{"floor":48,"key":"Swift Potion"},{"floor":54,"key":"SpeedPotion"}],"is_trial":false,"path_per_floor":["M","M","M","?","M","R","E","R","T","?","E","R","M","E","R","B",null,"M","$","T","?","?","E","$","E","T","M","R","E","?","M","R","B",null,"M","$","?","M","M","R","?","E","T","E","R","$","M","M","R","B",null,"R","$","E","B"],"character_chosen":"IRONCLAD","items_purchased":["Orichalcum","Violence","Shrug It Off","Strength Potion","Mayhem","EssenceOfSteel","Swift Potion","Impervious","PowerPotion"],"campfire_rested":2,"item_purchase_floors":[19,19,19,24,36,36,36,46,53],"current_hp_per_floor":[88,88,88,88,87,87,71,71,71,71,45,45,51,51,51,33,88,59,59,59,59,59,59,59,49,49,44,44,30,30,36,62,55,88,88,88,82,88,88,88,88,84,84,23,49,49,55,41,41,36,88,88,88,47,0,0],"gold":65,"neow_bonus":"TEN_PERCENT_HP_BONUS","is_daily":false,"chose_seed":false,"campfire_upgraded":4,"win_rate":0.0,"timestamp":1614351169,"path_taken":["M","M","M","?","M","R","E","R","T","?","E","R","M","E","R","BOSS","M","$","?","?","?","E","?","E","T","M","R","E","?","M","R","BOSS","M","$","?","M","M","R","?","E","T","E","R","?","M","M","R","BOSS","R","$","E","BOSS"],"items_purchased_type":["Relic","Card","Card","Potion","Card","Potion","Potion","Card","Potion"],"build_version":"2020-12-22","purchased_purges":3,"victory":false,"max_hp_per_floor":[88,88,88,88,88,88,88,88,88,88,88,88,88,88,88,88,88,88,88,88,88,88,88,88,88,88,88,88,88,88,88,88,88,88,88,88,88,88,88,88,88,88,88,88,88,88,88,88,88,88,88,88,88,88,88,88],"card_choices":[{"not_picked":["Flame Barrier","Shrug It Off"],"picked":"Whirlwind","floor":1},{"not_picked":["True Grit","Headbutt"],"picked":"Feel No Pain","floor":2},{"not_picked":["Thunderclap","Hemokinesis","Twin Strike"],"picked":"SKIP","floor":3},{"not_picked":["Iron Wave","Heavy Blade"],"picked":"Perfected Strike","floor":5},{"not_picked":["Carnage","Battle Trance"],"picked":"Seeing Red","floor":7},{"not_picked":["Dual Wield","Perfected Strike"],"picked":"Spot Weakness","floor":11},{"not_picked":["Sword Boomerang","Clash"],"picked":"Demon Form","floor":13},{"not_picked":["Warcry","Perfected Strike","Wild Strike"],"picked":"SKIP","floor":14},{"not_picked":["Immolate","Impervious"],"picked":"Exhume","floor":16},{"not_picked":["Wild Strike","Sentinel+1"],"picked":"Pummel","floor":18},{"not_picked":["Headbutt","Pommel Strike"],"picked":"Heavy Blade","floor":23},{"not_picked":["Pommel Strike+1","Carnage+1"],"picked":"Demon Form","floor":25},{"not_picked":["Clothesline+1","Armaments"],"picked":"Ghostly Armor+1","floor":27},{"not_picked":["Shockwave","Combust"],"picked":"Demon Form","floor":29},{"not_picked":["Anger","Sever Soul","Twin Strike"],"picked":"SKIP","floor":31},{"not_picked":["Brutality","Impervious"],"picked":"Berserk","floor":33},{"not_picked":[],"picked":"Flame Barrier","floor":35},{"not_picked":["Heavy Blade"],"picked":"SKIP","floor":38},{"not_picked":["Armaments"],"picked":"SKIP","floor":39},{"not_picked":["Heavy Blade"],"picked":"SKIP","floor":42},{"not_picked":[],"picked":"Twin Strike+1","floor":44},{"not_picked":[],"picked":"Battle Trance+1","floor":47},{"not_picked":["Headbutt+1"],"picked":"SKIP","floor":47},{"not_picked":["Flex"],"picked":"SKIP","floor":48},{"not_picked":["Spot Weakness"],"picked":"SKIP","floor":48},{"not_picked":["Fire Breathing"],"picked":"SKIP","floor":54}],"player_experience":263127,"relics_obtained":[{"floor":7,"key":"Bag of Marbles"},{"floor":9,"key":"Mercury Hourglass"},{"floor":11,"key":"Girya"},{"floor":14,"key":"Potion Belt"},{"floor":20,"key":"White Beast Statue"},{"floor":23,"key":"Bottled Lightning"},{"floor":25,"key":"MawBank"},{"floor":26,"key":"Oddly Smooth Stone"},{"floor":29,"key":"Juzu Bracelet"},{"floor":37,"key":"Dead Branch"},{"floor":42,"key":"Prayer Wheel"},{"floor":44,"key":"Ornamental Fan"},{"floor":54,"key":"Du-Vu Doll"}],"event_choices":[{"damage_healed":0,"gold_gain":0,"player_choice":"Take Wound","damage_taken":0,"relics_obtained":["Golden Idol"],"max_hp_gain":0,"max_hp_loss":0,"event_name":"Golden Idol","floor":4,"gold_loss":0,"cards_obtained":["Injury"]},{"cards_removed":["Perfected Strike"],"damage_healed":0,"gold_gain":0,"player_choice":"Gave Card","damage_taken":0,"relics_obtained":["Thread and Needle"],"max_hp_gain":0,"max_hp_loss":0,"event_name":"WeMeetAgain","floor":10,"gold_loss":0},{"damage_healed":0,"gold_gain":99,"player_choice":"Stole From Cult","damage_taken":0,"max_hp_gain":0,"max_hp_loss":0,"event_name":"Nest","floor":21,"gold_loss":0},{"cards_removed":["Injury"],"damage_healed":0,"gold_gain":0,"player_choice":"Gave Gold","damage_taken":0,"max_hp_gain":0,"max_hp_loss":0,"event_name":"Beggar","floor":22,"gold_loss":75},{"damage_healed":0,"gold_gain":0,"player_choice":"Ignored","damage_taken":0,"max_hp_gain":0,"max_hp_loss":0,"event_name":"Ghosts","floor":30,"gold_loss":0},{"damage_healed":0,"gold_gain":0,"player_choice":"Fight","damage_taken":0,"max_hp_gain":0,"max_hp_loss":0,"event_name":"MindBloom","floor":37,"gold_loss":0},{"cards_removed":["Strike_R"],"damage_healed":0,"gold_gain":0,"player_choice":"Removed Attack","damage_taken":0,"max_hp_gain":0,"max_hp_loss":0,"event_name":"Falling","floor":41,"gold_loss":0}],"is_beta":false,"boss_relics":[{"not_picked":["Coffee Dripper","Runic Pyramid"],"picked":"SacredBark"},{"not_picked":["Empty Cage","Black Star"],"picked":"Busted Crown"}],"items_purged_floors":[19,36,46],"is_endless":false,"potions_floor_spawned":[1,2,7,18,23,25,27,29,31,33,35,37,38,39,42,44,47,48,54],"killed_by":"The Heart","ascension_level":4}}