{"host":"d9m9v0h6vo0edadb","time":1614326774,"event":{"mods":["BaseMod","Hermit","Keyboard Shortcuts","Minty Spire (QoL Compilation)","StSLib","SuperFastMode","The Cursed"],"gold_per_floor":[117,130,130,151,76,76,92,112,112,143,164,164,164,21,21,21,21],"floor_reached":16,"language":"KOR","playtime":413,"items_purged":["Strike_B","Defend_B"],"score":204,"play_id":"c0500fb2-03d5-4d55-ac9b-d2b7eac99d00","local_time":"20210226170614","is_ascension_mode":true,"campfire_choices":[{"data":"Sweeping Beam","floor":6,"key":"SMITH"},{"data":"Dualcast","floor":15,"key":"SMITH"}],"circlet_count":0,"master_deck":["AscendersBane","Strike_B","Strike_B","Defend_B","Defend_B","Defend_B","Zap","Dualcast+1","Conserve Battery","Sweeping Beam+1","Genetic Algorithm","Loop","Chill","Core Surge","Lockon"],"relics":["Cracked Core","Golden Idol","Bag of Preparation","MealTicket","The Courier"],"acts_visited":["Exordium"],"potions_floor_usage":[16],"damage_taken":[{"damage":2,"enemies":"Jaw Worm","floor":1,"turns":4},{"damage":4,"enemies":"2 Louse","floor":2,"turns":3},{"damage":0,"enemies":"Small Slimes","floor":4,"turns":2},{"damage":27,"enemies":"Exordium Wildlife","floor":7,"turns":9},{"damage":1,"enemies":"3 Louse","floor":8,"turns":3},{"damage":30,"enemies":"3 Sentries","floor":10,"turns":8},{"damage":6,"enemies":"Red Slaver","floor":11,"turns":4},{"damage":16,"enemies":"Slime Boss","floor":16,"turns":5}],"seed_played":"3589463630296963763","potions_obtained":[{"floor":2,"key":"PowerPotion"},{"floor":7,"key":"SpeedPotion"}],"is_trial":false,"path_per_floor":["M","M","?","M","$","R","M","M","T","E","M","?","?","$","R","B"],"character_chosen":"DEFECT","items_purchased":["Lockon"],"campfire_rested":0,"item_purchase_floors":[14],"current_hp_per_floor":[69,65,65,65,65,65,38,37,37,7,1,1,1,16,16,0,0],"gold":21,"neow_bonus":"TEN_PERCENT_HP_BONUS","is_daily":false,"chose_seed":false,"campfire_upgraded":2,"win_rate":0.0,"timestamp":1614326774,"path_taken":["M","M","?","M","$","R","M","M","T","E","M","?","?","$","R","BOSS"],"items_purchased_type":["Card"],"build_version":"2020-12-22","purchased_purges":2,"victory":false,"max_hp_per_floor":[78,78,71,71,71,71,71,71,71,71,71,71,71,71,71,71,71],"card_choices":[{"not_picked":["Stack","Barrage"],"picked":"Conserve Battery","floor":1},{"not_picked":["Redo","Force Field"],"picked":"Sweeping Beam","floor":2},{"not_picked":["Recycle","Conserve Battery","Blizzard"],"picked":"SKIP","floor":4},{"not_picked":["Blizzard","Consume"],"picked":"Genetic Algorithm","floor":7},{"not_picked":["Streamline","Hologram"],"picked":"Loop","floor":8},{"not_picked":["Hologram","White Noise","Rebound"],"picked":"SKIP","floor":10},{"not_picked":["Hello World","Static Discharge"],"picked":"Chill","floor":11}],"player_experience":1018316,"relics_obtained":[{"floor":9,"key":"Bag of Preparation"},{"floor":10,"key":"MealTicket"}],"event_choices":[{"damage_healed":0,"gold_gain":0,"player_choice":"Lose Max HP","damage_taken":0,"relics_obtained":["Golden Idol"],"max_hp_gain":0,"max_hp_loss":7,"event_name":"Golden Idol","floor":3,"gold_loss":0},{"damage_healed":0,"gold_gain":0,"player_choice":"Searched \u00271\u0027 times","damage_taken":0,"relics_obtained":["The Courier"],"max_hp_gain":0,"max_hp_loss":0,"event_name":"Dead Adventurer","floor":12,"gold_loss":0},{"damage_healed":0,"gold_gain":0,"cards_transformed":["Strike_B"],"player_choice":"Change","damage_taken":0,"max_hp_gain":0,"max_hp_loss":0,"event_name":"Living Wall","floor":13,"gold_loss":0,"cards_obtained":["Core Surge"]}],"is_beta":false,"boss_relics":[],"items_purged_floors":[5,14],"is_endless":false,"potions_floor_spawned":[2,7,8],"killed_by":"Slime Boss","ascension_level":20}}