{"host":"2d69zsihwnsihkt1","time":1614364710,"event":{"mods":["AchievementEnabler","Act Like it!","BaseMod","Better Altar","Better Note","Better Skull","Bossed Relics","Colored Map","Colored Powertips","Curses Come First","Displayed Cursed Tome","Googly Eyes","Hermit","Minty Spire (QoL Compilation)","Rare Cards Sparkle","Relic Stats","Replay The Spire","Robot Space Explorer","Shapeshifter Mod","Shop Mod","StSLib","The Forsaken","The Hayseed","The Runesmith"],"gold_per_floor":[115,126,126,126,126,126,145,161,185,185,202,202,22,35,35,35,35],"floor_reached":16,"language":"ENG","playtime":850,"items_purged":[],"score":152,"play_id":"80de4013-470f-4a59-a661-7d220550d05d","local_time":"20210226123830","is_ascension_mode":true,"campfire_choices":[{"floor":6,"key":"REST"},{"floor":10,"key":"REST"},{"floor":12,"key":"REST"},{"floor":15,"key":"REST"}],"circlet_count":0,"master_deck":["AscendersBane","theForsaken:TheForsaken_Strike","theForsaken:TheForsaken_Strike","theForsaken:TheForsaken_Strike","theForsaken:TheForsaken_Strike","theForsaken:TheForsaken_Defend","theForsaken:TheForsaken_Defend","theForsaken:TheForsaken_Defend","theForsaken:TheForsaken_Defend","theForsaken:Smite","theForsaken:Penitence","Runesmith:CraftFirestone","StSShapeShifter:ShapeShifter_Defend","theForsaken:MagicWeapon","theForsaken:MagicWeapon","HandOfGreed","theForsaken:DarkBarrier"],"relics":["theForsaken:JudgementScales","Bird Faced Urn","Mirror","Girya","Lantern"],"acts_visited":["Exordium"],"potions_floor_usage":[16,16],"damage_taken":[{"damage":4,"enemies":"Small Slimes","floor":1,"turns":5},{"damage":12,"enemies":"Jaw Worm","floor":2,"turns":6},{"damage":9,"enemies":"Cultist","floor":7,"turns":6},{"damage":59,"enemies":"Exordium Thugs","floor":8,"turns":8},{"damage":28,"enemies":"Lots of Slimes","floor":11,"turns":7},{"damage":16,"enemies":"Looter","floor":14,"turns":4},{"damage":41,"enemies":"Hexaghost","floor":16,"turns":9}],"seed_played":"8280511902658421059","potions_obtained":[{"floor":11,"key":"Reflective Coating"},{"floor":14,"key":"SkillPotion"}],"is_trial":false,"path_per_floor":["M","M","?","?","T","R","M","M","T","R","M","R","$","M","R","B"],"character_chosen":"THE_FORSAKEN","items_purchased":["HandOfGreed"],"campfire_rested":4,"item_purchase_floors":[13],"current_hp_per_floor":[60,50,50,43,43,62,56,7,7,26,8,27,27,18,37,0,0],"gold":35,"neow_bonus":"ONE_RARE_RELIC","is_daily":false,"chose_seed":false,"campfire_upgraded":0,"win_rate":0.0,"timestamp":1614364710,"path_taken":["M","M","?","?","?","R","?","M","T","R","M","R","?","?","R","BOSS"],"items_purchased_type":["Card"],"build_version":"2020-12-22","purchased_purges":0,"victory":false,"max_hp_per_floor":[65,65,65,65,65,65,65,65,65,65,65,65,65,65,65,65,65],"relic_stats":{"counters":[7,45],"Bird Faced Urn":[21],"obtain_stats":[{"Girya":5,"Lantern":9,"Bird Faced Urn":0,"theForsaken:JudgementScales":0,"Mirror":4},{"Girya":2,"Lantern":4,"Bird Faced Urn":0,"theForsaken:JudgementScales":0,"Mirror":2},{"Girya":11,"Lantern":25,"Bird Faced Urn":0,"theForsaken:JudgementScales":0,"Mirror":11}]},"card_choices":[{"not_picked":["theForsaken:Preservation","theForsaken:Backlash"],"picked":"theForsaken:MagicWeapon","floor":1},{"not_picked":["theForsaken:NobleSacrifice","theForsaken:BottledPlague"],"picked":"theForsaken:MagicWeapon","floor":2},{"not_picked":["theForsaken:BlindFaith","theForsaken:Eulogy","theForsaken:PreciseStrike"],"picked":"SKIP","floor":7},{"not_picked":["theForsaken:ScorchingSunlight","theForsaken:PanicDive","theForsaken:FatRoll"],"picked":"SKIP","floor":8},{"not_picked":["theForsaken:Thunderbolt","theForsaken:HorrifyingStrike","theForsaken:CleansingLight"],"picked":"SKIP","floor":11},{"not_picked":["theForsaken:WordsOfMight","theForsaken:InspiringBlow"],"picked":"theForsaken:DarkBarrier","floor":14}],"player_experience":1947282,"relics_obtained":[{"floor":5,"key":"Girya"},{"floor":9,"key":"Lantern"}],"event_choices":[{"damage_healed":0,"gold_gain":0,"player_choice":"Success","damage_taken":7,"relics_obtained":["Mirror"],"max_hp_gain":0,"max_hp_loss":0,"event_name":"Scrap Ooze","floor":4,"gold_loss":0}],"is_beta":false,"boss_relics":[],"items_purged_floors":[],"is_endless":false,"potions_floor_spawned":[11,14],"killed_by":"Hexaghost","ascension_level":13}}