{"host":"ww12db68ec84yd8w","time":1614370323,"event":{"mods":["BaseMod","Colored Map","Minty Spire (QoL Compilation)","StSLib"],"gold_per_floor":[109,109,109,109,133,168,168,21,21,46,46,82,95,118,118,249,249,262,262,275,294,209,209,209,209,209,134,152,166,185,253,253,383,383,408,741,752,239,253,285,302,336,336,336,336,336,353,353,353,353],"floor_reached":51,"language":"ENG","playtime":1719,"items_purged":["Doubt","Strike_R"],"score":957,"play_id":"83e2216b-84b5-4f58-ab4d-c0a1771ee0d8","local_time":"20210226121203","is_ascension_mode":true,"campfire_choices":[{"data":"Whirlwind","floor":7,"key":"SMITH"},{"data":"Twin Strike","floor":15,"key":"SMITH"},{"data":"Entrench","floor":23,"key":"SMITH"},{"floor":25,"key":"REST"},{"data":"Uppercut","floor":32,"key":"SMITH"},{"data":"Heavy Blade","floor":44,"key":"SMITH"},{"floor":49,"key":"REST"}],"circlet_count":0,"master_deck":["Strike_R+1","Strike_R+1","Defend_R+1","Defend_R+1","Defend_R+1","Defend_R+1","Bash+1","Pommel Strike+1","Whirlwind+1","Impervious+1","Bloodletting+1","Flame Barrier+1","Twin Strike+1","Pommel Strike+1","Immolate+1","Entrench+1","J.A.X.+1","Battle Trance+1","Necronomicurse","Uppercut+1","Armaments+1","Double Tap+1","Rupture+1","Inflame+1","Disarm+1","Heavy Blade+1","Writhe"],"relics":["Burning Blood","NeowsBlessing","Pear","Orichalcum","TheAbacus","FossilizedHelix","War Paint","Cursed Key","Boot","Necronomicon","Lantern","Blue Candle","Empty Cage","Red Skull","Lee\u0027s Waffle","Pocketwatch","StoneCalendar","Paper Frog","Mark of the Bloom"],"acts_visited":["Exordium","TheCity","TheBeyond"],"potions_floor_usage":[16,33,39,50,50,50],"damage_taken":[{"damage":0,"enemies":"Small Slimes","floor":1,"turns":1},{"damage":0,"enemies":"2 Louse","floor":5,"turns":1},{"damage":0,"enemies":"Lagavulin","floor":6,"turns":1},{"damage":0,"enemies":"Jaw Worm","floor":10,"turns":2},{"damage":0,"enemies":"3 Sentries","floor":12,"turns":2},{"damage":3,"enemies":"Looter","floor":13,"turns":2},{"damage":0,"enemies":"Large Slime","floor":14,"turns":5},{"damage":0,"enemies":"Slime Boss","floor":16,"turns":9},{"damage":3,"enemies":"2 Thieves","floor":18,"turns":3},{"damage":29,"enemies":"Shell Parasite","floor":20,"turns":6},{"damage":15,"enemies":"Snake Plant","floor":21,"turns":5},{"damage":0,"enemies":"Shelled Parasite and Fungi","floor":28,"turns":2},{"damage":5,"enemies":"Centurion and Healer","floor":29,"turns":3},{"damage":0,"enemies":"Sentry and Sphere","floor":30,"turns":1},{"damage":59,"enemies":"Automaton","floor":33,"turns":7},{"damage":0,"enemies":"Orb Walker","floor":35,"turns":2},{"damage":20,"enemies":"3 Shapes","floor":37,"turns":4},{"damage":3,"enemies":"Transient","floor":39,"turns":5},{"damage":7,"enemies":"Giant Head","floor":40,"turns":5},{"damage":2,"enemies":"3 Darklings","floor":41,"turns":3},{"damage":3,"enemies":"Nemesis","floor":42,"turns":5},{"damage":4,"enemies":"Spire Growth","floor":47,"turns":2},{"damage":61,"enemies":"Awakened One","floor":50,"turns":7}],"seed_played":"8634094276924808056","potions_obtained":[{"floor":10,"key":"ColorlessPotion"},{"floor":13,"key":"SmokeBomb"},{"floor":16,"key":"ColorlessPotion"},{"floor":21,"key":"SneckoOil"},{"floor":28,"key":"LiquidBronze"},{"floor":37,"key":"Fire Potion"},{"floor":39,"key":"Ancient Potion"},{"floor":41,"key":"AttackPotion"}],"is_trial":false,"path_per_floor":["M","?","?","?","M","E","R","$","T","M","?","E","M","M","R","B",null,"M","?","M","M","?","R","?","R","T","$","M","M","M","T","R","B",null,"M","?","M","$","M","E","M","E","T","R","?","?","M","?","R","B",null],"character_chosen":"IRONCLAD","items_purchased":["TheAbacus","Inflame","Red Skull","Lee\u0027s Waffle","Disarm"],"campfire_rested":2,"item_purchase_floors":[8,38,38,38,38],"current_hp_per_floor":[80,60,44,36,42,48,48,48,48,54,54,60,63,69,69,75,90,90,90,67,58,58,58,42,69,69,69,75,76,82,82,82,29,90,90,90,76,97,97,96,97,97,97,97,97,97,93,92,92,31],"gold":353,"neow_bonus":"THREE_ENEMY_KILL","is_daily":false,"chose_seed":false,"campfire_upgraded":5,"win_rate":0.0,"timestamp":1614370323,"path_taken":["M","?","?","?","M","E","R","$","T","M","?","E","M","M","R","BOSS","M","?","M","M","?","R","?","R","T","$","M","M","?","?","R","BOSS","M","?","M","$","M","E","M","E","T","R","?","?","?","?","R","BOSS"],"items_purchased_type":["Relic","Card","Relic","Relic","Card"],"build_version":"2020-12-22","purchased_purges":2,"victory":true,"max_hp_per_floor":[80,80,80,90,90,90,90,90,90,90,90,90,90,90,90,90,90,90,90,90,90,90,90,90,90,90,90,90,90,90,90,90,90,90,90,90,90,97,97,97,97,97,97,97,97,97,97,92,92,92],"card_choices":[{"not_picked":["Shrug It Off","Anger"],"picked":"Pommel Strike","floor":1},{"not_picked":["True Grit","Dropkick"],"picked":"Whirlwind","floor":5},{"not_picked":["Heavy Blade","Iron Wave"],"picked":"Impervious","floor":6},{"not_picked":["Uppercut","Cleave"],"picked":"Bloodletting","floor":10},{"not_picked":["Hemokinesis","Rampage"],"picked":"Flame Barrier","floor":12},{"not_picked":["Shrug It Off","Sword Boomerang"],"picked":"Twin Strike","floor":13},{"not_picked":["Feel No Pain","Dropkick"],"picked":"Pommel Strike","floor":14},{"not_picked":["Limit Break","Berserk"],"picked":"Immolate","floor":16},{"not_picked":["True Grit","Wild Strike"],"picked":"Entrench","floor":18},{"not_picked":["Wild Strike+1","Havoc+1"],"picked":"Battle Trance+1","floor":20},{"not_picked":["Flex","Iron Wave","Wild Strike"],"picked":"SKIP","floor":21},{"not_picked":["True Grit","Burning Pact+1","Pommel Strike"],"picked":"SKIP","floor":28},{"not_picked":["Cleave","Sword Boomerang"],"picked":"Uppercut","floor":29},{"not_picked":["Iron Wave","Reckless Charge+1"],"picked":"Armaments+1","floor":30},{"not_picked":["Offering","Reaper"],"picked":"Double Tap","floor":33},{"not_picked":["Flame Barrier","Thunderclap"],"picked":"Rupture","floor":35},{"not_picked":["Second Wind","Wild Strike","Power Through+1"],"picked":"SKIP","floor":37},{"not_picked":["Twin Strike","Wild Strike+1","Anger"],"picked":"SKIP","floor":39},{"not_picked":["Metallicize","Anger+1","Twin Strike+1"],"picked":"SKIP","floor":40},{"not_picked":["Sword Boomerang+1","Armaments+1","Wild Strike"],"picked":"SKIP","floor":41},{"not_picked":["Feel No Pain+1","Brutality"],"picked":"Heavy Blade","floor":42},{"not_picked":["Warcry","True Grit","Clash"],"picked":"SKIP","floor":47}],"player_experience":229742,"relics_obtained":[{"floor":6,"key":"Orichalcum"},{"floor":9,"key":"FossilizedHelix"},{"floor":12,"key":"War Paint"},{"floor":24,"key":"Necronomicon"},{"floor":26,"key":"Lantern"},{"floor":31,"key":"Blue Candle"},{"floor":40,"key":"Pocketwatch"},{"floor":42,"key":"StoneCalendar"},{"floor":43,"key":"Paper Frog"}],"event_choices":[{"damage_healed":0,"gold_gain":0,"player_choice":"Take Damage","damage_taken":20,"relics_obtained":["Golden Idol"],"max_hp_gain":0,"max_hp_loss":0,"event_name":"Golden Idol","floor":2,"gold_loss":0},{"damage_healed":0,"gold_gain":0,"player_choice":"Entered Light","damage_taken":16,"max_hp_gain":0,"max_hp_loss":0,"event_name":"Shining Light","floor":3,"gold_loss":0,"cards_upgraded":["Defend_R","Defend_R"]},{"damage_healed":0,"gold_gain":0,"player_choice":"Success","damage_taken":18,"relics_obtained":["Pear"],"max_hp_gain":0,"max_hp_loss":0,"event_name":"Scrap Ooze","floor":4,"gold_loss":0},{"cards_removed":["Strike_R"],"damage_healed":0,"gold_gain":0,"player_choice":"Forget","damage_taken":0,"max_hp_gain":0,"max_hp_loss":0,"event_name":"Living Wall","floor":11,"gold_loss":0},{"damage_healed":0,"gold_gain":0,"player_choice":"Obtain J.A.X.","damage_taken":0,"max_hp_gain":0,"max_hp_loss":0,"event_name":"Drug Dealer","floor":19,"gold_loss":0,"cards_obtained":["J.A.X."]},{"damage_healed":0,"gold_gain":0,"player_choice":"Obtained Relic","damage_taken":0,"relics_obtained":["Boot"],"max_hp_gain":0,"max_hp_loss":0,"event_name":"Addict","floor":22,"gold_loss":85},{"damage_healed":0,"gold_gain":0,"player_choice":"Obtained Book","damage_taken":16,"max_hp_gain":0,"max_hp_loss":0,"event_name":"Cursed Tome","floor":24,"gold_loss":0},{"damage_healed":0,"gold_gain":333,"player_choice":"Gave Idol","damage_taken":0,"max_hp_gain":0,"max_hp_loss":0,"event_name":"The Moai Head","floor":36,"relics_lost":["Golden Idol"],"gold_loss":0},{"damage_healed":0,"gold_gain":0,"player_choice":"Upgrade","damage_taken":0,"relics_obtained":["Mark of the Bloom"],"max_hp_gain":0,"max_hp_loss":0,"event_name":"MindBloom","floor":45,"gold_loss":0,"cards_upgraded":["Strike_R","Strike_R","Bash","Pommel Strike","Impervious","Bloodletting","Flame Barrier","Pommel Strike","Immolate","J.A.X.","Double Tap","Rupture","Inflame","Disarm"]},{"damage_healed":0,"gold_gain":0,"player_choice":"Ignored","damage_taken":0,"max_hp_gain":0,"max_hp_loss":0,"event_name":"Mysterious Sphere","floor":46,"gold_loss":0},{"damage_healed":0,"gold_gain":0,"player_choice":"Max HP","damage_taken":0,"max_hp_gain":0,"max_hp_loss":5,"event_name":"Winding Halls","floor":48,"gold_loss":0}],"is_beta":false,"boss_relics":[{"not_picked":["Calling Bell","Snecko Eye"],"picked":"Cursed Key"},{"not_picked":["Mark of Pain","Philosopher\u0027s Stone"],"picked":"Empty Cage"}],"items_purged_floors":[27,38],"is_endless":false,"potions_floor_spawned":[10,13,16,21,28,37,39,41],"ascension_level":3}}