{"host":"kt2jzujlwvzydtbu","time":1614316847,"event":{"mods":["BaseMod","Bestiary","Minty Spire (QoL Compilation)","SacredBarkPlus","StSLib"],"gold_per_floor":[115,21,39,57,68,95,95,128,128,158,83,99,99,123,123,243,243,261,261,14,14,14,52,52,66,66,86,107,138,157,170,170,170,170],"floor_reached":33,"language":"ENG","playtime":1772,"items_purged":["Strike_B","Strike_B"],"score":441,"play_id":"18341061-eba7-41c5-a66d-90f2ce8fb2d8","local_time":"20210226132047","is_ascension_mode":true,"campfire_choices":[{"data":"Auto Shields","floor":7.0,"key":"SMITH"},{"floor":15.0,"key":"REST"},{"data":"Fission","floor":24.0,"key":"SMITH"},{"data":"Fission","floor":32.0,"key":"SMITH"}],"circlet_count":0,"master_deck":["Strike_B","Strike_B","Defend_B","Defend_B","Defend_B","Defend_B","Zap","Dualcast","Gash","Cold Snap","Auto Shields+1","Gash","Gash","Turbo","Fission+1","Genetic Algorithm","Fission+1","Scrape","Scrape","Go for the Eyes","Beam Cell","Loop+1","Reboot","Ball Lightning+1"],"relics":["FrozenCore","Mango","Pear","Singing Bowl","Mercury Hourglass","Blue Candle","Golden Idol","Bag of Preparation","OrangePellets","Lizard Tail","Matryoshka","Smiling Mask"],"acts_visited":["TheCity"],"potions_floor_usage":[33],"damage_taken":[{"damage":1.0,"enemies":"Cultist","floor":1.0,"turns":4.0},{"damage":0.0,"enemies":"Jaw Worm","floor":3.0,"turns":3.0},{"damage":0.0,"enemies":"Small Slimes","floor":4.0,"turns":2.0},{"damage":9.0,"enemies":"Exordium Wildlife","floor":5.0,"turns":4.0},{"damage":14.0,"enemies":"Lagavulin","floor":6.0,"turns":6.0},{"damage":29.0,"enemies":"3 Sentries","floor":8.0,"turns":9.0},{"damage":23.0,"enemies":"Large Slime","floor":12.0,"turns":5.0},{"damage":16.0,"enemies":"The Guardian","floor":16.0,"turns":10.0},{"damage":9.0,"enemies":"Spheric Guardian","floor":18.0,"turns":5.0},{"damage":21.0,"enemies":"Gremlin Leader","floor":23.0,"turns":5.0},{"damage":0.0,"enemies":"Chosen","floor":25.0,"turns":4.0},{"damage":2.0,"enemies":"Centurion and Healer","floor":27.0,"turns":7.0},{"damage":3.0,"enemies":"3 Cultists","floor":28.0,"turns":4.0},{"damage":24.0,"enemies":"Slavers","floor":29.0,"turns":7.0},{"damage":14.0,"enemies":"Chosen and Byrds","floor":30.0,"turns":5.0},{"damage":6.0,"enemies":"Centurion and Healer","floor":31.0,"turns":8.0},{"damage":54,"enemies":"Collector","floor":33,"turns":7}],"seed_played":"4855348987717775374","potions_obtained":[{"floor":3.0,"key":"Explosive Potion"},{"floor":5.0,"key":"FearPotion"},{"floor":16.0,"key":"Explosive Potion"},{"floor":23.0,"key":"Strength Potion"},{"floor":28.0,"key":"Block Potion"},{"floor":31.0,"key":"Block Potion"}],"is_trial":false,"path_per_floor":["M","$","M","M","M","E","R","E","T","?","$","M","?","T","R","B",null,"M","?","$","?","?","E","R","M","T","M","M","E","M","M","R","B"],"character_chosen":"DEFECT","items_purchased":["Cold Snap","Auto Shields","OrangePellets"],"campfire_rested":1,"item_purchase_floors":[2,2,20],"current_hp_per_floor":[81,81,81,81,72,68,68,39,39,39,39,18,18,18,44,28,72,65,65,65,65,65,44,44,44,44,44,41,17,5,46,46,0,0],"gold":170,"neow_bonus":"ONE_RARE_RELIC","is_daily":false,"chose_seed":false,"campfire_upgraded":3,"win_rate":0.0,"timestamp":1614316847,"path_taken":["M","?","M","?","M","E","R","E","T","?","$","M","?","?","R","BOSS","M","?","$","?","?","E","R","M","T","M","?","E","M","M","R","BOSS"],"items_purchased_type":["Card","Card","Relic"],"build_version":"2020-12-22","purchased_purges":2,"victory":false,"max_hp_per_floor":[82,82,82,82,82,92,92,92,92,92,92,94,87,87,87,87,87,89,89,89,89,89,89,89,89,89,91,91,91,93,93,93,93,93],"card_choices":[{"not_picked":["Coolheaded","Go for the Eyes"],"picked":"Gash","floor":1.0},{"not_picked":["Chill","Coolheaded"],"picked":"Gash","floor":3.0},{"not_picked":["Barrage","Tempest"],"picked":"Gash","floor":4.0},{"not_picked":["Blizzard","Barrage"],"picked":"Turbo","floor":5.0},{"not_picked":["Steam","Compile Driver"],"picked":"Fission","floor":6.0},{"not_picked":["Leap","Turbo"],"picked":"Genetic Algorithm","floor":8.0},{"not_picked":["Ball Lightning","Chaos","Sweeping Beam"],"picked":"Singing Bowl","floor":12.0},{"not_picked":["Multi-Cast","Creative AI"],"picked":"Fission","floor":16.0},{"not_picked":["Hologram+1","Static Discharge+1","Compile Driver"],"picked":"Singing Bowl","floor":18.0},{"not_picked":["Compile Driver+1","Fusion"],"picked":"Go for the Eyes","floor":23.0},{"not_picked":["Skim","Ball Lightning"],"picked":"Beam Cell","floor":25.0},{"not_picked":["White Noise","Redo+1","Go for the Eyes"],"picked":"Singing Bowl","floor":27.0},{"not_picked":["Reprogram","FTL"],"picked":"Loop+1","floor":28.0},{"not_picked":["Barrage","Coolheaded"],"picked":"Reboot","floor":29.0},{"not_picked":["Capacitor","Cold Snap","Steam"],"picked":"Singing Bowl","floor":30.0},{"not_picked":["Hologram","Sunder"],"picked":"Ball Lightning+1","floor":31.0}],"player_experience":566928,"relics_obtained":[{"floor":6.0,"key":"Pear"},{"floor":8.0,"key":"Singing Bowl"},{"floor":9.0,"key":"Mercury Hourglass"},{"floor":14.0,"key":"Bag of Preparation"},{"floor":23.0,"key":"Lizard Tail"},{"floor":26.0,"key":"Matryoshka"},{"floor":29.0,"key":"Smiling Mask"}],"event_choices":[{"damage_healed":0.0,"max_hp_gain":0.0,"max_hp_loss":0.0,"gold_gain":30.0,"event_name":"Dead Adventurer","player_choice":"Searched \u00272\u0027 times","floor":10.0,"gold_loss":0.0,"damage_taken":0.0,"relics_obtained":["Blue Candle"]},{"damage_healed":0.0,"max_hp_gain":0.0,"max_hp_loss":7.0,"gold_gain":0.0,"event_name":"Golden Idol","player_choice":"Lose Max HP","floor":13.0,"gold_loss":0.0,"damage_taken":0.0,"relics_obtained":["Golden Idol"]},{"damage_healed":0.0,"max_hp_gain":0.0,"max_hp_loss":0.0,"gold_gain":0.0,"event_name":"The Library","player_choice":"Read","floor":19.0,"gold_loss":0.0,"damage_taken":0.0,"cards_obtained":["Scrape"]},{"damage_healed":0.0,"max_hp_gain":0.0,"max_hp_loss":0.0,"gold_gain":0.0,"event_name":"Ghosts","player_choice":"Ignored","floor":21.0,"gold_loss":0.0,"damage_taken":0.0},{"damage_healed":0.0,"max_hp_gain":0.0,"max_hp_loss":0.0,"gold_gain":0.0,"event_name":"Duplicator","player_choice":"Copied","floor":22.0,"gold_loss":0.0,"damage_taken":0.0,"cards_obtained":["Scrape"]}],"is_beta":false,"boss_relics":[{"not_picked":["Philosopher\u0027s Stone","Fusion Hammer"],"picked":"FrozenCore"}],"items_purged_floors":[11,20],"is_endless":false,"potions_floor_spawned":[3,5,16,23,25,28,31],"killed_by":"Collector","ascension_level":8}}