{"host":"po0gzr6h085cygwo","time":1614345429,"event":{"mods":["AchievementEnabler","BaseMod","Colored Map","KOR Keyword Fix","Minty Spire (QoL Compilation)","Rare Cards Sparkle","StSLib","SuperFastMode"],"gold_per_floor":[118,68,68,85,105,105,133,153,180,255,268,296,308,337,337,436,436,454,454,81,81,95,123,123,123,148,148,159,13,44,57,57,155,155,170,170,190,90,190,221,234,234,234,253,268,283,283,295,295,295,295,295,14,47,47],"floor_reached":56,"language":"KOR","playtime":2741,"items_purged":["Defend_G","Defend_G","Strike_G"],"score":1503,"play_id":"695f17e2-2a77-4c81-a7ad-cb45db89d29d","local_time":"20210226221709","is_ascension_mode":true,"campfire_choices":[{"data":"Beta","floor":6.0,"key":"SMITH"},{"data":"Setup","floor":15.0,"key":"SMITH"},{"data":"Adrenaline","floor":24.0,"key":"SMITH"},{"data":"Burst","floor":27.0,"key":"SMITH"},{"floor":32.0,"key":"RECALL"},{"data":"Acrobatics","floor":42.0,"key":"SMITH"},{"data":"Night Terror","floor":47.0,"key":"SMITH"},{"data":"Acrobatics","floor":49.0,"key":"SMITH"},{"floor":52.0,"key":"REST"}],"circlet_count":0,"master_deck":["Strike_G","Defend_G","Defend_G","Survivor","Beta+1","Setup+1","Acrobatics+1","Blade Dance","Malaise","Dash","Acrobatics+1","Noxious Fumes","Leg Sweep","Adrenaline+1","Wraith Form v2+1","A Thousand Cuts+1","Reflex+1","PiercingWail","Burst+1","Night Terror+1","Setup+1","Outmaneuver+1"],"relics":["Ring of the Snake","Bottled Lightning","Anchor","Odd Mushroom","MealTicket","Pear","Centennial Puzzle","Astrolabe","HandDrill","Boot","MutagenicStrength","Question Card","Strange Spoon","Red Mask","Runic Pyramid","Toxic Egg 2","White Beast Statue","TwistedFunnel","FossilizedHelix"],"acts_visited":["Exordium","TheCity","TheBeyond","TheEnding"],"potions_floor_usage":[55,55,55],"damage_taken":[{"damage":5.0,"enemies":"Small Slimes","floor":1.0,"turns":2.0},{"damage":0.0,"enemies":"2 Louse","floor":4.0,"turns":2.0},{"damage":2.0,"enemies":"Jaw Worm","floor":5.0,"turns":3.0},{"damage":15.0,"enemies":"Lagavulin","floor":7.0,"turns":4.0},{"damage":0.0,"enemies":"The Mushroom Lair","floor":8.0,"turns":2.0},{"damage":1.0,"enemies":"Looter","floor":11.0,"turns":4.0},{"damage":16.0,"enemies":"Gremlin Nob","floor":12.0,"turns":3.0},{"damage":0.0,"enemies":"3 Louse","floor":13.0,"turns":2.0},{"damage":0.0,"enemies":"Lagavulin","floor":14.0,"turns":4.0},{"damage":6.0,"enemies":"Hexaghost","floor":16.0,"turns":5.0},{"damage":2.0,"enemies":"Spheric Guardian","floor":18.0,"turns":4.0},{"damage":0.0,"enemies":"2 Thieves","floor":22.0,"turns":3.0},{"damage":3.0,"enemies":"Gremlin Leader","floor":23.0,"turns":5.0},{"damage":10.0,"enemies":"Chosen and Byrds","floor":28.0,"turns":5.0},{"damage":2.0,"enemies":"Masked Bandits","floor":30.0,"turns":3.0},{"damage":1.0,"enemies":"Snecko","floor":31.0,"turns":3.0},{"damage":2.0,"enemies":"Champ","floor":33.0,"turns":7.0},{"damage":2.0,"enemies":"3 Shapes","floor":35.0,"turns":2.0},{"damage":3.0,"enemies":"Orb Walker","floor":37.0,"turns":4.0},{"damage":18.0,"enemies":"Reptomancer","floor":40.0,"turns":6.0},{"damage":21.0,"enemies":"Spire Growth","floor":41.0,"turns":5.0},{"damage":0.0,"enemies":"4 Shapes","floor":44.0,"turns":3.0},{"damage":4.0,"enemies":"3 Darklings","floor":45.0,"turns":4.0},{"damage":3.0,"enemies":"Writhing Mass","floor":46.0,"turns":5.0},{"damage":2.0,"enemies":"Maw","floor":48.0,"turns":6.0},{"damage":14.0,"enemies":"Time Eater","floor":50.0,"turns":6.0},{"damage":20.0,"enemies":"Shield and Spear","floor":54.0,"turns":4.0},{"damage":44,"enemies":"The Heart","floor":55,"turns":8}],"seed_played":"-8093852411642555288","potions_obtained":[{"floor":7.0,"key":"SteroidPotion"},{"floor":8.0,"key":"Ancient Potion"},{"floor":13.0,"key":"GhostInAJar"},{"floor":18.0,"key":"Fire Potion"},{"floor":37.0,"key":"FearPotion"},{"floor":41.0,"key":"SkillPotion"},{"floor":54.0,"key":"Strength Potion"}],"is_trial":false,"path_per_floor":["M","?","$","M","M","R","E","?","T","?","M","E","M","E","R","B",null,"M","?","$","?","M","E","R","?","T","R","M","$","?","M","R","B",null,"M","?","M","$","?","E","M","R","T","M","M","M","R","M","R","B",null,"R","$","E","B",null],"character_chosen":"THE_SILENT","items_purchased":["HandDrill","Boot","Strange Spoon","TwistedFunnel"],"campfire_rested":1,"item_purchase_floors":[20,20,29,53],"current_hp_per_floor":[72,72,72,72,70,70,55,55,55,44,43,37,37,37,37,31,73,71,71,86,86,86,83,83,83,83,83,73,87,85,84,84,82,86,84,84,81,87,87,69,48,48,48,48,44,41,41,39,39,25,72,87,87,67,23],"gold":47,"neow_bonus":"TEN_PERCENT_HP_BONUS","is_daily":false,"chose_seed":false,"campfire_upgraded":7,"win_rate":0.0,"timestamp":1614345429,"path_taken":["M","?","$","M","M","R","E","?","T","?","M","E","M","E","R","BOSS","M","?","$","?","M","E","R","?","T","R","M","$","?","M","R","BOSS","M","?","M","$","?","E","M","R","T","M","?","M","R","M","R","BOSS","R","$","E","BOSS"],"items_purchased_type":["Relic","Relic","Relic","Relic"],"build_version":"2020-12-22","purchased_purges":3,"victory":true,"max_hp_per_floor":[77,77,77,77,77,77,77,77,77,77,77,87,87,87,87,87,87,87,87,87,87,87,87,87,87,87,87,87,87,87,87,87,87,87,87,87,87,87,87,87,87,87,87,87,87,87,87,87,87,87,87,87,87,87,87],"card_choices":[{"not_picked":["Deflect","Quick Slash"],"picked":"Setup","floor":1.0},{"not_picked":["Concentrate","Dodge and Roll"],"picked":"Acrobatics","floor":4.0},{"not_picked":["Dagger Throw","Poisoned Stab"],"picked":"Blade Dance","floor":5.0},{"not_picked":["Catalyst","Dagger Spray"],"picked":"Malaise","floor":7.0},{"not_picked":["Blur","Deadly Poison"],"picked":"Dash","floor":8.0},{"not_picked":["Acrobatics","Prepared","Bane"],"picked":"SKIP","floor":11.0},{"not_picked":["Prepared","Bane"],"picked":"Acrobatics","floor":11.0},{"not_picked":["Dagger Spray","Masterful Stab"],"picked":"Noxious Fumes","floor":12.0},{"not_picked":["Deflect","Sucker Punch","Deadly Poison"],"picked":"SKIP","floor":13.0},{"not_picked":["Cloak And Dagger","Footwork"],"picked":"Leg Sweep","floor":14.0},{"not_picked":["Malaise","Wraith Form v2"],"picked":"Adrenaline","floor":16.0},{"not_picked":["Bane","Underhanded Strike","Deflect"],"picked":"SKIP","floor":18.0},{"not_picked":["Blade Dance","Prepared","Outmaneuver"],"picked":"SKIP","floor":22.0},{"not_picked":["Dagger Throw","Choke"],"picked":"PiercingWail","floor":23.0},{"not_picked":["Blur","Masterful Stab+1","Reflex+1","Cloak And Dagger"],"picked":"SKIP","floor":28.0},{"not_picked":["Caltrops","Heel Hook+1","Poisoned Stab","Endless Agony"],"picked":"SKIP","floor":31.0},{"not_picked":["Burst","Tools of the Trade","Glass Knife"],"picked":"Night Terror","floor":33.0},{"not_picked":["Dodge and Roll+1","Concentrate","Skewer","Underhanded Strike+1"],"picked":"SKIP","floor":35.0},{"not_picked":["Underhanded Strike","Masterful Stab","Outmaneuver+1","Blade Dance+1"],"picked":"SKIP","floor":37.0},{"not_picked":["Poisoned Stab+1","Accuracy","Footwork+1"],"picked":"Setup+1","floor":40.0},{"not_picked":["Finisher+1","Cloak And Dagger+1","Bane","Setup+1"],"picked":"SKIP","floor":41.0},{"not_picked":["Finisher+1","Cloak And Dagger+1","Bane","Setup+1"],"picked":"SKIP","floor":41.0},{"not_picked":["Finisher+1","Cloak And Dagger+1","Bane","Setup+1"],"picked":"SKIP","floor":41.0},{"not_picked":["Setup+1","Quick Slash","Bane+1","Blade Dance+1"],"picked":"SKIP","floor":44.0},{"not_picked":["Blade Dance+1","Caltrops+1","Reflex+1","Venomology+1"],"picked":"SKIP","floor":45.0},{"not_picked":["Bane+1","Finisher","Blur+1","Underhanded Strike"],"picked":"SKIP","floor":46.0},{"not_picked":["Deflect+1","Sucker Punch+1","Catalyst+1"],"picked":"Outmaneuver+1","floor":48.0},{"not_picked":["Prepared+1","Blur+1","Predator","Deflect+1"],"picked":"SKIP","floor":54.0}],"player_experience":96784,"relics_obtained":[{"floor":7.0,"key":"Anchor"},{"floor":8.0,"key":"Odd Mushroom"},{"floor":9.0,"key":"MealTicket"},{"floor":12.0,"key":"Pear"},{"floor":14.0,"key":"Centennial Puzzle"},{"floor":23.0,"key":"Question Card"},{"floor":30.0,"key":"Red Mask"},{"floor":40.0,"key":"Toxic Egg 2"},{"floor":43.0,"key":"White Beast Statue"},{"floor":54.0,"key":"FossilizedHelix"}],"event_choices":[{"cards_removed":["Strike_G"],"damage_healed":0.0,"max_hp_gain":0.0,"max_hp_loss":0.0,"gold_gain":0.0,"event_name":"The Cleric","player_choice":"Card Removal","floor":2.0,"gold_loss":50.0,"damage_taken":0.0},{"damage_healed":0.0,"max_hp_gain":0.0,"max_hp_loss":0.0,"gold_gain":0.0,"event_name":"Mushrooms","player_choice":"Fought Mushrooms","floor":8.0,"gold_loss":0.0,"damage_taken":0.0},{"damage_healed":0.0,"max_hp_gain":0.0,"max_hp_loss":0.0,"gold_gain":75.0,"event_name":"World of Goop","player_choice":"Gather Gold","floor":10.0,"gold_loss":0.0,"damage_taken":11.0},{"damage_healed":0.0,"max_hp_gain":0.0,"max_hp_loss":0.0,"gold_gain":0.0,"event_name":"Vampires","player_choice":"Ignored","floor":19.0,"gold_loss":0.0,"damage_taken":0.0},{"damage_healed":0.0,"max_hp_gain":0.0,"max_hp_loss":0.0,"gold_gain":0.0,"event_name":"Drug Dealer","player_choice":"Inject Mutagens","floor":21.0,"gold_loss":0.0,"damage_taken":0.0,"relics_obtained":["MutagenicStrength"]},{"damage_healed":0.0,"max_hp_gain":0.0,"max_hp_loss":0.0,"gold_gain":0.0,"event_name":"The Library","player_choice":"Read","floor":25.0,"gold_loss":0.0,"damage_taken":0.0,"cards_obtained":["Burst"]},{"damage_healed":0.0,"max_hp_gain":0.0,"max_hp_loss":0.0,"gold_gain":0.0,"event_name":"Masked Bandits","player_choice":"Fought Bandits","floor":30.0,"gold_loss":0.0,"damage_taken":0.0},{"cards_removed":["Neutralize"],"damage_healed":0.0,"max_hp_gain":0.0,"max_hp_loss":0.0,"gold_gain":0.0,"event_name":"Falling","player_choice":"Removed Attack","floor":36.0,"gold_loss":0.0,"damage_taken":0.0},{"damage_healed":0.0,"max_hp_gain":0.0,"max_hp_loss":0.0,"gold_gain":100.0,"event_name":"Golden Shrine","player_choice":"Pray","floor":39.0,"gold_loss":0.0,"damage_taken":0.0}],"is_beta":false,"boss_relics":[{"not_picked":["Sozu","Snecko Eye"],"picked":"Astrolabe"},{"not_picked":["Velvet Choker","SacredBark"],"picked":"Runic Pyramid"}],"items_purged_floors":[20,38,53],"is_endless":false,"potions_floor_spawned":[7,8,13,14,18,22,37,41,44,45,46,48,54],"ascension_level":5}}