{"host":"c1zo5gzsnnlii4k3","time":1614363870,"event":{"mods":["AchievementEnabler","BaseMod","Colored Map","Colored Powertips","Custom Start","Minty Spire (QoL Compilation)","StSLib","Together in Spire"],"gold_per_floor":[109,109,125,142,160,192,367,317,371,117,149,149,174,174,174,303,303,327,248,248,263,362,395,395,416,416,256,256,281,297,321,321,444,444,460,460,460,215,215,233,233,247,294,325,325,124,144,144,144,144,144,144,43,74,74],"floor_reached":56,"language":"KOR","playtime":3138,"items_purged":["Strike_R","Strike_R","Strike_R"],"score":1355,"play_id":"372f3a83-4516-4533-aa8d-0f1a6a2039cf","local_time":"20210227032430","is_ascension_mode":false,"campfire_choices":[{"data":"Apotheosis","floor":15,"key":"SMITH"},{"floor":24,"key":"RECALL"},{"floor":32,"key":"REST"},{"floor":41,"key":"REST"},{"floor":49,"key":"REST"},{"floor":52,"key":"REST"}],"circlet_count":0,"master_deck":["Strike_R","Defend_R","Defend_R","Defend_R","Bash","Whirlwind","Second Wind","Wild Strike","Shrug It Off","Apotheosis+1","Feel No Pain","Demon Form","Offering","Clothesline+1","Evolve","Sentinel","Heavy Blade+1","Flame Barrier","Battle Trance+1","Panacea+1","Impervious+1","CurseOfTheBell","Flame Barrier+1","Impervious+1","Madness+1","Madness+1","True Grit+1","Offering+1","Warcry+1"],"relics":["Burning Blood","Pear","Bronze Scales","Mercury Hourglass","Golden Idol","Fusion Hammer","Gremlin Horn","Toxic Egg 2","Calling Bell","Bag of Marbles","Shuriken","Dead Branch","Potion Belt","StrikeDummy","Bottled Lightning","Vajra"],"acts_visited":["Exordium","TheCity","TheBeyond","TheEnding"],"potions_floor_usage":[21,54,55,55,55,55],"damage_taken":[{"damage":0,"enemies":"2 Louse","floor":1,"turns":1},{"damage":1,"enemies":"Jaw Worm","floor":3,"turns":5},{"damage":0,"enemies":"Small Slimes","floor":4,"turns":3},{"damage":15,"enemies":"Looter","floor":5,"turns":3},{"damage":0,"enemies":"Gremlin Nob","floor":6,"turns":1},{"damage":0,"enemies":"Lagavulin","floor":11,"turns":1},{"damage":7,"enemies":"2 Fungi Beasts","floor":13,"turns":3},{"damage":0,"enemies":"Slime Boss","floor":16,"turns":6},{"damage":10,"enemies":"Shell Parasite","floor":18,"turns":5},{"damage":0,"enemies":"2 Thieves","floor":21,"turns":2},{"damage":13,"enemies":"Gremlin Leader","floor":23,"turns":4},{"damage":9,"enemies":"Centurion and Healer","floor":25,"turns":4},{"damage":10,"enemies":"Snake Plant","floor":29,"turns":3},{"damage":6,"enemies":"3 Cultists","floor":30,"turns":4},{"damage":2,"enemies":"Sentry and Sphere","floor":31,"turns":3},{"damage":27,"enemies":"Champ","floor":33,"turns":5},{"damage":0,"enemies":"3 Darklings","floor":35,"turns":1},{"damage":13,"enemies":"3 Shapes","floor":40,"turns":6},{"damage":20,"enemies":"3 Darklings","floor":42,"turns":3},{"damage":12,"enemies":"Giant Head","floor":44,"turns":5},{"damage":24,"enemies":"Jaw Worm Horde","floor":47,"turns":2},{"damage":12,"enemies":"Donu and Deca","floor":50,"turns":3},{"damage":15,"enemies":"Shield and Spear","floor":54,"turns":4},{"damage":37,"enemies":"The Heart","floor":55,"turns":6}],"seed_played":"6813566799532785639","potions_obtained":[{"floor":3,"key":"Fire Potion"},{"floor":5,"key":"BlessingOfTheForge"},{"floor":13,"key":"Block Potion"},{"floor":25,"key":"AttackPotion"},{"floor":35,"key":"LiquidMemories"},{"floor":42,"key":"DistilledChaos"},{"floor":54,"key":"BloodPotion"}],"is_trial":false,"path_per_floor":["M","?","M","M","M","E","?","?","T","$","E","?","M","$","R","B",null,"M","$","?","M","?","E","R","M","T","$","?","M","M","M","R","B",null,"M","?","?","$","?","M","R","M","T","E","?","$","M","T","R","B",null,"R","$","E","B",null],"character_chosen":"IRONCLAD","items_purchased":["Apotheosis","Feel No Pain","Evolve","Panacea+1","Impervious+1","LiquidBronze","Dexterity Potion","Dexterity Potion"],"campfire_rested":4,"item_purchase_floors":[10,10,19,27,38,46,53,53],"current_hp_per_floor":[88,86,91,97,88,94,94,94,94,94,98,74,73,73,73,79,98,94,94,94,98,98,91,91,88,88,88,88,84,84,88,98,77,98,98,98,98,98,86,79,98,84,84,78,78,78,60,60,89,83,98,98,98,89,58],"gold":74,"neow_bonus":"TEN_PERCENT_HP_BONUS","is_daily":false,"chose_seed":false,"campfire_upgraded":1,"win_rate":0.0,"timestamp":1614363870,"path_taken":["M","?","M","M","M","E","?","?","T","$","E","?","M","?","R","BOSS","M","$","?","M","?","E","R","M","T","$","?","M","M","M","R","BOSS","M","?","?","$","?","M","R","M","T","E","?","$","M","?","R","BOSS","R","$","E","BOSS"],"items_purchased_type":["Card","Card","Card","Card","Card","Potion","Potion","Potion"],"build_version":"2020-12-22","purchased_purges":3,"victory":true,"max_hp_per_floor":[88,98,98,98,98,98,98,98,98,98,98,98,98,98,98,98,98,98,98,98,98,98,98,98,98,98,98,98,98,98,98,98,98,98,98,98,98,98,98,98,98,98,98,98,98,98,98,98,98,98,98,98,98,98,98],"card_choices":[{"not_picked":["Havoc","Pommel Strike"],"picked":"Whirlwind","floor":1},{"not_picked":["Warcry","Dark Embrace"],"picked":"Second Wind","floor":3},{"not_picked":["Wild Strike","Juggernaut","Clash"],"picked":"SKIP","floor":4},{"not_picked":["Juggernaut","Clash"],"picked":"Wild Strike","floor":4},{"not_picked":["Thunderclap","Sword Boomerang"],"picked":"Shrug It Off","floor":5},{"not_picked":["Body Slam","Rampage","Dropkick"],"picked":"SKIP","floor":6},{"not_picked":["Iron Wave","Combust"],"picked":"Demon Form","floor":11},{"not_picked":["Sword Boomerang","Whirlwind","Body Slam"],"picked":"SKIP","floor":13},{"not_picked":["Immolate","Berserk"],"picked":"Offering","floor":16},{"not_picked":["Body Slam","Dual Wield"],"picked":"Clothesline+1","floor":18},{"not_picked":["Feel No Pain","Warcry"],"picked":"Heavy Blade+1","floor":21},{"not_picked":["Havoc","Inflame"],"picked":"Flame Barrier","floor":23},{"not_picked":["Pummel","Warcry"],"picked":"Battle Trance+1","floor":25},{"not_picked":["Whirlwind+1","Dual Wield+1","Rampage"],"picked":"SKIP","floor":29},{"not_picked":["Twin Strike","Heavy Blade","Anger+1"],"picked":"SKIP","floor":30},{"not_picked":["Demon Form","Clothesline+1","Dual Wield+1"],"picked":"SKIP","floor":31},{"not_picked":["Bludgeon","Exhume+1"],"picked":"Impervious+1","floor":33},{"not_picked":["Body Slam","Armaments+1"],"picked":"Flame Barrier+1","floor":35},{"not_picked":["Sword Boomerang+1","Warcry+1","Iron Wave"],"picked":"SKIP","floor":40},{"not_picked":["Thunderclap","Rupture+1"],"picked":"True Grit+1","floor":42},{"not_picked":["Armaments+1","Demon Form"],"picked":"Offering+1","floor":44},{"not_picked":["Sword Boomerang+1","Inflame+1","Pummel+1"],"picked":"SKIP","floor":47},{"not_picked":["Barricade","Thunderclap+1"],"picked":"Warcry+1","floor":54}],"player_experience":383665,"relics_obtained":[{"floor":6,"key":"Bronze Scales"},{"floor":11,"key":"Mercury Hourglass"},{"floor":23,"key":"Gremlin Horn"},{"floor":26,"key":"Toxic Egg 2"},{"floor":34,"key":"Bag of Marbles"},{"floor":34,"key":"Shuriken"},{"floor":34,"key":"Dead Branch"},{"floor":43,"key":"Potion Belt"},{"floor":44,"key":"StrikeDummy"},{"floor":48,"key":"Bottled Lightning"},{"floor":54,"key":"Vajra"}],"event_choices":[{"damage_healed":0,"gold_gain":0,"player_choice":"Success","damage_taken":12,"relics_obtained":["Pear"],"max_hp_gain":0,"max_hp_loss":0,"event_name":"Scrap Ooze","floor":2,"gold_loss":0},{"damage_healed":0,"gold_gain":175,"player_choice":"AGREE","damage_taken":0,"max_hp_gain":0,"max_hp_loss":0,"event_name":"Liars Game","floor":7,"gold_loss":0,"cards_obtained":["Doubt"]},{"cards_removed":["Doubt"],"damage_healed":0,"gold_gain":0,"player_choice":"Card Removal","damage_taken":0,"max_hp_gain":0,"max_hp_loss":0,"event_name":"The Cleric","floor":8,"gold_loss":50},{"damage_healed":0,"gold_gain":0,"player_choice":"Take Damage","damage_taken":24,"relics_obtained":["Golden Idol"],"max_hp_gain":0,"max_hp_loss":0,"event_name":"Golden Idol","floor":12,"gold_loss":0},{"damage_healed":0,"gold_gain":0,"cards_transformed":["Strike_R","Defend_R"],"player_choice":"Became Test Subject","damage_taken":0,"max_hp_gain":0,"max_hp_loss":0,"event_name":"Drug Dealer","floor":20,"gold_loss":0,"cards_obtained":["Clash","Sentinel"]},{"damage_healed":0,"gold_gain":99,"player_choice":"Stole From Cult","damage_taken":0,"max_hp_gain":0,"max_hp_loss":0,"event_name":"Nest","floor":22,"gold_loss":0},{"damage_healed":0,"gold_gain":0,"player_choice":"Ignored","damage_taken":0,"max_hp_gain":0,"max_hp_loss":0,"event_name":"Vampires","floor":28,"gold_loss":0},{"damage_healed":0,"gold_gain":0,"player_choice":"Ignored","damage_taken":0,"max_hp_gain":0,"max_hp_loss":0,"event_name":"Mysterious Sphere","floor":36,"gold_loss":0},{"cards_removed":["Clash"],"damage_healed":0,"gold_gain":0,"player_choice":"Removed Attack","damage_taken":0,"max_hp_gain":0,"max_hp_loss":0,"event_name":"Falling","floor":37,"gold_loss":0},{"damage_healed":0,"gold_gain":0,"player_choice":"Embrace Madness","damage_taken":12,"max_hp_gain":0,"max_hp_loss":0,"event_name":"Winding Halls","floor":39,"gold_loss":0,"cards_obtained":["Madness","Madness"]},{"damage_healed":0,"gold_gain":0,"player_choice":"Ignored","damage_taken":0,"max_hp_gain":0,"max_hp_loss":0,"event_name":"Tomb of Lord Red Mask","floor":45,"gold_loss":0}],"is_beta":false,"boss_relics":[{"not_picked":["Snecko Eye","SacredBark"],"picked":"Fusion Hammer"},{"not_picked":["Coffee Dripper","Astrolabe"],"picked":"Calling Bell"}],"items_purged_floors":[27,38,46],"is_endless":false,"potions_floor_spawned":[3,5,13,18,25,33,35,42,54],"ascension_level":0}}