{"host":"zomvc55eewbqxhwb","time":1614349182,"event":{"mods":["ATMod(阿瑾Mod)","Act Like it!","BaseMod","Conspire","Minty Spire (QoL Compilation)","MostiFishMod","Pale of the Ancients","Relic Stats","Replay The Spire","RumiaBox-露米娅的神秘盒子","Shop Mod","StSLib","TestMod","[IsaacMod]以撒尖塔","【功能Mod】混沌之环修复补丁","【遗物卡牌】REMEMod"],"gold_per_floor":[110,410,437,437,405,58,58,80,93,124,124,124,124,210,210,235,235,64,107,32,32,97,171,71,170,292,373,373,373,505,505,558,148,148,148,148,148,266,266,345,345,345,345,345,491,563,627,701,760,915,765,816,816,930,930,1147,1147,1097,919,754,1003,1194,1337,1337,1337,1337,1595,1984,2124,2247,2386,2500,2500,2711,2711,2711,2752,2975,3055,3313,3421,3421,1435,1461,1461,1500,1500,794,794,999],"floor_reached":91,"language":"ZHS","playtime":6838,"items_purged":["Defend_P","Normality","Defend_P+1","Strike_P","Steam+1","Brilliance","conspire:NecroticWound","ReplayTheSpireMod:Splinters"],"score":4676,"play_id":"954b65ea-ae0e-4bbb-b23c-a11731049d12","local_time":"20210226221941","daily_mods":["Heirloom","Flight"],"is_ascension_mode":true,"campfire_choices":[{"data":"Eruption","floor":11.0,"key":"SMITH"},{"data":"AT_SoftenMuscles","floor":21.0,"key":"SMITH"},{"data":"ForeignInfluence","floor":28.0,"key":"SMITH"},{"floor":29.0,"key":"DIG"},{"data":"Scrawl","floor":39.0,"key":"SMITH"},{"data":"AT_FamilyPortrait","floor":41.0,"key":"SMITH"},{"floor":42.0,"key":"DIG"},{"data":"Prostrate","floor":53.0,"key":"SMITH"},{"floor":64.0,"key":"RECALL"},{"floor":73.0,"key":"DIG"},{"floor":75.0,"key":"DIG"},{"floor":76.0,"key":"DIG"},{"data":"MostiFishMod:DisColor","floor":85,"key":"SMITH"},{"floor":87,"key":"DIG"}],"circlet_count":0,"master_deck":["Vigilance+1","AT_FamilyPortrait+1","MostiFishMod:StarWish","CutThroughFate+1","MostiFishMod:KingOfFree+1","Pray","ForeignInfluence+1","AT_SoftenMuscles+1","Tantrum+1","Adaptation+1","Scrawl+1","FearNoEvil+1","Wallop+1","Prostrate+1","AT_ChampionStep+1","MostiFishMod:PathToVictory+1","LessonLearned+1","Wish+1","conspire:SpireCoStock+1","MostiFishMod:Adaptation","MostiFishMod:KamiSmash","MostiFishMod:DisColor+1","InnerPeace+1","Vault"],"relics":["PureWater","DaveBox","HushsDoor","AT_ATBox","testmod-TestBox","REME_ComplimentaryCards","testmod-BatchProcessingSystem","BookOfRevelations","FeatherPendant","SynthV:TestCard","Baka2","Dodecahedron","ReplayTheSpireMod:TigerMarble","Mango","Pen Nib","GodSword5","AT_MibuBalloonWealth","Divine Protection","testmod-IndustrialRevolution","Replay:Bottled Eggs","conspire:TreasureMap","Mummified Hand","Replay:Bandana","Shovel","Nunchaku","testmod-ArcanaOfDestiny","testmod-EnergyCheck","ReplayTheSpireMod:Ninjato","SSSystem","Toy Ornithopter","conspire:BottledYoYo","SalivaCoin","Mercury Hourglass","Omamori","BelialBook","testmod-AssaultLearning","Strawberry","SlaversCollar","Bag of Marbles","Onion Ring","Vajra","testmod-FatalChain","Replay:Towering Pillar of Hats","Ginger","Replay:Kaleidoscope","Prayer Wheel","AT_SpeedBoots","testmod-LifeArmor","Eternal Feather","Du-Vu Doll","paleoftheancients:Timepiece","paleoftheancients:KeyRelic","Anchor","Ice Cream","Gremlin Horn","paleoftheancients:SoulOfTheWokeBloke","Prayer Wheel","BirthdayGift-Tetrahedron","Diplopia","HornCleat","DeadEye","Replay:WaspNest","AT_SunfireAegis","Lee\u0027s Waffle","Replay:Baseball"],"acts_visited":["Exordium","TheCity","TheBeyond","paleoftheancients:PaleOfTheAncients"],"potions_floor_usage":[90,90],"damage_taken":[{"damage":0.0,"enemies":"Jaw Worm","floor":1.0,"turns":2.0},{"damage":0.0,"enemies":"Small Slimes","floor":3.0,"turns":1.0},{"damage":0.0,"enemies":"Cultist","floor":5.0,"turns":1.0},{"damage":0.0,"enemies":"Large Slime","floor":8.0,"turns":3.0},{"damage":0.0,"enemies":"Looter","floor":9.0,"turns":1.0},{"damage":3.0,"enemies":"Gremlin Nob","floor":10.0,"turns":2.0},{"damage":0.0,"enemies":"Lagavulin","floor":14.0,"turns":2.0},{"damage":0.0,"enemies":"Blue Slaver","floor":19.0,"turns":1.0},{"damage":0.0,"enemies":"Gremlin Nob","floor":22.0,"turns":2.0},{"damage":0.0,"enemies":"Replay:BlueRogue","floor":23.0,"turns":4.0},{"damage":0.0,"enemies":"Exordium Thugs","floor":25.0,"turns":2.0},{"damage":0.0,"enemies":"3 Sentries","floor":26.0,"turns":1.0},{"damage":0.0,"enemies":"Lagavulin","floor":27.0,"turns":3.0},{"damage":0.0,"enemies":"Hexaghost","floor":30.0,"turns":2.0},{"damage":0.0,"enemies":"Chosen","floor":32.0,"turns":2.0},{"damage":0.0,"enemies":"3 Byrds","floor":38.0,"turns":1.0},{"damage":0.0,"enemies":"conspire:SneckoGhost","floor":40.0,"turns":1.0},{"damage":0.0,"enemies":"Slavers","floor":45.0,"turns":1.0},{"damage":0.0,"enemies":"Centurion and Healer","floor":48.0,"turns":1.0},{"damage":0.0,"enemies":"conspire:SneckoGhost","floor":49.0,"turns":1.0},{"damage":0.0,"enemies":"Slavers","floor":50.0,"turns":1.0},{"damage":0.0,"enemies":"Champ","floor":54.0,"turns":1.0},{"damage":0.0,"enemies":"3 Shapes","floor":56.0,"turns":3.0},{"damage":0.0,"enemies":"Reptomancer","floor":61.0,"turns":2.0},{"damage":0.0,"enemies":"R_Hoarder","floor":62.0,"turns":4.0},{"damage":0.0,"enemies":"Nemesis","floor":63.0,"turns":1.0},{"damage":18.0,"enemies":"Giant Head","floor":67.0,"turns":1.0},{"damage":0.0,"enemies":"3 Darklings","floor":68.0,"turns":1.0},{"damage":0.0,"enemies":"2 Orb Walkers","floor":69.0,"turns":1.0},{"damage":0.0,"enemies":"Maw","floor":70.0,"turns":1.0},{"damage":0.0,"enemies":"Writhing Mass","floor":71.0,"turns":2.0},{"damage":0.0,"enemies":"Reptomancer","floor":72.0,"turns":1.0},{"damage":0.0,"enemies":"4 Shapes","floor":74.0,"turns":1.0},{"damage":0.0,"enemies":"Time Eater","floor":77.0,"turns":1.0},{"damage":0.0,"enemies":"Awakened One","floor":78.0,"turns":3.0},{"damage":0.0,"enemies":"Awakened One","floor":79.0,"turns":1.0},{"damage":0.0,"enemies":"Awakened One","floor":80.0,"turns":2.0},{"damage":0.0,"enemies":"Awakened One","floor":81.0,"turns":1.0},{"damage":0,"enemies":"Awakened One","floor":86,"turns":2},{"damage":0,"enemies":"Delirium","floor":90,"turns":1}],"seed_played":"9065382200178228142","potions_obtained":[{"floor":3.0,"key":"DistilledChaos"},{"floor":5.0,"key":"Energy Potion"},{"floor":14.0,"key":"ColorlessPotion"},{"floor":22.0,"key":"BottledMiracle"},{"floor":49.0,"key":"PowerPotion"},{"floor":86,"key":"Elixir"}],"is_trial":true,"path_per_floor":["M","?","M","?","M","$","?","M","M","E","R","?","?","E","T","T","T","$","M","$","R","E","E","$","M","E","E","R","R","B",null,"M","$","$","?","?","?","M","R","E","R","R","T","T","E","T","?","M","E","E","$","T","R","B",null,"M","?","?","$","$","E","E","E","R","?","T","E","M","?","M","M","E","R","M","R","R","B","B","M","M","M","?","$","T","R","M","R","$","?","B",null],"character_chosen":"WATCHER","items_purchased":["MostiFishMod:KingOfFree","Dodecahedron","conspire:TreasureMap","ReplayTheSpireMod:Ninjato","Wish","MostiFishMod:Adaptation","Bag of Marbles","BirthdayGift-Tetrahedron","Diplopia","HornCleat","AT_SunfireAegis","Lee\u0027s Waffle","Replay:Baseball"],"campfire_rested":0,"item_purchase_floors":[6,6,18,33,55,59,60,83,83,83,88,88,88],"current_hp_per_floor":[61,61,61,41,41,41,41,43,53,71,71,71,60,68,68,68,68,68,80,80,80,80,80,80,82,82,82,82,82,82,77,63,63,63,48,48,48,56,56,56,56,56,56,56,60,60,32,32,32,36,36,44,44,45,78,80,61,61,61,61,61,61,61,61,61,61,61,61,61,64,64,64,64,64,64,64,64,64,64,64,64,64,64,64,64,64,64,71,71,71],"gold":999,"neow_bonus":"","is_daily":false,"chose_seed":false,"campfire_upgraded":7,"win_rate":0.0,"timestamp":1614349181,"path_taken":["M","?","M","?","M","$","?","?","M","E","R","?","?","E","?","T","T","?","M","?","R","E","E","$","?","E","E","R","R","BOSS","M","$","$","?","?","?","?","R","E","R","R","T","T","E","?","?","?","E","E","?","?","R","BOSS","M","?","?","$","$","E","E","E","R","?","T","E","M","?","?","M","E","R","M","R","R","BOSS","BOSS","M","M","M","?","$","T","R","M","R","$","?","BOSS"],"items_purchased_type":["Card","Relic","Relic","Relic","Card","Card","Relic","Relic","Relic","Relic","Relic","Relic","Relic"],"build_version":"2020-12-22","purchased_purges":8,"victory":true,"max_hp_per_floor":[68,68,68,68,68,68,68,68,68,82,82,82,82,82,82,82,82,82,82,82,82,82,82,82,82,82,82,82,82,82,77,85,85,85,85,85,85,85,85,85,85,85,85,85,85,85,85,85,85,85,85,92,92,92,81,81,61,61,61,61,61,61,61,61,61,61,61,61,61,64,64,64,64,64,64,64,64,64,64,64,64,64,64,64,64,64,64,71,71,71],"relic_stats":{"Lee\u0027s Waffle":7,"Gremlin Horn":[5,5],"counters":[40,64],"Eternal Feather":0,"Pen Nib":[25],"Ginger":[0],"Mercury Hourglass":[182],"Nunchaku":[20],"Shovel":6,"Mummified Hand":[169],"Prayer Wheel":7,"obtain_stats":[{"Ice Cream":78,"Divine Protection":15,"AT_ATBox":0,"Gremlin Horn":78,"AT_MibuBalloonWealth":14,"testmod-BatchProcessingSystem":0,"SSSystem":35,"Vajra":62,"testmod-LifeArmor":73,"Ginger":67,"DeadEye":84,"Baka2":3,"HornCleat":83,"Strawberry":52,"Prayer Wheel":70,"Diplopia":83,"KeepersGift":0,"conspire:TreasureMap":18,"paleoftheancients:KeyRelic":78,"testmod-TestBox":0,"Dodecahedron":6,"testmod-FatalChain":66,"BookOfRevelations":0,"BelialBook":49,"Eternal Feather":75,"Pen Nib":10,"Replay:Kaleidoscope":69,"Du-Vu Doll":76,"paleoftheancients:Timepiece":78,"SlaversCollar":55,"AT_SpeedBoots":72,"Replay:Baseball":88,"paleoftheancients:SoulOfTheWokeBloke":80,"Onion Ring":61,"ReplayTheSpireMod:TigerMarble":7,"conspire:BottledYoYo":42,"GodSword5":13,"HushsDoor":0,"testmod-EnergyCheck":31,"DaveBox":0,"Mango":10,"Replay:Bandana":23,"Nunchaku":27,"Shovel":26,"Mummified Hand":22,"testmod-ThousandKnives":0,"Replay:Bottled Eggs":17,"Replay:Drink Me":57,"testmod-ArcanaOfDestiny":29,"BirthdayGift-Tetrahedron":83,"Lee\u0027s Waffle":88,"ReplayTheSpireMod:Ninjato":33,"Replay:Towering Pillar of Hats":67,"Replay:WaspNest":87,"Baka":1,"Omamori":47,"testmod-IndustrialRevolution":16,"Mercury Hourglass":46,"Anchor":78,"SynthV:TestCard":1,"FeatherPendant":0,"testmod-AssaultLearning":50,"SalivaCoin":43,"Bag of Marbles":60,"PureWater":0,"AT_SunfireAegis":88,"Toy Ornithopter":40,"REME_ComplimentaryCards":0},{"Ice Cream":35,"Divine Protection":7,"AT_ATBox":0,"Gremlin Horn":35,"AT_MibuBalloonWealth":7,"testmod-BatchProcessingSystem":0,"SSSystem":15,"Vajra":25,"testmod-LifeArmor":32,"Ginger":27,"DeadEye":38,"Baka2":2,"HornCleat":38,"Strawberry":21,"Prayer Wheel":30,"Diplopia":38,"KeepersGift":0,"conspire:TreasureMap":7,"paleoftheancients:KeyRelic":35,"testmod-TestBox":0,"Dodecahedron":3,"testmod-FatalChain":26,"BookOfRevelations":0,"BelialBook":20,"Eternal Feather":33,"Pen Nib":6,"Replay:Kaleidoscope":29,"Du-Vu Doll":33,"paleoftheancients:Timepiece":35,"SlaversCollar":22,"AT_SpeedBoots":32,"Replay:Baseball":39,"paleoftheancients:SoulOfTheWokeBloke":37,"Onion Ring":24,"ReplayTheSpireMod:TigerMarble":3,"conspire:BottledYoYo":17,"GodSword5":6,"HushsDoor":0,"testmod-EnergyCheck":14,"DaveBox":0,"Mango":6,"Replay:Bandana":10,"Nunchaku":13,"Shovel":12,"Mummified Hand":9,"testmod-ThousandKnives":0,"Replay:Bottled Eggs":7,"Replay:Drink Me":23,"testmod-ArcanaOfDestiny":13,"BirthdayGift-Tetrahedron":38,"Lee\u0027s Waffle":39,"ReplayTheSpireMod:Ninjato":15,"Replay:Towering Pillar of Hats":27,"Replay:WaspNest":39,"Baka":1,"Omamori":18,"testmod-IndustrialRevolution":7,"Mercury Hourglass":18,"Anchor":35,"SynthV:TestCard":1,"FeatherPendant":0,"testmod-AssaultLearning":21,"SalivaCoin":17,"Bag of Marbles":23,"PureWater":0,"AT_SunfireAegis":39,"Toy Ornithopter":17,"REME_ComplimentaryCards":0},{"Ice Cream":57,"Divine Protection":12,"AT_ATBox":0,"Gremlin Horn":57,"AT_MibuBalloonWealth":12,"testmod-BatchProcessingSystem":0,"SSSystem":29,"Vajra":44,"testmod-LifeArmor":52,"Ginger":46,"DeadEye":61,"Baka2":3,"HornCleat":61,"Strawberry":35,"Prayer Wheel":49,"Diplopia":61,"KeepersGift":0,"conspire:TreasureMap":12,"paleoftheancients:KeyRelic":57,"testmod-TestBox":0,"Dodecahedron":4,"testmod-FatalChain":45,"BookOfRevelations":0,"BelialBook":34,"Eternal Feather":53,"Pen Nib":10,"Replay:Kaleidoscope":48,"Du-Vu Doll":53,"paleoftheancients:Timepiece":57,"SlaversCollar":36,"AT_SpeedBoots":52,"Replay:Baseball":63,"paleoftheancients:SoulOfTheWokeBloke":60,"Onion Ring":40,"ReplayTheSpireMod:TigerMarble":4,"conspire:BottledYoYo":31,"GodSword5":10,"HushsDoor":0,"testmod-EnergyCheck":27,"DaveBox":0,"Mango":10,"Replay:Bandana":19,"Nunchaku":25,"Shovel":22,"Mummified Hand":15,"testmod-ThousandKnives":0,"Replay:Bottled Eggs":12,"Replay:Drink Me":38,"testmod-ArcanaOfDestiny":25,"BirthdayGift-Tetrahedron":61,"Lee\u0027s Waffle":63,"ReplayTheSpireMod:Ninjato":29,"Replay:Towering Pillar of Hats":46,"Replay:WaspNest":63,"Baka":2,"Omamori":32,"testmod-IndustrialRevolution":12,"Mercury Hourglass":32,"Anchor":57,"SynthV:TestCard":2,"FeatherPendant":0,"testmod-AssaultLearning":35,"SalivaCoin":31,"Bag of Marbles":38,"PureWater":0,"AT_SunfireAegis":63,"Toy Ornithopter":31,"REME_ComplimentaryCards":0}],"Toy Ornithopter":0},"card_choices":[{"not_picked":[],"picked":"BettingIsNotGood","floor":0.0},{"not_picked":["CrushJoints","Evaluate"],"picked":"Bomb","floor":1.0},{"not_picked":["SandsOfTime","Bomb","FlyingSleeves","FlurryOfBlows"],"picked":"MostiFishMod:StarWish","floor":3.0},{"not_picked":["ClearTheMind","SashWhip","Evaluate","CrushJoints"],"picked":"CutThroughFate","floor":5.0},{"not_picked":["CutThroughFate","EmptyBody","MostiFishMod:DustFall","Replay:Battleflow","ClearTheMind"],"picked":"SKIP","floor":8.0},{"not_picked":["Worship","Consecrate","ClearTheMind","JustLucky"],"picked":"WheelKick","floor":9.0},{"not_picked":["MostiFishMod:Moonprays","MentalFortress","REME_Repentance","SashWhip"],"picked":"Pray","floor":10.0},{"not_picked":["CutThroughFate","Conclude","SashWhip","Vengeance","ThirdEye"],"picked":"SKIP","floor":14.0},{"not_picked":["REME_Repentance","FollowUp","EmptyFist","Evaluate"],"picked":"AT_SoftenMuscles","floor":19.0},{"not_picked":["MostiFishMod:DustFall","BowlingBash","ClearTheMind","EmptyFist","Consecrate"],"picked":"SKIP","floor":22.0},{"not_picked":["Evaluate","Meditate","Study","MasterReality","CutThroughFate"],"picked":"SKIP","floor":23.0},{"not_picked":["FlyingSleeves","Halt","CutThroughFate","Crescendo"],"picked":"Tantrum","floor":25.0},{"not_picked":["CarveReality","EmptyBody","JustLucky","Collect"],"picked":"Adaptation","floor":26.0},{"not_picked":["Study","Vengeance","Replay:AtTheReady","MostiFishMod:Speedup","BowlingBash"],"picked":"SKIP","floor":27.0},{"not_picked":["SpiritShield","AT_MachinaRedman","Brilliance","MostiFishMod:StarWish"],"picked":"Scrawl","floor":30.0},{"not_picked":["CrushJoints","EmptyFist+1","JustLucky","Conclude","CutThroughFate"],"picked":"SKIP","floor":32.0},{"not_picked":["Vengeance","EmptyFist","CarveReality","SashWhip"],"picked":"Prostrate","floor":38.0},{"not_picked":["Replay:Battleflow","SashWhip+1","Wireheading","Collect"],"picked":"AT_ChampionStep","floor":38.0},{"not_picked":["Protect+1","Consecrate","CutThroughFate+1","FlyingSleeves","WheelKick"],"picked":"SKIP","floor":38.0},{"not_picked":["MostiFishMod:Nomercy","Blasphemy","ThirdEye","CutThroughFate","SignatureMove"],"picked":"SKIP","floor":38.0},{"not_picked":["Crescendo","Replay:ManipulateFuture","CrushJoints+1","ConjureBlade","AT_ChampionStep"],"picked":"SKIP","floor":40.0},{"not_picked":["Wallop","EmptyBody","Crescendo","Evaluate","JustLucky"],"picked":"SKIP","floor":45.0},{"not_picked":["BowlingBash","FollowUp","Replay:Hum","Replay:BluntJabs+1"],"picked":"Sanctity","floor":47.0},{"not_picked":["REME_Repentance","FlyingSleeves","CrushJoints","FlurryOfBlows","BowlingBash+1"],"picked":"SKIP","floor":48.0},{"not_picked":["MostiFishMod:Nomercy","FearNoEvil+1","CutThroughFate","FlurryOfBlows","Replay:Battleflow"],"picked":"SKIP","floor":49.0},{"not_picked":["Study","InnerPeace","MasterReality","Protect"],"picked":"MostiFishMod:PathToVictory+1","floor":50.0},{"not_picked":["DeusExMachina","MostiFishMod:Minus","MostiFishMod:StarOceanP","AT_ChampionKick"],"picked":"LessonLearned","floor":54.0},{"not_picked":["Replay:Vibes","SashWhip+1","Prostrate","Replay:ManipulateFuture","Replay:BluntJabs"],"picked":"SKIP","floor":56.0},{"not_picked":["MostiFishMod:PathToVictory","EmptyFist+1","Protect","Replay:Anticipation","MostiFishMod:ScryFuture"],"picked":"SKIP","floor":61.0},{"not_picked":["SashWhip+1","Evaluate+1","REME_EmptyShield","CutThroughFate","Prostrate"],"picked":"SKIP","floor":62.0},{"not_picked":["WindmillStrike","Crescendo","MostiFishMod:Adaptation","Fasting2","ForeignInfluence"],"picked":"SKIP","floor":63.0},{"not_picked":["Replay:AllIn","Weave","FlurryOfBlows","AT_RealFormLess+1","CutThroughFate"],"picked":"SKIP","floor":67.0},{"not_picked":["MostiFishMod:LegendTransform","EmptyFist","WaveOfTheHand+1","SashWhip","Sanctity"],"picked":"SKIP","floor":68.0},{"not_picked":["Alpha","Replay:AtTheReady+1","MostiFishMod:Clarity","Protect+1","Replay:Hum"],"picked":"SKIP","floor":70.0},{"not_picked":["Prostrate","Crescendo","Perseverance+1","FearNoEvil","Halt"],"picked":"SKIP","floor":70.0},{"not_picked":["Weave+1","Crescendo+1","FollowUp","Replay:AtTheReady","Conclude"],"picked":"SKIP","floor":71.0},{"not_picked":["CutThroughFate","FlurryOfBlows","BowlingBash","Replay:ManipulateFuture+1","Replay:Anticipation"],"picked":"SKIP","floor":71.0},{"not_picked":["Replay:ManipulateFuture","ConjureBlade","Perseverance","ClearTheMind"],"picked":"MostiFishMod:KamiSmash","floor":72.0},{"not_picked":["Collect","FlyingSleeves","Evaluate","FollowUp","CarveReality+1"],"picked":"SKIP","floor":74.0},{"not_picked":["CutThroughFate+1","Halt","DeceiveReality","MostiFishMod:FlowState+1","PathToVictory"],"picked":"SKIP","floor":74.0},{"not_picked":["REME_Repentance","EmptyFist","CutThroughFate","AT_OneInchPunch"],"picked":"MostiFishMod:DisColor","floor":79.0},{"not_picked":["Crescendo","REME_Repentance+1","Prostrate","Study","EmptyBody"],"picked":"SKIP","floor":79.0},{"not_picked":["MostiFishMod:ScryFuture","Prostrate","Consecrate","BowlingBash","Replay:ManipulateFuture+1"],"picked":"SKIP","floor":80.0},{"not_picked":["DeceiveReality","AT_ChampionStep+1","Worship","Pray","FollowUp"],"picked":"SKIP","floor":80.0},{"not_picked":["REME_Repentance","CutThroughFate","Halt","Prostrate+1","Protect"],"picked":"SKIP","floor":80.0},{"not_picked":["REME_MusicOfDeath","Collect","BowlingBash","ClearTheMind","AT_IrregularMenstruation"],"picked":"SKIP","floor":80.0},{"not_picked":["Prostrate","CrushJoints","MostiFishMod:PathToVictory","FollowUp","BowlingBash"],"picked":"SKIP","floor":80.0},{"not_picked":["FlurryOfBlows+1","Replay:AtTheReady+1","MostiFishMod:ScryFuture","EmptyFist+1"],"picked":"InnerPeace+1","floor":81.0},{"not_picked":["Crescendo","Replay:BluntJabs+1","BowlingBash+1","AT_OneInchPunch"],"picked":"Vault","floor":81.0},{"not_picked":["MostiFishMod:FlowState","Evaluate","WheelKick","Protect","FlurryOfBlows+1"],"picked":"SKIP","floor":81.0},{"not_picked":["ThirdEye","Meditate","PathToVictory","Weave","Prostrate"],"picked":"SKIP","floor":86},{"not_picked":["AT_DivineConfetti","AT_RealFormLess","ThirdEye","Brilliance","EmptyFist"],"picked":"SKIP","floor":86},{"not_picked":["Replay:AtTheReady","Conclude+1","CutThroughFate","Fasting2","FlyingSleeves"],"picked":"SKIP","floor":86}],"player_experience":2652101,"relics_obtained":[{"floor":1.0,"key":"Baka"},{"floor":1.0,"key":"SynthV:TestCard"},{"floor":3.0,"key":"Baka2"},{"floor":7.0,"key":"ReplayTheSpireMod:TigerMarble"},{"floor":10.0,"key":"Mango"},{"floor":10.0,"key":"Pen Nib"},{"floor":14.0,"key":"AT_MibuBalloonWealth"},{"floor":15.0,"key":"Divine Protection"},{"floor":16.0,"key":"testmod-IndustrialRevolution"},{"floor":17.0,"key":"Replay:Bottled Eggs"},{"floor":22.0,"key":"Mummified Hand"},{"floor":23.0,"key":"Replay:Bandana"},{"floor":26.0,"key":"Shovel"},{"floor":27.0,"key":"Nunchaku"},{"floor":29.0,"key":"testmod-ArcanaOfDestiny"},{"floor":40.0,"key":"Toy Ornithopter"},{"floor":42.0,"key":"conspire:BottledYoYo"},{"floor":43.0,"key":"SalivaCoin"},{"floor":46.0,"key":"Mercury Hourglass"},{"floor":47.0,"key":"Omamori"},{"floor":49.0,"key":"BelialBook"},{"floor":50.0,"key":"testmod-AssaultLearning"},{"floor":52.0,"key":"Strawberry"},{"floor":61.0,"key":"Onion Ring"},{"floor":62.0,"key":"Vajra"},{"floor":66.0,"key":"testmod-FatalChain"},{"floor":67.0,"key":"Replay:Towering Pillar of Hats"},{"floor":67.0,"key":"Ginger"},{"floor":69.0,"key":"Replay:Kaleidoscope"},{"floor":72.0,"key":"AT_SpeedBoots"},{"floor":73.0,"key":"testmod-LifeArmor"},{"floor":75.0,"key":"Eternal Feather"},{"floor":76.0,"key":"Du-Vu Doll"},{"floor":80.0,"key":"paleoftheancients:SoulOfTheWokeBloke"},{"floor":80.0,"key":"Prayer Wheel"},{"floor":84,"key":"DeadEye"},{"floor":87,"key":"Replay:WaspNest"}],"event_choices":[{"damage_healed":0.0,"max_hp_gain":0.0,"max_hp_loss":0.0,"gold_gain":300.0,"event_name":"恩洛斯的盘子","player_choice":"Sell","floor":2.0,"relics_lost":["testmod-ThousandKnives"],"gold_loss":0.0,"damage_taken":0.0},{"damage_healed":0.0,"max_hp_gain":0.0,"max_hp_loss":0.0,"gold_gain":0.0,"event_name":"Shining Light","player_choice":"Entered Light","floor":4.0,"gold_loss":0.0,"damage_taken":20.0,"cards_upgraded":["Defend_P","Defend_P"]},{"damage_healed":0.0,"max_hp_gain":0.0,"max_hp_loss":0.0,"gold_gain":0.0,"event_name":"Wheel of Change","player_choice":"Relic","floor":7.0,"gold_loss":0.0,"damage_taken":0.0},{"damage_healed":0.0,"max_hp_gain":0.0,"max_hp_loss":0.0,"gold_gain":0.0,"event_name":"Scrap Ooze","player_choice":"Success","floor":13.0,"gold_loss":0.0,"damage_taken":11.0,"relics_obtained":["GodSword5"]},{"cards_removed":["Steam"],"damage_healed":0.0,"max_hp_gain":0.0,"max_hp_loss":0.0,"gold_gain":0.0,"event_name":"Wheel of Change","player_choice":"Card Removal","floor":36.0,"gold_loss":0.0,"damage_taken":0.0},{"damage_healed":0.0,"max_hp_gain":0.0,"max_hp_loss":0.0,"gold_gain":0.0,"cards_transformed":["Eruption","Strike_P"],"event_name":"Drug Dealer","player_choice":"Became Test Subject","floor":37.0,"gold_loss":0.0,"damage_taken":0.0,"cards_obtained":["FearNoEvil","Wallop"]},{"damage_healed":0.0,"max_hp_gain":0.0,"max_hp_loss":0.0,"gold_gain":0.0,"event_name":"给自己的盒子","player_choice":"Swap Relic","floor":57.0,"relics_lost":["Replay:Drink Me"],"gold_loss":0.0,"damage_taken":0.0,"relics_obtained":["Replay:Drink Me"]},{"damage_healed":0.0,"max_hp_gain":0.0,"max_hp_loss":0.0,"gold_gain":0.0,"event_name":"conspire:Investor","player_choice":"Invest 1","floor":58.0,"gold_loss":0.0,"damage_taken":0.0},{"damage_healed":0.0,"max_hp_gain":0.0,"max_hp_loss":0.0,"gold_gain":0.0,"event_name":"Wheel of Change","player_choice":"Full Heal","floor":65.0,"gold_loss":0.0,"damage_taken":0.0},{"damage_healed":0.0,"max_hp_gain":0.0,"max_hp_loss":0.0,"gold_gain":0.0,"event_name":"Mysterious Sphere","player_choice":"Fight","floor":69.0,"gold_loss":0.0,"damage_taken":0.0}],"is_beta":false,"boss_relics":[{"not_picked":["RhineFirstAidKit","Replay:Bronze Core"],"picked":"testmod-EnergyCheck"},{"not_picked":[]},{"not_picked":["Busted Crown","Honey Jar"],"picked":"SlaversCollar"},{"not_picked":[]}],"items_purged_floors":[20,24,31,33,51,55,83,88],"is_endless":false,"potions_floor_spawned":[3,5,14,22,25,26,38,48,49,50,62,68,69,71,72,80,86],"ascension_level":20}}