{"host":"wqwfknj40rilnol1","time":1614344541,"event":{"mods":["AchievementEnabler","Aspiration","BaseMod","BetterRewards","Block Reminder","Colored Map","Conspire","Highlight Path","Hubris","Minty Spire (QoL Compilation)","Permanent Neow","Quick Restart","Relic Stats","Replay The Spire","Shop Mod","StSLib","The Cursed"],"gold_per_floor":[112,130,47,47,60,60,3,3,3,34,53,72,90,101,101,175,175,193,113,113,188,207,207,207,207],"floor_reached":24,"language":"ENG","playtime":796,"items_purged":[],"score":669,"play_id":"7526ae1b-99eb-45cd-b81b-bee968b372b7","local_time":"20210226140221","is_ascension_mode":true,"campfire_choices":[{"data":"Bash","floor":6,"key":"SMITH"},{"data":"Inflame","floor":8,"key":"SMITH"},{"floor":15,"key":"REST"},{"floor":23,"key":"REST"}],"circlet_count":0,"master_deck":["AscendersBane","Strike_R","Strike_R","Strike_R","Strike_R","Strike_R","Defend_R","Defend_R","Defend_R","Defend_R","Bash+1","Mayhem+1","Inflame+1","Run Through","ReplayTheSpireMod:Stacked","Hemokinesis","Combust","Hemokinesis","Uppercut","hubris:Gluttony","ReplayTheSpireMod:Doomed"],"relics":["Burning Blood","Mango","King of Hearts","Singing Bowl","Ginger","Replay:Grab Bag","conspire:SlowCooker","Cursed Key","aspiration:WatcherSkillbook","Lizard Tail","Gremlin Horn"],"acts_visited":["Exordium","TheCity"],"potions_floor_usage":[16],"damage_taken":[{"damage":1,"enemies":"Cultist","floor":1,"turns":3},{"damage":3,"enemies":"2 Louse","floor":2,"turns":4},{"damage":2,"enemies":"Small Slimes","floor":5,"turns":2},{"damage":14,"enemies":"3 Sentries","floor":10,"turns":5},{"damage":30,"enemies":"Exordium Thugs","floor":11,"turns":4},{"damage":22,"enemies":"Looter","floor":12,"turns":3},{"damage":16,"enemies":"Blue Slaver","floor":13,"turns":3},{"damage":13,"enemies":"3 Louse","floor":14,"turns":3},{"damage":18,"enemies":"Slime Boss","floor":16,"turns":3},{"damage":26,"enemies":"Chosen","floor":18,"turns":5},{"damage":44,"enemies":"Shell Parasite","floor":22,"turns":5},{"damage":41,"enemies":"conspire:SneckoGhost","floor":24,"turns":6}],"seed_played":"2087962859816929496","potions_obtained":[{"floor":1,"key":"DistilledChaos"},{"floor":11,"key":"PowerPotion"},{"floor":16,"key":"Adrenaline Potion"}],"is_trial":false,"path_per_floor":["M","M","$","?","M","R","?","R","T","E","M","M","M","M","R","B",null,"M","?","?","T","M","R","E"],"character_chosen":"IRONCLAD","items_purchased":["Mango","Mayhem","Inflame","Run Through","Death Potion","Hemokinesis"],"campfire_rested":2,"item_purchase_floors":[0,0,0,0,0,3],"current_hp_per_floor":[87,89,89,89,89,89,89,89,89,83,59,45,35,30,58,48,85,67,67,67,67,31,61,20,20],"gold":207,"neow_bonus":"","is_daily":false,"chose_seed":false,"campfire_upgraded":2,"win_rate":0.0,"timestamp":1614344541,"path_taken":["M","?","?","?","M","R","?","R","T","E","M","M","M","M","R","BOSS","M","?","?","?","M","R","E"],"items_purchased_type":["Relic","Card","Card","Card","Potion","Card"],"build_version":"2020-12-22","purchased_purges":0,"victory":false,"max_hp_per_floor":[89,89,89,89,89,89,89,89,89,91,91,93,93,95,95,97,97,99,99,99,99,101,101,101,101],"relic_stats":{"Lizard Tail":0,"Singing Bowl":12,"Gremlin Horn":[0,0],"counters":[55,253],"Ginger":[17],"Cursed Key":1,"obtain_stats":[{"Replay:Accelerometer":6,"Lantern":13,"Replay:PocketPolymizer":19,"Singing Bowl":9,"Gremlin Horn":21,"Blue Doll":17,"Mango":0,"King of Hearts":7,"Ginger":17,"hubris:RunicObelisk":17,"Cursed Key":17,"Burning Blood":0,"Centennial Puzzle":11,"Lizard Tail":20,"Chameleon Ring":0,"hubris:Icosahedron":24,"DollysMirror":28,"Pantograph":9,"Iron Hammer":17,"Cracked Core":0,"Red Skull":9,"hubris:DuctTape":26,"aspiration:Nostalgia":0,"Replay:Grab Bag":17,"Replay:WaspNest":13,"conspire:SlowCooker":17,"aspiration:SeaSaltIceCream":24,"Calling Bell":17,"Shuriken":8,"Ornamental Fan":6,"MutagenicStrength":22,"aspiration:WatcherSkillbook":17,"aspiration:KaomsHeart":20,"Molten Egg 2":28,"hubris:ToyBattleship":11,"Membership Card":0},{"Replay:Accelerometer":5,"Lantern":33,"Replay:PocketPolymizer":12,"Singing Bowl":46,"Gremlin Horn":53,"Blue Doll":35,"Mango":43,"King of Hearts":46,"Ginger":35,"hubris:RunicObelisk":11,"Cursed Key":52,"Burning Blood":0,"Centennial Puzzle":32,"Lizard Tail":53,"Chameleon Ring":25,"hubris:Icosahedron":39,"DollysMirror":39,"Pantograph":6,"Iron Hammer":35,"Cracked Core":0,"Red Skull":31,"hubris:DuctTape":39,"aspiration:Nostalgia":0,"Replay:Grab Bag":52,"Replay:WaspNest":9,"conspire:SlowCooker":52,"aspiration:SeaSaltIceCream":39,"Calling Bell":35,"Shuriken":6,"Ornamental Fan":30,"MutagenicStrength":38,"aspiration:WatcherSkillbook":52,"aspiration:KaomsHeart":12,"Molten Egg 2":39,"hubris:ToyBattleship":8,"Membership Card":25},{"Replay:Accelerometer":15,"Lantern":158,"Replay:PocketPolymizer":48,"Singing Bowl":216,"Gremlin Horn":242,"Blue Doll":167,"Mango":207,"King of Hearts":216,"Ginger":167,"hubris:RunicObelisk":44,"Cursed Key":237,"Burning Blood":0,"Centennial Puzzle":152,"Lizard Tail":242,"Chameleon Ring":118,"hubris:Icosahedron":187,"DollysMirror":187,"Pantograph":20,"Iron Hammer":167,"Cracked Core":0,"Red Skull":148,"hubris:DuctTape":187,"aspiration:Nostalgia":0,"Replay:Grab Bag":237,"Replay:WaspNest":34,"conspire:SlowCooker":237,"aspiration:SeaSaltIceCream":187,"Calling Bell":167,"Shuriken":20,"Ornamental Fan":144,"MutagenicStrength":181,"aspiration:WatcherSkillbook":237,"aspiration:KaomsHeart":48,"Molten Egg 2":187,"hubris:ToyBattleship":31,"Membership Card":118}],"Burning Blood":307},"card_choices":[{"not_picked":["Body Slam","Havoc"],"picked":"ReplayTheSpireMod:Stacked","floor":1},{"not_picked":["Anger","Body Slam","Wild Strike"],"picked":"SKIP","floor":2},{"not_picked":["Sword Boomerang","Infernal Blade"],"picked":"Combust","floor":5},{"not_picked":["Barricade","Wild Strike","hubris:ReadiedAction"],"picked":"Singing Bowl","floor":10},{"not_picked":["Iron Wave","Body Slam"],"picked":"Hemokinesis","floor":11},{"not_picked":["Heavy Blade","Warcry","Rampage"],"picked":"Singing Bowl","floor":12},{"not_picked":["Massacre","Body Slam"],"picked":"Uppercut","floor":13},{"not_picked":["Sword Boomerang","Rampage","Inflame"],"picked":"Singing Bowl","floor":14},{"not_picked":["Fiend Fire","Demonic Infusion","conspire:HitWhereItHurts"],"picked":"Singing Bowl","floor":16},{"not_picked":["Infernal Blade","Replay:Anticipation","Anger","ThirdEye"],"picked":"Singing Bowl","floor":18},{"not_picked":["FlurryOfBlows","Halt+1","Wild Strike","Headbutt"],"picked":"Singing Bowl","floor":22}],"player_experience":329491,"relics_obtained":[{"floor":9,"key":"Singing Bowl"},{"floor":10,"key":"Ginger"},{"floor":21,"key":"Gremlin Horn"}],"event_choices":[{"damage_healed":0,"gold_gain":0,"player_choice":"Grow","damage_taken":0,"max_hp_gain":0,"max_hp_loss":0,"event_name":"Living Wall","floor":4,"gold_loss":0,"cards_upgraded":["Mayhem"]},{"damage_healed":0,"gold_gain":0,"player_choice":"Paid Gold","damage_taken":0,"relics_obtained":["King of Hearts"],"max_hp_gain":0,"max_hp_loss":0,"event_name":"WeMeetAgain","floor":7,"gold_loss":57}],"is_beta":false,"boss_relics":[{"not_picked":["Pandora\u0027s Box","ReplayTheSpireMod:DimensionalGlitch"],"picked":"Replay:Grab Bag"},{"not_picked":["hubris:GrandSneckoEye","aspiration:FutureDiary"],"picked":"conspire:SlowCooker"},{"not_picked":["Replay:Wanted Poster","Runic Dome"],"picked":"Cursed Key"},{"not_picked":["Empty Cage","hubris:HollowSoul"],"picked":"aspiration:WatcherSkillbook"}],"items_purged_floors":[],"is_endless":false,"potions_floor_spawned":[1,11,12,16],"killed_by":"conspire:SneckoGhost","ascension_level":17}}