{"host":"lehbxtjrpalkmwwj","time":1614335463,"event":{"mods":["ATMod(°¢èªMod)","Aspiration","BaseMod","Challenge The Spire","Colored Map","Colored Powertips","Conspire","Dota2Spire","Energized Spire","Hunter ÁÔÈË","Minty Spire (QoL Compilation)","Quick Restart","Relic Stats","Reliquary","Replay The Spire","Spicy Shops","StSLib","TestMod","The Cursed","The IronCluck","The Poker Player","Waifu the Spire","Wide Potions","[IsaacMod]ÒÔÈö¼âËþ","¡¾ÒÅÎï¿¨ÅÆ¡¿REMEMod","É³µñ²ÄÖÊ°ümod","óô»ðÖ¸ÄÏ"],"gold_per_floor":[119,294,66,66,16,46,61,97,143,190,190,3,38,56,56,160,160,180,201,201,300,343,421,464,561,613,712,799,887,989,1051,1051,1250,1250,1250,1250,677,784,822,990,1045,453,477,477,616,741,335,376,376,400,400,400,35,114,114],"floor_reached":56,"language":"ZHS","playtime":2680,"items_purged":["Doubt","Parasite"],"score":2945,"play_id":"925c6ade-340f-4dec-8ae5-f9b67c18bb62","local_time":"20210226183103","is_ascension_mode":true,"campfire_choices":[{"floor":11.0,"key":"RECALL"},{"data":"AT_Dispersion","floor":15.0,"key":"SMITH"},{"data":"ReplayTheSpireMod:Faulty Equipment","floor":49.0,"key":"SMITH"},{"data":"PokerPlayerMod:ChangeRules","floor":52.0,"key":"SMITH"}],"circlet_count":0,"master_deck":["AscendersBane","Strike_G","Strike_G+1","Strike_G","Strike_G","Defend_G","Defend_G","Defend_G","Defend_G+1","Defend_G+1","Survivor","Neutralize","EpicFetus","AT_Dispersion+1","Poison Darts","ReplayTheSpireMod:Faulty Equipment+1","conspire:SpireCoStock","Blade Dance","PokerPlayerMod:StackedDeck","Crippling Poison+1","Noxious Fumes","Venomology","Terror+1","Sucker Punch","Bane","Calculated Gamble","TheCursedMod:StunningStrike","Deadly Poison+1","A Thousand Cuts","PokerPlayerMod:MagicTrick","ReplayTheSpireMod:Speed Training+1","Quick Slash+1","PokerPlayerMod:ChangeRules+1","Expertise+1","Fluid Movement","Doppelganger","Prepared+1","AT_ArcaneSupremacy+1","Creative AI","Dagger Throw","Cloak And Dagger","Setup+1","Backstab+1","ReplayTheSpireMod:Tripwire+1","Backflip+1","Underhanded Strike+1","Draining Mist+1","Replay:Bag of Tricks","PokerPlayerMod:Club8","Acrobatics+1","Distraction","Replay:Poison Smokescreen+1","Outmaneuver+1","Finisher+1","AT_KneejerkReflex","Acrobatics","Flying Knee+1","conspire:DoublingDagger","Acrobatics+1","Bane","Wraith Form v2","Cloak And Dagger","Poisoned Stab","Dagger Throw+1","Flechettes","All Out Attack"],"relics":["Ring of the Snake","HushsDoor","AT_ATBox","testmod-TestBox","REME_ComplimentaryCards","GnawedLeaf","testmod-HeartOfDaVinci","NeowsBlessing","TwistedFunnel","Ring of Peace","ReplayTheSpireMod:Ring of Addiction","Potion Belt","SacredBark","Singing Bowl","PokerPlayerMod:Splitter","reliquary:Spinner","AT_BellDemon","testmod-Charity","reliquary:Vitrine","Snake Skull","Divine Protection","AnarchistCookbook","Replay:Ancient Bell","Replay:Bandana","Damocles","GuppysHairball","Replay:Wax Seal","REME_PuzzleBoxRelic","ReplayTheSpireMod:TigerMarble","Gremlin Food","Smiling Mask","AT_ChloranthyRing","AT_MibuBalloonWealth","Ornamental Fan","TheCursedMod:BloodyHarpoon","Matryoshka","Chameleon Ring","ReplayFunnel","Vampiric Spirits","PokerPlayerMod:EnergeticBat","Bottled Lightning","Dota2Spire:MonkeyKingBar","BelialBook","War Paint","AT_RedTearstoneRing","AT_SeraphEmbrace","reliquary:Spinner","PokerPlayerMod:DeckCase","AT_SunfireAegis","Tingsha","AT_ForceNature","WingedGreaves","Gambling Chip","Dota2Spire:LotusOrb","energizedSpire:EnergizedDie","reliquary:Boomerang","Centennial Puzzle","reliquary:KillPill","Anchor","testmod-AssaultLearning","reliquary:Stiletto","TuHaoJin","aspiration:EnhancedActuators","Pen Nib","REME_IWantAll","AT_GoldPhoenixTree","aspiration:StickyExplosives_weak","AT_Manta","DeadEye","Replay:Rubber Ducky","Dota2Spire:ArcaneBoots","Dota2Spire:PhaseBoots","PokerPlayerMod:ClubPass","testmod-Alchemist","OrangePellets","TheBible","reliquary:Aerogel","Dota2Spire:ArmletOfMordiggian","REME_HandOfSuture","Dota2Spire:CrimsonGuard","testmod-ObsoleteBoomerang","testmod-Brilliant","Dota2Spire:PowerTreads","Simple Rune","Bag of Marbles","Dota2Spire:EtherealBlade","reliquary:FerryPass","Sundial","ReplayTheSpireMod:Shallot","SalivaCoin","Dota2Spire:BattleFury","Dota2Spire:AghanimScepter"],"acts_visited":["Exordium","TheCity","TheBeyond","TheEnding"],"potions_floor_usage":[55,55,55,55,55],"damage_taken":[{"damage":0.0,"enemies":"Jaw Worm","floor":1.0,"turns":1.0},{"damage":0.0,"enemies":"Gremlin Nob","floor":6.0,"turns":1.0},{"damage":0.0,"enemies":"Small Slimes","floor":7.0,"turns":1.0},{"damage":21.0,"enemies":"3 Sentries","floor":8.0,"turns":10.0},{"damage":3.0,"enemies":"Lagavulin","floor":10.0,"turns":8.0},{"damage":15.0,"enemies":"3 Sentries","floor":13.0,"turns":4.0},{"damage":0.0,"enemies":"2 Louse","floor":14.0,"turns":2.0},{"damage":13.0,"enemies":"Slime Boss","floor":16.0,"turns":6.0},{"damage":21.0,"enemies":"Shell Parasite","floor":18.0,"turns":5.0},{"damage":0.0,"enemies":"Chosen","floor":19.0,"turns":4.0},{"damage":0.0,"enemies":"conspire:MimicChest","floor":22.0,"turns":3.0},{"damage":0.0,"enemies":"conspire:SneckoGhost","floor":23.0,"turns":4.0},{"damage":0.0,"enemies":"Snake Plant","floor":24.0,"turns":2.0},{"damage":0.0,"enemies":"Slavers","floor":25.0,"turns":4.0},{"damage":0.0,"enemies":"Gremlin Leader","floor":27.0,"turns":2.0},{"damage":0.0,"enemies":"Centurion and Healer","floor":28.0,"turns":4.0},{"damage":0.0,"enemies":"Shelled Parasite and Fungi","floor":29.0,"turns":3.0},{"damage":0.0,"enemies":"3 Cultists","floor":30.0,"turns":4.0},{"damage":0.0,"enemies":"Centurion and Healer","floor":31.0,"turns":4.0},{"damage":6.0,"enemies":"Pondfish","floor":33.0,"turns":5.0},{"damage":0.0,"enemies":"Orb Walker","floor":35.0,"turns":2.0},{"damage":0.0,"enemies":"3 Darklings","floor":36.0,"turns":3.0},{"damage":0.0,"enemies":"4 Shapes","floor":38.0,"turns":2.0},{"damage":0.0,"enemies":"Writhing Mass","floor":39.0,"turns":3.0},{"damage":0.0,"enemies":"Reptomancer","floor":40.0,"turns":4.0},{"damage":0.0,"enemies":"R_Hoarder","floor":41.0,"turns":3.0},{"damage":0.0,"enemies":"Nemesis","floor":45.0,"turns":1.0},{"damage":0.0,"enemies":"Reptomancer","floor":46.0,"turns":2.0},{"damage":0.0,"enemies":"Spire Growth","floor":48.0,"turns":1.0},{"damage":0.0,"enemies":"conspire:OrnateMirror","floor":50.0,"turns":2.0},{"damage":0,"enemies":"Shield and Spear","floor":54,"turns":1},{"damage":0,"enemies":"The Heart","floor":55,"turns":3}],"seed_played":"-1532164181631269614","potions_obtained":[{"floor":4.0,"key":"Reflective Coating"},{"floor":4.0,"key":"PowerPotion"},{"floor":4.0,"key":"EssenceOfSteel"},{"floor":7.0,"key":"Weak Potion"},{"floor":8.0,"key":"Explosive Potion"},{"floor":10.0,"key":"Poison Potion"},{"floor":19.0,"key":"SteroidPotion"},{"floor":24.0,"key":"Block Potion"},{"floor":25.0,"key":"DuplicationPotion"},{"floor":27.0,"key":"Energy Potion"},{"floor":30.0,"key":"Reflective Coating"},{"floor":33.0,"key":"Energy Potion"},{"floor":38.0,"key":"Milkshake"},{"floor":45.0,"key":"Milkshake"},{"floor":46.0,"key":"SkillPotion"},{"floor":48.0,"key":"Dota2Spire:HealingSalve"}],"is_trial":false,"path_per_floor":["M","?","$","?","?","E","M","E","T","E","R","$","E","M","R","B",null,"M","M","?","?","?","E","M","E","T","E","M","M","M","M","R_BF","B",null,"M","M","$","M","M","E","E","R","T","?","E","E","$","M","R_BF","B",null,"R","$","E","B",null],"character_chosen":"THE_SILENT","items_purchased":["TwistedFunnel","testmod-Charity","Noxious Fumes","Damocles","GuppysHairball","testmod-AssaultLearning","reliquary:Stiletto","TuHaoJin","aspiration:EnhancedActuators","testmod-Alchemist","OrangePellets","TheBible","Bag of Marbles","Dota2Spire:EtherealBlade","ReplayTheSpireMod:Shallot","Cloak And Dagger","Poisoned Stab"],"campfire_rested":0,"item_purchase_floors":[3,12,12,17,17,37,37,37,37,42,42,42,47,47,53,53,53],"current_hp_per_floor":[63,63,63,63,63,65,65,44,44,43,43,43,32,35,35,24,50,41,53,53,56,74,91,111,100,101,134,162,186,201,214,214,232,263,273,273,273,287,302,334,359,356,357,357,383,399,399,410,410,427,427,427,427,445,443],"gold":114,"neow_bonus":"THREE_ENEMY_KILL","is_daily":false,"chose_seed":false,"campfire_upgraded":3,"win_rate":0.0,"timestamp":1614335463,"path_taken":["M","?","$","?","?","E","?","E","T","E","R","?","E","M","R","BOSS","M","M","?","?","?","E","M","E","T","E","M","M","M","M","R_BF","BOSS","M","M","$","M","M","E","E","R","T","?","E","E","$","M","R_BF","BOSS","R","$","E","BOSS"],"items_purchased_type":["Relic","Relic","Card","Relic","Relic","Relic","Relic","Relic","Relic","Relic","Relic","Relic","Relic","Relic","Relic","Card","Card"],"build_version":"2020-12-22","purchased_purges":2,"victory":true,"max_hp_per_floor":[70,70,70,70,70,72,72,70,70,72,72,72,74,77,77,79,59,71,83,83,86,102,119,139,161,162,186,210,230,241,252,252,273,273,273,273,273,287,302,334,359,356,357,357,383,399,399,410,410,427,427,427,427,445,443],"relic_stats":{"Singing Bowl":20,"counters":[32,104],"Tingsha":[330],"Snake Skull":[125],"Pen Nib":[8],"War Paint":["Defend_G","Crippling Poison"],"Smiling Mask":50,"OrangePellets":[14],"Centennial Puzzle":[0],"Ornamental Fan":[152],"Sundial":[0],"Gambling Chip":[73],"obtain_stats":[{"TwistedFunnel":3,"Divine Protection":14,"Damocles":17,"Dota2Spire:PowerTreads":46,"AT_ATBox":0,"Vampiric Spirits":25,"AT_MibuBalloonWealth":22,"Dota2Spire:ArmletOfMordiggian":43,"DeadEye":40,"Dota2Spire:EtherealBlade":47,"AT_ArchangelStaff":28,"REME_IWantAll":38,"reliquary:FerryPass":48,"Centennial Puzzle":35,"aspiration:EnhancedActuators":37,"Dota2Spire:CrimsonGuard":45,"Sundial":48,"TuHaoJin":37,"reliquary:Vitrine":13,"Replay:Wax Seal":18,"PokerPlayerMod:Splitter":8,"KeepersGift":0,"AT_RedTearstoneRing":27,"testmod-TestBox":0,"AT_Manta":40,"ReplayTheSpireMod:Ring of Addiction":4,"BelialBook":27,"Tingsha":30,"Pen Nib":38,"Replay:Ancient Bell":17,"War Paint":27,"OrangePellets":42,"Dota2Spire:AghanimScepter":54,"ReplayTheSpireMod:Shallot":53,"Simple Rune":46,"reliquary:SculptingSteel":28,"ReplayTheSpireMod:TigerMarble":19,"HushsDoor":0,"Dota2Spire:MonkeyKingBar":26,"testmod-HeartOfDaVinci":0,"Dota2Spire:PhaseBoots":41,"AT_BellDemon":10,"AnarchistCookbook":16,"TheCursedMod:BloodyHarpoon":23,"ReplayFunnel":24,"AT_SeraphEmbrace":46,"reliquary:Boomerang":35,"Singing Bowl":6,"reliquary:Aerogel":43,"GnawedLeaf":0,"SacredBark":4,"Snake Skull":13,"reliquary:KillPill":36,"Smiling Mask":22,"testmod-Charity":12,"Dota2Spire:LotusOrb":33,"aspiration:StickyExplosives_weak":39,"Replay:Rubber Ducky":40,"testmod-Brilliant":46,"Replay:Bandana":17,"PokerPlayerMod:DeckCase":29,"Matryoshka":23,"Chameleon Ring":24,"testmod-Alchemist":42,"Ring of Peace":4,"Gambling Chip":31,"testmod-ObsoleteBoomerang":45,"WingedGreaves":31,"Dota2Spire:ArcaneBoots":41,"Ring of the Snake":0,"Potion Belt":4,"Gremlin Food":19,"AT_ChloranthyRing":22,"AT_ForceNature":30,"NeowsBlessing":0,"energizedSpire:EnergizedDie":34,"AT_GoldPhoenixTree":39,"Dota2Spire:BattleFury":54,"reliquary:Spinner":9,"Anchor":36,"TheBible":42,"Ornamental Fan":23,"PokerPlayerMod:EnergeticBat":25,"testmod-AssaultLearning":37,"reliquary:Stiletto":37,"REME_HandOfSuture":45,"Bag of Marbles":47,"SalivaCoin":54,"GuppysHairball":17,"Bottled Lightning":25,"PokerPlayerMod:ClubPass":41,"REME_PuzzleBoxRelic":18,"AT_SunfireAegis":29,"REME_ComplimentaryCards":0},{"TwistedFunnel":1,"Divine Protection":7,"Damocles":8,"Dota2Spire:PowerTreads":28,"AT_ATBox":0,"Vampiric Spirits":14,"AT_MibuBalloonWealth":11,"Dota2Spire:ArmletOfMordiggian":26,"DeadEye":25,"Dota2Spire:EtherealBlade":28,"AT_ArchangelStaff":16,"REME_IWantAll":23,"reliquary:FerryPass":29,"Centennial Puzzle":21,"aspiration:EnhancedActuators":22,"Dota2Spire:CrimsonGuard":27,"Sundial":29,"TuHaoJin":22,"reliquary:Vitrine":6,"Replay:Wax Seal":9,"PokerPlayerMod:Splitter":4,"KeepersGift":0,"AT_RedTearstoneRing":15,"testmod-TestBox":0,"AT_Manta":25,"ReplayTheSpireMod:Ring of Addiction":1,"BelialBook":15,"Tingsha":18,"Pen Nib":23,"Replay:Ancient Bell":8,"War Paint":15,"OrangePellets":26,"Dota2Spire:AghanimScepter":31,"ReplayTheSpireMod:Shallot":30,"Simple Rune":28,"reliquary:SculptingSteel":16,"ReplayTheSpireMod:TigerMarble":10,"HushsDoor":0,"Dota2Spire:MonkeyKingBar":14,"testmod-HeartOfDaVinci":0,"Dota2Spire:PhaseBoots":26,"AT_BellDemon":5,"AnarchistCookbook":8,"TheCursedMod:BloodyHarpoon":12,"ReplayFunnel":13,"AT_SeraphEmbrace":28,"reliquary:Boomerang":21,"Singing Bowl":2,"reliquary:Aerogel":26,"GnawedLeaf":0,"SacredBark":1,"Snake Skull":6,"reliquary:KillPill":22,"Smiling Mask":11,"testmod-Charity":5,"Dota2Spire:LotusOrb":20,"aspiration:StickyExplosives_weak":24,"Replay:Rubber Ducky":25,"testmod-Brilliant":28,"Replay:Bandana":8,"PokerPlayerMod:DeckCase":17,"Matryoshka":12,"Chameleon Ring":13,"testmod-Alchemist":26,"Ring of Peace":1,"Gambling Chip":19,"testmod-ObsoleteBoomerang":27,"WingedGreaves":19,"Dota2Spire:ArcaneBoots":26,"Ring of the Snake":0,"Potion Belt":1,"Gremlin Food":10,"AT_ChloranthyRing":11,"AT_ForceNature":18,"NeowsBlessing":0,"energizedSpire:EnergizedDie":20,"AT_GoldPhoenixTree":24,"Dota2Spire:BattleFury":31,"reliquary:Spinner":4,"Anchor":22,"TheBible":26,"Ornamental Fan":12,"PokerPlayerMod:EnergeticBat":14,"testmod-AssaultLearning":22,"reliquary:Stiletto":22,"REME_HandOfSuture":27,"Bag of Marbles":28,"SalivaCoin":31,"GuppysHairball":8,"Bottled Lightning":14,"PokerPlayerMod:ClubPass":26,"REME_PuzzleBoxRelic":9,"AT_SunfireAegis":17,"REME_ComplimentaryCards":0},{"TwistedFunnel":1,"Divine Protection":27,"Damocles":33,"Dota2Spire:PowerTreads":97,"AT_ATBox":0,"Vampiric Spirits":55,"AT_MibuBalloonWealth":45,"Dota2Spire:ArmletOfMordiggian":94,"DeadEye":91,"Dota2Spire:EtherealBlade":97,"AT_ArchangelStaff":61,"REME_IWantAll":84,"reliquary:FerryPass":98,"Centennial Puzzle":79,"aspiration:EnhancedActuators":82,"Dota2Spire:CrimsonGuard":95,"Sundial":98,"TuHaoJin":82,"reliquary:Vitrine":25,"Replay:Wax Seal":38,"PokerPlayerMod:Splitter":13,"KeepersGift":0,"AT_RedTearstoneRing":57,"testmod-TestBox":0,"AT_Manta":91,"ReplayTheSpireMod:Ring of Addiction":1,"BelialBook":57,"Tingsha":68,"Pen Nib":84,"Replay:Ancient Bell":33,"War Paint":57,"OrangePellets":94,"Dota2Spire:AghanimScepter":101,"ReplayTheSpireMod:Shallot":100,"Simple Rune":97,"reliquary:SculptingSteel":61,"ReplayTheSpireMod:TigerMarble":42,"HushsDoor":0,"Dota2Spire:MonkeyKingBar":55,"testmod-HeartOfDaVinci":0,"Dota2Spire:PhaseBoots":94,"AT_BellDemon":21,"AnarchistCookbook":33,"TheCursedMod:BloodyHarpoon":49,"ReplayFunnel":51,"AT_SeraphEmbrace":97,"reliquary:Boomerang":79,"Singing Bowl":2,"reliquary:Aerogel":94,"GnawedLeaf":0,"SacredBark":1,"Snake Skull":25,"reliquary:KillPill":82,"Smiling Mask":45,"testmod-Charity":21,"Dota2Spire:LotusOrb":77,"aspiration:StickyExplosives_weak":87,"Replay:Rubber Ducky":91,"testmod-Brilliant":97,"Replay:Bandana":33,"PokerPlayerMod:DeckCase":64,"Matryoshka":49,"Chameleon Ring":51,"testmod-Alchemist":94,"Ring of Peace":1,"Gambling Chip":72,"testmod-ObsoleteBoomerang":95,"WingedGreaves":72,"Dota2Spire:ArcaneBoots":94,"Ring of the Snake":0,"Potion Belt":1,"Gremlin Food":42,"AT_ChloranthyRing":45,"AT_ForceNature":68,"NeowsBlessing":0,"energizedSpire:EnergizedDie":77,"AT_GoldPhoenixTree":87,"Dota2Spire:BattleFury":101,"reliquary:Spinner":13,"Anchor":82,"TheBible":94,"Ornamental Fan":49,"PokerPlayerMod:EnergeticBat":55,"testmod-AssaultLearning":82,"reliquary:Stiletto":82,"REME_HandOfSuture":95,"Bag of Marbles":97,"SalivaCoin":101,"GuppysHairball":33,"Bottled Lightning":55,"PokerPlayerMod:ClubPass":94,"REME_PuzzleBoxRelic":38,"AT_SunfireAegis":64,"REME_ComplimentaryCards":0}],"Ring of the Snake":[64]},"card_choices":[{"not_picked":[],"picked":"EpicFetus","floor":0.0},{"not_picked":["Replay:Poison Smokescreen","Well Laid Plans"],"picked":"Poison Darts","floor":1.0},{"not_picked":["Concentrate","Quick Slash","Acrobatics"],"picked":"Singing Bowl","floor":6.0},{"not_picked":["Dagger Throw","Quick Slash"],"picked":"Blade Dance","floor":7.0},{"not_picked":["Slice","Distraction"],"picked":"Crippling Poison","floor":8.0},{"not_picked":["Flying Knee","AT_ThistleTea","Sucker Punch"],"picked":"Singing Bowl","floor":10.0},{"not_picked":["Acrobatics","Poisoned Stab","Hidden Blade"],"picked":"Singing Bowl","floor":13.0},{"not_picked":["Dagger Spray","ReplayTheSpireMod:Shiv Toss","AT_WindFlip"],"picked":"Singing Bowl","floor":14.0},{"not_picked":["REME_SpectralBlade","aspiration:Lunge"],"picked":"Venomology","floor":16.0},{"not_picked":["Dodge and Roll","AT_TinkerSharpsword+1"],"picked":"Terror+1","floor":18.0},{"not_picked":["Accuracy+1","Sucker Punch","PiercingWail"],"picked":"Singing Bowl","floor":19.0},{"not_picked":["Bane","Acrobatics","AT_WindFlip"],"picked":"Singing Bowl","floor":21.0},{"not_picked":["Quick Slash","Calculated Gamble","Dagger Spray+1"],"picked":"Singing Bowl","floor":22.0},{"not_picked":["AT_WindFlip","conspire:DoublingDagger"],"picked":"Deadly Poison+1","floor":23.0},{"not_picked":["PiercingWail","Deadly Poison+1"],"picked":"A Thousand Cuts","floor":24.0},{"not_picked":["AT_ThistleTea","AT_WindFlip+1"],"picked":"ReplayTheSpireMod:Speed Training+1","floor":25.0},{"not_picked":["Poisoned Stab","REME_ShadowStrike"],"picked":"Quick Slash+1","floor":27.0},{"not_picked":["Cloak And Dagger","AT_WindFlip","Underhanded Strike"],"picked":"Singing Bowl","floor":28.0},{"not_picked":["Sneak Up","Footwork","Dodge and Roll"],"picked":"Singing Bowl","floor":29.0},{"not_picked":["Acrobatics","AT_WindFlip+1","Sucker Punch"],"picked":"Singing Bowl","floor":30.0},{"not_picked":["Noxious Fumes","Dodge and Roll"],"picked":"Expertise+1","floor":31.0},{"not_picked":["Storm of Steel","REME_CopyPotion"],"picked":"Doppelganger","floor":33.0},{"not_picked":["Heel Hook+1","Poisoned Stab+1"],"picked":"Prepared+1","floor":35.0},{"not_picked":["Flying Knee","Leg Sweep"],"picked":"AT_ArcaneSupremacy+1","floor":36.0},{"not_picked":["Dagger Throw","Cloak And Dagger","Setup+1"],"picked":"Singing Bowl","floor":38.0},{"not_picked":["Backstab+1","ReplayTheSpireMod:Tripwire+1","Backflip+1"],"picked":"Singing Bowl","floor":39.0},{"not_picked":["Underhanded Strike+1","Draining Mist+1","Replay:Bag of Tricks"],"picked":"Singing Bowl","floor":40.0},{"not_picked":["Acrobatics+1","Distraction","Replay:Poison Smokescreen+1"],"picked":"Singing Bowl","floor":41.0},{"not_picked":["Outmaneuver+1","Finisher+1","AT_KneejerkReflex"],"picked":"Singing Bowl","floor":45.0},{"not_picked":["Acrobatics","Flying Knee+1","conspire:DoublingDagger"],"picked":"Singing Bowl","floor":46.0},{"not_picked":["Acrobatics+1","Bane","Wraith Form v2"],"picked":"Singing Bowl","floor":48.0},{"not_picked":["Dagger Throw+1","Flechettes","All Out Attack"],"picked":"Singing Bowl","floor":54}],"player_experience":237894,"relics_obtained":[{"floor":4.0,"key":"Ring of Peace"},{"floor":4.0,"key":"ReplayTheSpireMod:Ring of Addiction"},{"floor":4.0,"key":"Potion Belt"},{"floor":4.0,"key":"SacredBark"},{"floor":6.0,"key":"Singing Bowl"},{"floor":8.0,"key":"PokerPlayerMod:Splitter"},{"floor":9.0,"key":"reliquary:Spinner"},{"floor":10.0,"key":"AT_BellDemon"},{"floor":13.0,"key":"reliquary:Vitrine"},{"floor":13.0,"key":"Snake Skull"},{"floor":14.0,"key":"Divine Protection"},{"floor":16.0,"key":"AnarchistCookbook"},{"floor":18.0,"key":"Replay:Wax Seal"},{"floor":18.0,"key":"REME_PuzzleBoxRelic"},{"floor":19.0,"key":"ReplayTheSpireMod:TigerMarble"},{"floor":19.0,"key":"Gremlin Food"},{"floor":22.0,"key":"Smiling Mask"},{"floor":22.0,"key":"AT_ChloranthyRing"},{"floor":22.0,"key":"AT_MibuBalloonWealth"},{"floor":23.0,"key":"Ornamental Fan"},{"floor":23.0,"key":"TheCursedMod:BloodyHarpoon"},{"floor":23.0,"key":"Matryoshka"},{"floor":24.0,"key":"Chameleon Ring"},{"floor":24.0,"key":"ReplayFunnel"},{"floor":25.0,"key":"Vampiric Spirits"},{"floor":25.0,"key":"PokerPlayerMod:EnergeticBat"},{"floor":25.0,"key":"Bottled Lightning"},{"floor":26.0,"key":"Dota2Spire:MonkeyKingBar"},{"floor":27.0,"key":"BelialBook"},{"floor":27.0,"key":"War Paint"},{"floor":27.0,"key":"AT_RedTearstoneRing"},{"floor":28.0,"key":"AT_ArchangelStaff"},{"floor":28.0,"key":"reliquary:SculptingSteel"},{"floor":29.0,"key":"PokerPlayerMod:DeckCase"},{"floor":29.0,"key":"AT_SunfireAegis"},{"floor":30.0,"key":"Tingsha"},{"floor":30.0,"key":"AT_ForceNature"},{"floor":31.0,"key":"WingedGreaves"},{"floor":31.0,"key":"Gambling Chip"},{"floor":33.0,"key":"Dota2Spire:LotusOrb"},{"floor":35.0,"key":"reliquary:Boomerang"},{"floor":35.0,"key":"Centennial Puzzle"},{"floor":36.0,"key":"reliquary:KillPill"},{"floor":36.0,"key":"Anchor"},{"floor":38.0,"key":"Pen Nib"},{"floor":38.0,"key":"REME_IWantAll"},{"floor":39.0,"key":"AT_GoldPhoenixTree"},{"floor":39.0,"key":"aspiration:StickyExplosives_weak"},{"floor":40.0,"key":"AT_Manta"},{"floor":40.0,"key":"DeadEye"},{"floor":40.0,"key":"Replay:Rubber Ducky"},{"floor":41.0,"key":"Dota2Spire:ArcaneBoots"},{"floor":41.0,"key":"Dota2Spire:PhaseBoots"},{"floor":41.0,"key":"PokerPlayerMod:ClubPass"},{"floor":43.0,"key":"reliquary:Aerogel"},{"floor":43.0,"key":"Dota2Spire:ArmletOfMordiggian"},{"floor":45.0,"key":"REME_HandOfSuture"},{"floor":45.0,"key":"Dota2Spire:CrimsonGuard"},{"floor":45.0,"key":"testmod-ObsoleteBoomerang"},{"floor":46.0,"key":"testmod-Brilliant"},{"floor":46.0,"key":"Dota2Spire:PowerTreads"},{"floor":46.0,"key":"Simple Rune"},{"floor":48.0,"key":"reliquary:FerryPass"},{"floor":48.0,"key":"Sundial"},{"floor":54,"key":"SalivaCoin"},{"floor":54,"key":"Dota2Spire:BattleFury"},{"floor":54,"key":"Dota2Spire:AghanimScepter"}],"event_choices":[{"damage_healed":0.0,"max_hp_gain":0.0,"max_hp_loss":0.0,"gold_gain":175.0,"event_name":"Liars Game","player_choice":"AGREE","floor":2.0,"gold_loss":0.0,"damage_taken":0.0,"cards_obtained":["Doubt"]},{"damage_healed":0.0,"max_hp_gain":0.0,"max_hp_loss":0.0,"gold_gain":0.0,"event_name":"conspire:Investor","player_choice":"Invest 1","floor":5.0,"gold_loss":0.0,"damage_taken":0.0},{"damage_healed":0.0,"max_hp_gain":0.0,"max_hp_loss":0.0,"gold_gain":0.0,"event_name":"Ghosts","player_choice":"Ignored","floor":20.0,"gold_loss":0.0,"damage_taken":0.0},{"damage_healed":0.0,"max_hp_gain":0.0,"max_hp_loss":0.0,"gold_gain":0.0,"event_name":"Tomb of Lord Red Mask","player_choice":"Ignored","floor":44.0,"gold_loss":0.0,"damage_taken":0.0}],"is_beta":false,"boss_relics":[{"not_picked":["Runic Cube","testmod-Nine"],"picked":"Replay:Ancient Bell"},{"not_picked":["Replay:Baseball","Dota2Spire:MagicBottle"],"picked":"Replay:Bandana"},{"not_picked":[]},{"not_picked":["energizedSpire:RedRose","aspiration:WatcherSkillbook"],"picked":"energizedSpire:EnergizedDie"},{"not_picked":[]}],"items_purged_floors":[3,42],"is_endless":false,"potions_floor_spawned":[7,8,10,19,24,25,27,30,33,38,41,45,46,48],"ascension_level":10}}