{"host":"mithrandi","time":1614364661,"event":{"mods":["BaseMod","Colored Map","Highlight Path","Minty Spire (QoL Compilation)","SuperFastMode"],"gold_per_floor":[13,13,27,46,58,87,99,146,158,186,198,210,242,254,266,278,278],"floor_reached":16,"language":"ENG","playtime":3829,"items_purged":[],"score":224,"play_id":"92e8a134-c9e8-4c2a-a49e-d633a2ca0b38","local_time":"20210226203741","is_ascension_mode":true,"campfire_choices":[{"data":"Fission","floor":7.0,"key":"SMITH"},{"floor":11.0,"key":"REST"},{"data":"Coolheaded","floor":15.0,"key":"SMITH"}],"circlet_count":0,"master_deck":["AscendersBane","Strike_B","Strike_B","Strike_B","Strike_B","Defend_B","Defend_B","Defend_B","Defend_B","Zap","Dualcast","Fission+1","Coolheaded+1","Ball Lightning","Hologram","Compile Driver","Fission+1","Defragment+1"],"relics":["Cracked Core","MawBank","Kunai","FossilizedHelix"],"acts_visited":["Exordium"],"potions_floor_usage":[16],"damage_taken":[{"damage":4.0,"enemies":"Jaw Worm","floor":1.0,"turns":4.0},{"damage":0.0,"enemies":"Cultist","floor":3.0,"turns":3.0},{"damage":7.0,"enemies":"2 Louse","floor":4.0,"turns":3.0},{"damage":17.0,"enemies":"Gremlin Gang","floor":5.0,"turns":5.0},{"damage":27.0,"enemies":"3 Sentries","floor":6.0,"turns":7.0},{"damage":8.0,"enemies":"Gremlin Nob","floor":8.0,"turns":3.0},{"damage":0.0,"enemies":"Large Slime","floor":10.0,"turns":4.0},{"damage":0.0,"enemies":"Looter","floor":13.0,"turns":1.0},{"damage":22,"enemies":"Hexaghost","floor":16,"turns":9}],"seed_played":"-5325220169426369444","potions_obtained":[{"floor":1.0,"key":"DuplicationPotion"},{"floor":2.0,"key":"ColorlessPotion"},{"floor":5.0,"key":"CultistPotion"},{"floor":6.0,"key":"Fire Potion"},{"floor":8.0,"key":"Dexterity Potion"}],"is_trial":false,"path_per_floor":["M","?","M","M","M","E","R","E","T","M","R","?","M","?","R","B"],"character_chosen":"DEFECT","items_purchased":[],"campfire_rested":1,"item_purchase_floors":[],"current_hp_per_floor":[60,60,60,53,36,9,9,1,1,1,22,22,22,22,22,0,0],"gold":278,"neow_bonus":"THREE_RARE_CARDS","is_daily":false,"chose_seed":false,"campfire_upgraded":2,"win_rate":0.0,"timestamp":1614364661,"path_taken":["M","?","M","M","?","E","R","E","T","M","R","?","?","?","R","BOSS"],"items_purchased_type":[],"build_version":"2020-12-18","purchased_purges":0,"victory":false,"max_hp_per_floor":[71,71,71,71,71,71,71,71,71,71,71,71,71,71,71,71,71],"card_choices":[{"not_picked":["Amplify","Reboot"],"picked":"Fission","floor":0.0},{"not_picked":["Undo","Turbo"],"picked":"Coolheaded","floor":1.0},{"not_picked":["Redo","Barrage"],"picked":"Ball Lightning","floor":3.0},{"not_picked":["Beam Cell","Tempest"],"picked":"Hologram","floor":4.0},{"not_picked":["Redo","Leap","Melter"],"picked":"SKIP","floor":5.0},{"not_picked":["Leap","Barrage"],"picked":"Compile Driver","floor":6.0},{"not_picked":["Force Field","Compile Driver"],"picked":"Fission","floor":8.0},{"not_picked":["Recycle","Steam"],"picked":"Defragment","floor":10.0},{"not_picked":["Leap","Tempest","Sunder"],"picked":"SKIP","floor":13.0}],"player_experience":3150911,"relics_obtained":[{"floor":6.0,"key":"MawBank"},{"floor":8.0,"key":"Kunai"},{"floor":9.0,"key":"FossilizedHelix"}],"event_choices":[{"damage_healed":0.0,"max_hp_gain":0.0,"max_hp_loss":0.0,"gold_gain":0.0,"event_name":"Lab","player_choice":"Got Potions","floor":2.0,"gold_loss":0.0,"damage_taken":0.0},{"damage_healed":0.0,"max_hp_gain":0.0,"max_hp_loss":0.0,"gold_gain":0.0,"event_name":"Upgrade Shrine","player_choice":"Upgraded","floor":12.0,"gold_loss":0.0,"damage_taken":0.0,"cards_upgraded":["Fission"]},{"damage_healed":0.0,"max_hp_gain":0.0,"max_hp_loss":0.0,"gold_gain":0.0,"event_name":"Living Wall","player_choice":"Grow","floor":14.0,"gold_loss":0.0,"damage_taken":0.0,"cards_upgraded":["Defragment"]}],"is_beta":true,"boss_relics":[],"items_purged_floors":[],"is_endless":false,"potions_floor_spawned":[1,5,6,8],"killed_by":"Hexaghost","ascension_level":20}}