{"host":"IMPacifista","time":1614320212,"event":{"mods":["BaseMod","Minty Spire (QoL Compilation)"],"gold_per_floor":[116,116,48,66,66,66,95,108,131,131,60,87,107,123,123,227,227,207,128,128,144,161,161,161],"floor_reached":23,"language":"ENG","playtime":803,"items_purged":[],"score":328,"play_id":"3bd151ca-06f9-4e41-a7b7-847ea0c27cce","local_time":"20210225221652","is_ascension_mode":true,"campfire_choices":[{"data":"Flame Barrier","floor":6.0,"key":"SMITH"},{"data":"Whirlwind","floor":10.0,"key":"SMITH"},{"floor":15.0,"key":"REST"}],"circlet_count":0,"master_deck":["Strike_R","Strike_R","Strike_R","Strike_R","Strike_R","Defend_R","Defend_R","Defend_R","Defend_R","Bash","Flame Barrier+1","Spot Weakness","Whirlwind+1","Twin Strike","Carnage","Twin Strike","Demon Form","Metallicize","Inflame","Uppercut","Rampage"],"relics":["Burning Blood","NeowsBlessing","CultistMask","Centennial Puzzle","Omamori","Du-Vu Doll","Mark of Pain"],"acts_visited":["Exordium","TheCity"],"potions_floor_usage":[],"damage_taken":[{"damage":0.0,"enemies":"2 Louse","floor":1.0,"turns":1.0},{"damage":0.0,"enemies":"Cultist","floor":4.0,"turns":1.0},{"damage":0.0,"enemies":"3 Sentries","floor":7.0,"turns":2.0},{"damage":2.0,"enemies":"Jaw Worm","floor":8.0,"turns":4.0},{"damage":24.0,"enemies":"Lagavulin","floor":12.0,"turns":5.0},{"damage":0.0,"enemies":"Gremlin Gang","floor":13.0,"turns":2.0},{"damage":8.0,"enemies":"Red Slaver","floor":14.0,"turns":3.0},{"damage":70.0,"enemies":"Hexaghost","floor":16.0,"turns":9.0},{"damage":22.0,"enemies":"2 Thieves","floor":18.0,"turns":4.0},{"damage":18.0,"enemies":"Spheric Guardian","floor":21.0,"turns":5.0},{"damage":20,"enemies":"Centurion and Healer","floor":22,"turns":5},{"damage":22,"enemies":"Gremlin Leader","floor":23,"turns":3}],"seed_played":"-5985912543607124029","potions_obtained":[{"floor":4.0,"key":"Fire Potion"},{"floor":7.0,"key":"BlessingOfTheForge"},{"floor":13.0,"key":"Dexterity Potion"},{"floor":16.0,"key":"ElixirPotion"}],"is_trial":false,"path_per_floor":["M","?","$","M","?","R","E","M","T","R","$","E","M","M","R","B",null,"M","$","?","M","M","E"],"character_chosen":"IRONCLAD","items_purchased":["Flame Barrier","Carnage","Inflame"],"campfire_rested":1,"item_purchase_floors":[3,11,19],"current_hp_per_floor":[78,78,78,80,80,80,80,80,80,80,80,62,68,66,80,16,64,48,48,48,36,22,0,0],"gold":161,"neow_bonus":"THREE_ENEMY_KILL","is_daily":false,"chose_seed":false,"campfire_upgraded":2,"win_rate":0.0,"timestamp":1614320212,"path_taken":["M","?","?","M","?","R","E","?","T","R","?","E","M","M","R","BOSS","M","$","?","M","M","E"],"items_purchased_type":["Card","Card","Card"],"build_version":"2020-12-18","purchased_purges":0,"victory":false,"max_hp_per_floor":[80,80,80,80,80,80,80,80,80,80,80,80,80,80,80,80,80,80,80,80,80,80,80,80],"card_choices":[{"not_picked":["True Grit","Burning Pact","Intimidate"],"picked":"SKIP","floor":1.0},{"not_picked":["Havoc","Sentinel"],"picked":"Spot Weakness","floor":4.0},{"not_picked":["Hemokinesis","Bludgeon"],"picked":"Whirlwind","floor":7.0},{"not_picked":["True Grit","Flex"],"picked":"Twin Strike","floor":8.0},{"not_picked":["Pommel Strike","Body Slam"],"picked":"Twin Strike","floor":12.0},{"not_picked":["Warcry","Flex","Entrench"],"picked":"SKIP","floor":13.0},{"not_picked":["Burning Pact","Intimidate","Body Slam"],"picked":"SKIP","floor":14.0},{"not_picked":["Exhume","Impervious"],"picked":"Demon Form","floor":16.0},{"not_picked":["Flex","Clash+1"],"picked":"Metallicize","floor":18.0},{"not_picked":["Cleave","Iron Wave"],"picked":"Uppercut","floor":21.0},{"not_picked":["Heavy Blade","Clash"],"picked":"Rampage","floor":22}],"player_experience":350452,"relics_obtained":[{"floor":7.0,"key":"Centennial Puzzle"},{"floor":9.0,"key":"Omamori"},{"floor":12.0,"key":"Du-Vu Doll"}],"event_choices":[{"damage_healed":0.0,"max_hp_gain":0.0,"max_hp_loss":0.0,"gold_gain":0.0,"event_name":"FaceTrader","player_choice":"Trade","floor":2.0,"gold_loss":0.0,"damage_taken":0.0,"relics_obtained":["CultistMask"]},{"damage_healed":0.0,"max_hp_gain":0.0,"max_hp_loss":0.0,"gold_gain":0.0,"event_name":"The Woman in Blue","player_choice":"Bought 0 Potions","floor":5.0,"gold_loss":0.0,"damage_taken":0.0},{"damage_healed":0.0,"max_hp_gain":0.0,"max_hp_loss":0.0,"gold_gain":0.0,"event_name":"Purifier","player_choice":"Ignored","floor":20.0,"gold_loss":0.0,"damage_taken":0.0}],"is_beta":true,"boss_relics":[{"not_picked":["Runic Dome","Philosopher\u0027s Stone"],"picked":"Mark of Pain"}],"items_purged_floors":[],"is_endless":false,"potions_floor_spawned":[4,7,13,14,16],"killed_by":"Gremlin Leader","ascension_level":9}}