{"host":"y36bp6mnm73x3iob","time":1609952618,"event":{"mods":["2.2 Compatiblity","Aspiration","BaseMod","Downfall","GifTheSpireLib","Hermit","Hubris","Marisa????????","Minty Spire (QoL Compilation)","Replay The Spire","Retaliation","StSLib","Stuff the Spire","The Disciple","The Servant 0.9.4"],"gold_per_floor":[115,130,150,167,167,167,20,20,20,44,22,36,69,69,69,69,69],"floor_reached":16,"playtime":831,"items_purged":[],"score":100,"play_id":"5168ca7b-d324-49c5-ba8b-541d9316357a","local_time":"20210106190338","is_ascension_mode":false,"campfire_choices":[{"data":"LockedTurtyl","floor":6,"key":"SMITH"},{"data":"PatternShift","floor":8,"key":"SMITH"},{"data":"BeatsPerMinute","floor":15,"key":"SMITH"}],"circlet_count":0,"master_deck":["Allegro","Strike_Br","Strike_Br","Strike_Br","Strike_Br","Defend_Br","Defend_Br","Defend_Br","Defend_Br","SecondHand","PatternShift+1","HandsUpC","BlueShift","Chronoelasticity+1","LockedTurtyl+1","Looming Evil","BackFourSeconds+1","AlternateTimeline","BeatsPerMinute+1","HandsUpB","Decay"],"relics":["Chronometer","NeowsBlessing","Guide Book","WaitingRoom","Happy Flower","Turnip"],"acts_visited":["Exordium"],"potions_floor_usage":[16],"damage_taken":[{"damage":0,"enemies":"2 Louse","floor":1,"turns":2},{"damage":0,"enemies":"Cultist","floor":2,"turns":1},{"damage":0,"enemies":"Jaw Worm","floor":3,"turns":1},{"damage":6,"enemies":"3 Louse","floor":4,"turns":5},{"damage":15,"enemies":"Red Slaver","floor":12,"turns":6},{"damage":25,"enemies":"3 Sentries","floor":13,"turns":9},{"damage":44,"enemies":"The Guardian","floor":16,"turns":13}],"seed_played":"8661512771170641666","potions_obtained":[{"floor":1,"key":"LiquidMemories"},{"floor":13,"key":"Languid Potion"}],"is_trial":false,"path_per_floor":["M","M","M","M","?","R","$","R","T","T","$","M","E","?","R","B"],"character_chosen":"CHRONO_CLASS","items_purchased":["Guide Book","AlternateTimeline"],"campfire_rested":0,"item_purchase_floors":[7,11],"current_hp_per_floor":[65,65,65,59,59,59,59,59,59,59,59,50,34,34,34,0,0],"gold":69,"neow_bonus":"THREE_ENEMY_KILL","is_daily":false,"chose_seed":false,"campfire_upgraded":3,"win_rate":0.0,"timestamp":1609952618,"path_taken":["M","M","M","M","?","R","?","R","T","?","$","M","E","?","R","BOSS"],"items_purchased_type":["Relic","Card"],"build_version":"2020-12-22","purchased_purges":0,"victory":false,"max_hp_per_floor":[65,65,65,65,65,65,65,65,65,65,65,65,65,65,65,65,65],"card_choices":[{"not_picked":["LockedMawBank","LockedBlood"],"picked":"HandsUpC","floor":1},{"not_picked":["Stagnate","ShortSighted"],"picked":"BlueShift","floor":2},{"not_picked":["LockedAnchor","LockedScales"],"picked":"Chronoelasticity","floor":3},{"not_picked":["AlternateTimeline","LockedMedicine"],"picked":"LockedTurtyl","floor":4},{"not_picked":["LockedScales","WindUp"],"picked":"BeatsPerMinute","floor":12},{"not_picked":["LockedScales","BiteCommand"],"picked":"HandsUpB","floor":13}],"player_experience":406736,"relics_obtained":[{"floor":9,"key":"WaitingRoom"},{"floor":10,"key":"Happy Flower"},{"floor":13,"key":"Turnip"}],"event_choices":[{"damage_healed":0,"gold_gain":0,"player_choice":"2 cards matched","damage_taken":0,"max_hp_gain":0,"max_hp_loss":0,"event_name":"Match and Keep!","floor":5,"gold_loss":0,"cards_obtained":["Looming Evil","BackFourSeconds"]},{"damage_healed":0,"gold_gain":0,"player_choice":"Cursed","damage_taken":0,"max_hp_gain":0,"max_hp_loss":0,"event_name":"Wheel of Change","floor":14,"gold_loss":0,"cards_obtained":["Decay"]}],"is_beta":false,"boss_relics":[],"items_purged_floors":[],"is_endless":false,"potions_floor_spawned":[1,13],"killed_by":"The Guardian","ascension_level":0}}