{"host":"8zwct8k1efxci9za","time":1609898869,"event":{"mods":["AchievementEnabler","BaseMod","Better Vampires","Block Reminder","Colored Powertips","DeckTracker","Minty Spire (QoL Compilation)","Rare Cards Sparkle","Relic Sorter","StSLib","SuperFastMode"],"gold_per_floor":[116,116,116,134,144,172,172,191,191,202,220,170,190,155,155,155,155],"floor_reached":16,"playtime":829,"items_purged":[],"score":109,"play_id":"f1dd5dc7-28d6-4e31-88ab-c49df6ed4a6c","local_time":"20210106030749","is_ascension_mode":true,"campfire_choices":[{"data":"Poisoned Stab","floor":7,"key":"SMITH"},{"data":"Noxious Fumes","floor":15,"key":"SMITH"}],"circlet_count":0,"master_deck":["Strike_G","Strike_G","Strike_G","Defend_G","Defend_G","Defend_G","Defend_G","Survivor","Neutralize","Backflip","Flechettes","Poisoned Stab+1","Poisoned Stab","Poisoned Stab","Backflip","Noxious Fumes+1"],"relics":["Ring of the Snake","NeowsBlessing","Ice Cream","Pear"],"acts_visited":["Exordium"],"potions_floor_usage":[6,16],"damage_taken":[{"damage":0.0,"enemies":"2 Louse","floor":1.0,"turns":1.0},{"damage":0,"enemies":"Cultist","floor":4,"turns":1},{"damage":0,"enemies":"Small Slimes","floor":5,"turns":1},{"damage":30,"enemies":"Lagavulin","floor":6,"turns":8},{"damage":6,"enemies":"3 Louse","floor":8,"turns":3},{"damage":0,"enemies":"Large Slime","floor":10,"turns":4},{"damage":4,"enemies":"Gremlin Gang","floor":11,"turns":5},{"damage":4,"enemies":"Blue Slaver","floor":13,"turns":3},{"damage":33,"enemies":"Slime Boss","floor":16,"turns":8}],"seed_played":"-5273498949319434319","potions_obtained":[{"floor":1,"key":"EssenceOfSteel"},{"floor":5,"key":"AttackPotion"}],"is_trial":false,"path_per_floor":["M","?","?","M","M","E","R","M","T","M","M","?","M","?","R","B"],"character_chosen":"THE_SILENT","items_purchased":[],"campfire_rested":0,"item_purchase_floors":[],"current_hp_per_floor":[70,63,63,63,63,33,33,27,37,37,33,33,29,29,29,0,0],"gold":155,"neow_bonus":"THREE_ENEMY_KILL","is_daily":false,"chose_seed":false,"campfire_upgraded":2,"win_rate":0.0,"timestamp":1609898869,"path_taken":["M","?","?","?","M","E","R","M","T","M","M","?","M","?","R","BOSS"],"items_purchased_type":[],"build_version":"2020-12-22","purchased_purges":0,"victory":false,"max_hp_per_floor":[70,70,70,70,70,70,70,70,80,80,80,80,80,80,80,80,80],"card_choices":[{"not_picked":["Masterful Stab","Terror"],"picked":"Backflip","floor":1},{"not_picked":["Heel Hook","PiercingWail"],"picked":"Flechettes","floor":4},{"not_picked":["Sucker Punch","Outmaneuver"],"picked":"Poisoned Stab","floor":5},{"not_picked":["Phantasmal Killer","Blade Dance"],"picked":"Poisoned Stab","floor":6},{"not_picked":["Prepared","Leg Sweep"],"picked":"Poisoned Stab","floor":8},{"not_picked":["Flechettes","Dagger Throw"],"picked":"Backflip","floor":10},{"not_picked":["Dagger Spray","A Thousand Cuts"],"picked":"Noxious Fumes","floor":11},{"not_picked":["Reflex","Dagger Throw","Endless Agony"],"picked":"SKIP","floor":13}],"player_experience":93591,"relics_obtained":[{"floor":6,"key":"Ice Cream"},{"floor":9,"key":"Pear"}],"event_choices":[{"cards_removed":["Defend_G"],"damage_healed":0,"gold_gain":0,"player_choice":"Card Removal","damage_taken":7,"max_hp_gain":0,"max_hp_loss":0,"event_name":"Golden Wing","floor":2,"gold_loss":0},{"cards_removed":["Strike_G"],"damage_healed":0,"gold_gain":0,"player_choice":"Purged","damage_taken":0,"max_hp_gain":0,"max_hp_loss":0,"event_name":"Purifier","floor":3,"gold_loss":0},{"cards_removed":["Strike_G"],"damage_healed":0,"gold_gain":0,"player_choice":"Card Removal","damage_taken":0,"max_hp_gain":0,"max_hp_loss":0,"event_name":"The Cleric","floor":12,"gold_loss":50},{"damage_healed":0,"gold_gain":0,"player_choice":"Left Gold","damage_taken":0,"max_hp_gain":0,"max_hp_loss":0,"event_name":"World of Goop","floor":14,"gold_loss":35}],"is_beta":false,"boss_relics":[],"items_purged_floors":[],"is_endless":false,"potions_floor_spawned":[1,5],"killed_by":"Slime Boss","ascension_level":1}}