{"host":"yb8bkkdvr1qiclnk","time":1609915443,"event":{"mods":["BaseMod","Colored Map","Colored Powertips","DeckTracker","Faster Ascension Climbing","Highlight Path","Minty Spire (QoL Compilation)","Quick Restart","Relic Stats","UnlockEverythingMod"],"gold_per_floor":[118,98,109,123,123,123,136,10,55,55,73,88,88,88],"floor_reached":13,"playtime":5850,"items_purged":["Parasite"],"score":154,"play_id":"c1353387-07f4-4a4b-ba6b-1a6d7577b57b","local_time":"20210106014403","is_ascension_mode":true,"campfire_choices":[{"floor":6,"key":"RECALL"}],"circlet_count":0,"master_deck":["AscendersBane","Strike_B","Strike_B","Strike_B","Defend_B","Defend_B","Defend_B","Defend_B","Zap","Dualcast","Blizzard","White Noise","Genetic Algorithm","Self Repair","Steam","Hyperbeam","Auto Shields","Ball Lightning"],"relics":["Cracked Core","NeowsBlessing","Pen Nib"],"acts_visited":["Exordium"],"potions_floor_usage":[12,12,13],"damage_taken":[{"damage":0,"enemies":"Jaw Worm","floor":1,"turns":1},{"damage":0,"enemies":"Cultist","floor":3,"turns":1},{"damage":0,"enemies":"2 Louse","floor":4,"turns":1},{"damage":8,"enemies":"Red Slaver","floor":7,"turns":4},{"damage":2,"enemies":"Lots of Slimes","floor":11,"turns":2},{"damage":25,"enemies":"Large Slime","floor":12,"turns":8},{"damage":36,"enemies":"Gremlin Nob","floor":13,"turns":3}],"seed_played":"4482629208941741012","potions_obtained":[{"floor":1,"key":"SneckoOil"},{"floor":2,"key":"EssenceOfDarkness"},{"floor":12,"key":"Swift Potion"}],"is_trial":false,"path_per_floor":["M","?","M","M","?","R","M","$","T","?","M","M","E"],"character_chosen":"DEFECT","items_purchased":["Steam"],"campfire_rested":0,"item_purchase_floors":[8],"current_hp_per_floor":[64,64,64,64,64,64,56,56,56,56,54,36,0,0],"gold":88,"neow_bonus":"THREE_ENEMY_KILL","is_daily":false,"chose_seed":false,"campfire_upgraded":0,"win_rate":0.0,"timestamp":1609915443,"path_taken":["M","?","M","?","?","R","?","?","T","?","M","M","E"],"items_purchased_type":["Card"],"build_version":"2020-12-22","purchased_purges":1,"victory":false,"max_hp_per_floor":[71,71,71,71,71,71,71,68,68,68,68,68,68,68],"relic_stats":{"counters":[7,20],"Pen Nib":[0],"obtain_stats":[{"NeowsBlessing":0,"Pen Nib":9,"Cracked Core":0},{"NeowsBlessing":0,"Pen Nib":4,"Cracked Core":0},{"NeowsBlessing":0,"Pen Nib":7,"Cracked Core":0}]},"card_choices":[{"not_picked":["Ball Lightning","Coolheaded"],"picked":"Blizzard","floor":1},{"not_picked":["Conserve Battery","Beam Cell"],"picked":"White Noise","floor":3},{"not_picked":["Stack","Sweeping Beam"],"picked":"Genetic Algorithm","floor":4},{"not_picked":["Storm","Hello World"],"picked":"Self Repair","floor":7},{"not_picked":["Go for the Eyes","Gash"],"picked":"Auto Shields","floor":11},{"not_picked":["Genetic Algorithm","Doom and Gloom"],"picked":"Ball Lightning","floor":12}],"player_experience":23626,"relics_obtained":[{"floor":9,"key":"Pen Nib"}],"event_choices":[{"damage_healed":0,"gold_gain":0,"player_choice":"Bought 1 Potion","damage_taken":0,"max_hp_gain":0,"max_hp_loss":0,"event_name":"The Woman in Blue","floor":2,"gold_loss":0},{"damage_healed":0,"gold_gain":0,"player_choice":"1 cards matched","damage_taken":0,"max_hp_gain":0,"max_hp_loss":0,"event_name":"Match and Keep!","floor":5,"gold_loss":0,"cards_obtained":["Parasite"]},{"damage_healed":0,"gold_gain":0,"cards_transformed":["Strike_B"],"player_choice":"Transformed","damage_taken":0,"max_hp_gain":0,"max_hp_loss":0,"event_name":"Transmorgrifier","floor":10,"gold_loss":0,"cards_obtained":["Hyperbeam"]}],"is_beta":false,"boss_relics":[],"items_purged_floors":[8],"is_endless":false,"potions_floor_spawned":[1,12],"killed_by":"Gremlin Nob","ascension_level":20}}