{"host":"r53pw7z744tg3fxg","time":1609949654,"event":{"mods":["AchievementEnabler","BaseMod","Colored Map","Colored Powertips","Highlight Path","Minty Spire (QoL Compilation)","Quick Restart","Transform Curses"],"gold_per_floor":[119,147,147,171,189,224,245,245,245],"floor_reached":8,"playtime":383,"items_purged":[],"score":93,"play_id":"32bb14ee-347f-4e56-9bde-b1a353ab97dd","local_time":"20210106091414","is_ascension_mode":true,"campfire_choices":[],"circlet_count":0,"master_deck":["AscendersBane","Strike_P","Strike_P","Strike_P","Strike_P","Defend_P","Defend_P","Defend_P","Defend_P","Eruption","Vigilance","SashWhip","CarveReality","Evaluate","BowlingBash","Protect"],"relics":["PureWater","CeramicFish","Mummified Hand"],"acts_visited":["Exordium"],"potions_floor_usage":[8],"damage_taken":[{"damage":4.0,"enemies":"2 Louse","floor":1.0,"turns":4.0},{"damage":0.0,"enemies":"Small Slimes","floor":2.0,"turns":1.0},{"damage":0.0,"enemies":"Jaw Worm","floor":4.0,"turns":3.0},{"damage":18,"enemies":"Exordium Wildlife","floor":5,"turns":6},{"damage":30,"enemies":"Lagavulin","floor":6,"turns":4},{"damage":0,"enemies":"Large Slime","floor":7,"turns":4},{"damage":24,"enemies":"Gremlin Nob","floor":8,"turns":2}],"seed_played":"-890295427772403218","potions_obtained":[{"floor":1.0,"key":"SteroidPotion"},{"floor":6,"key":"EssenceOfSteel"}],"is_trial":false,"path_per_floor":["M","M","?","M","M","E","M","E"],"character_chosen":"WATCHER","items_purchased":[],"campfire_rested":0,"item_purchase_floors":[],"current_hp_per_floor":[61,61,61,61,43,13,13,0,0],"gold":245,"neow_bonus":"RANDOM_COMMON_RELIC","is_daily":false,"chose_seed":false,"campfire_upgraded":0,"win_rate":0.0,"timestamp":1609949654,"path_taken":["M","M","?","M","M","E","M","E"],"items_purchased_type":[],"build_version":"2020-12-22","purchased_purges":0,"victory":false,"max_hp_per_floor":[72,72,72,72,72,72,72,72,72],"card_choices":[{"not_picked":["CrushJoints","Study"],"picked":"SashWhip","floor":1.0},{"not_picked":["Halt","EmptyFist"],"picked":"CarveReality","floor":2.0},{"not_picked":["Crescendo","Collect"],"picked":"Evaluate","floor":4.0},{"not_picked":["CarveReality","Evaluate","Protect"],"picked":"SKIP","floor":5},{"not_picked":["CutThroughFate","JustLucky"],"picked":"BowlingBash","floor":6},{"not_picked":["JustLucky","Pray"],"picked":"Protect","floor":7}],"player_experience":1207805,"relics_obtained":[{"floor":6,"key":"Mummified Hand"}],"event_choices":[{"damage_healed":0.0,"max_hp_gain":0.0,"max_hp_loss":0.0,"gold_gain":0.0,"event_name":"The Cleric","player_choice":"Leave","floor":3.0,"gold_loss":0.0,"damage_taken":0.0}],"is_beta":false,"boss_relics":[],"items_purged_floors":[],"is_endless":false,"potions_floor_spawned":[1,6],"killed_by":"Gremlin Nob","ascension_level":11}}