{"host":"naykp6d9ulahlwib","time":1609909083,"event":{"mods":["BaseMod","Highlight Path","Minty Spire (QoL Compilation)","Shop Mod","StSLib","The Cursed"],"gold_per_floor":[119,129,4,4,20,20,31,62,62,62,62,75,75,75,75,179,179,189,114,126,126,138,138,151,177,177,177,16,16,16,35,35,136,136,148,148,159,173,193,226,253,36,36,36,54,104,104,48,48,48],"floor_reached":51,"playtime":6679,"items_purged":["TheCursedMod:Defend_TheCursed"],"score":765,"play_id":"25afdb68-01f5-4dc7-a920-fbe31ca57bfb","local_time":"20210105225803","is_ascension_mode":true,"campfire_choices":[{"data":"TheCursedMod:ForbiddenAlchemy","floor":6.0,"key":"SMITH"},{"data":"TheCursedMod:CleanUpWorkshop","floor":10.0,"key":"SMITH"},{"floor":13.0,"key":"REST"},{"data":"TheCursedMod:LuckyCharm","floor":15.0,"key":"SMITH"},{"floor":23.0,"key":"REST"},{"data":"TheCursedMod:VoidForm","floor":27.0,"key":"SMITH"},{"data":"TheCursedMod:DemonicPact","floor":29.0,"key":"SMITH"},{"floor":32.0,"key":"REST"},{"data":"TheCursedMod:NeowsMight","floor":44.0,"key":"SMITH"},{"data":"TheCursedMod:SpitefulPlan","floor":47.0,"key":"SMITH"},{"data":"TheCursedMod:NeowsMight","floor":49.0,"key":"SMITH"}],"circlet_count":0,"master_deck":["TheCursedMod:Strike_TheCursed","TheCursedMod:Strike_TheCursed","TheCursedMod:Strike_TheCursed","TheCursedMod:Defend_TheCursed","TheCursedMod:Defend_TheCursed","TheCursedMod:Defend_TheCursed","TheCursedMod:CursedWand","TheCursedMod:CleanUpWorkshop+1","TheCursedMod:Dregs","TheCursedMod:VoidForm+1","TheCursedMod:CursedAmulet","TheCursedMod:CursedBlade","TheCursedMod:LuckyCharm+1","TheCursedMod:SmokeScreen","TheCursedMod:ForbiddenAlchemy+1","TheCursedMod:Obscuration","TheCursedMod:DarkBarrier+1","TheCursedMod:SurpriseAttack+1","TheCursedMod:BloodBarrier+1","TheCursedMod:AbyssShockwave","TheCursedMod:DemonicPact+1","TheCursedMod:NeowsMight+1","TheCursedMod:CollectTribute","TheCursedMod:LuckyCharm+1","TheCursedMod:RapidMovement+1","TheCursedMod:SpitefulPlan+1","TheCursedMod:ManaBullet","TheCursedMod:NeowsMight+1"],"relics":["TheCursedMod:BlackMagicAdvanced","Pear","Girya","Unceasing Top","Philosopher\u0027s Stone","Gremlin Horn","TheCursedMod:SoulVessel","Bottled Lightning","Oddly Smooth Stone","Ornamental Fan","Shovel","Ginger"],"acts_visited":["Exordium","TheCity","TheBeyond"],"potions_floor_usage":[50,50,50,50,50,50,50],"damage_taken":[{"damage":0.0,"enemies":"Cultist","floor":1.0,"turns":4.0},{"damage":8.0,"enemies":"Jaw Worm","floor":2.0,"turns":4.0},{"damage":4.0,"enemies":"2 Louse","floor":5.0,"turns":3.0},{"damage":14.0,"enemies":"Red Slaver","floor":7.0,"turns":6.0},{"damage":2.0,"enemies":"Lagavulin","floor":8.0,"turns":9.0},{"damage":2.0,"enemies":"2 Fungi Beasts","floor":12.0,"turns":6.0},{"damage":1.0,"enemies":"Slime Boss","floor":16.0,"turns":11.0},{"damage":14.0,"enemies":"Chosen","floor":18.0,"turns":10.0},{"damage":26.0,"enemies":"3 Byrds","floor":20.0,"turns":6.0},{"damage":0.0,"enemies":"3 Cultists","floor":22.0,"turns":6.0},{"damage":8.0,"enemies":"Centurion and Healer","floor":24.0,"turns":14.0},{"damage":7.0,"enemies":"Gremlin Leader","floor":25.0,"turns":8.0},{"damage":17.0,"enemies":"Shelled Parasite and Fungi","floor":31.0,"turns":6.0},{"damage":11.0,"enemies":"Automaton","floor":33.0,"turns":8.0},{"damage":4.0,"enemies":"3 Darklings","floor":35.0,"turns":5.0},{"damage":3.0,"enemies":"Orb Walker","floor":37.0,"turns":6.0},{"damage":12.0,"enemies":"Jaw Worm Horde","floor":38.0,"turns":5.0},{"damage":16.0,"enemies":"Sphere and 2 Shapes","floor":39.0,"turns":6.0},{"damage":29.0,"enemies":"Nemesis","floor":40.0,"turns":9.0},{"damage":2.0,"enemies":"4 Shapes","floor":45.0,"turns":3.0},{"damage":1.0,"enemies":"Mind Bloom Boss Battle","floor":46.0,"turns":6.0},{"damage":0,"enemies":"Awakened One","floor":50,"turns":8}],"seed_played":"-8026126391648713918","potions_obtained":[{"floor":1.0,"key":"TheCursedMod:DregsPotion"},{"floor":8.0,"key":"Fire Potion"},{"floor":12.0,"key":"DuplicationPotion"},{"floor":20.0,"key":"GamblersBrew"},{"floor":25.0,"key":"GamblersBrew"},{"floor":35.0,"key":"Swift Potion"},{"floor":38.0,"key":"Block Potion"},{"floor":45.0,"key":"Swift Potion"}],"is_trial":false,"path_per_floor":["M","M","$","?","M","R","M","E","T","R","?","M","R","T","R","B",null,"M","?","M","?","M","R","M","E","T","R","$","R","$","M","R","B",null,"M","?","M","M","M","E","T","$","T","R","M","?","R","?","R","B",null],"character_chosen":"THE_CURSED","items_purchased":["TheCursedMod:LuckyCharm","TheCursedMod:SmokeScreen","TheCursedMod:DemonicPact","TheCursedMod:SpitefulPlan","TheCursedMod:ManaBullet"],"campfire_rested":3,"item_purchase_floors":[3,3,28,42,42],"current_hp_per_floor":[68,60,60,70,66,66,52,50,50,50,43,41,64,64,64,63,78,64,64,38,38,38,61,53,46,46,46,46,46,46,36,59,54,78,78,78,78,71,63,59,59,59,59,59,62,69,69,69,69,78],"gold":48,"neow_bonus":"THREE_RARE_CARDS","is_daily":false,"chose_seed":false,"campfire_upgraded":8,"win_rate":0.0,"timestamp":1609909083,"path_taken":["M","M","$","?","M","R","M","E","T","R","?","M","R","?","R","BOSS","M","?","M","?","M","R","?","E","T","R","$","R","$","M","R","BOSS","M","?","M","M","?","E","?","$","T","R","M","?","R","?","R","BOSS"],"items_purchased_type":["Card","Card","Card","Card","Card"],"build_version":"2020-12-22","purchased_purges":1,"victory":true,"max_hp_per_floor":[68,68,68,78,78,78,78,78,78,78,78,78,78,78,78,78,78,78,78,78,78,78,78,78,78,78,78,78,78,78,78,78,78,78,78,78,78,78,78,78,78,78,78,78,78,78,78,78,78,78],"card_choices":[{"not_picked":["TheCursedMod:ShockAndAwe","TheCursedMod:ParallelWorld"],"picked":"TheCursedMod:VoidForm","floor":0.0},{"not_picked":["TheCursedMod:ReleasedKnowledge","TheCursedMod:Grudge"],"picked":"TheCursedMod:CursedAmulet","floor":1.0},{"not_picked":["TheCursedMod:CursedAmulet","TheCursedMod:VitalStrike"],"picked":"TheCursedMod:CursedBlade","floor":2.0},{"not_picked":["TheCursedMod:VitalStrike","TheCursedMod:Stigma"],"picked":"TheCursedMod:ForbiddenAlchemy","floor":5.0},{"not_picked":["TheCursedMod:WearCloak","TheCursedMod:RavingStaff"],"picked":"TheCursedMod:Obscuration","floor":7.0},{"not_picked":["TheCursedMod:Hemoplague","TheCursedMod:CircleOfAmplification","TheCursedMod:Mangle"],"picked":"SKIP","floor":8.0},{"not_picked":["TheCursedMod:CursedStaff","TheCursedMod:SaltUponWound","TheCursedMod:Mangle"],"picked":"SKIP","floor":12.0},{"not_picked":["TheCursedMod:ForbiddenAlchemy","TheCursedMod:VoidForm"],"picked":"TheCursedMod:DarkBarrier","floor":16.0},{"not_picked":["TheCursedMod:Obscuration+1","TheCursedMod:CircleOfWindfury","TheCursedMod:WearCloak"],"picked":"SKIP","floor":18.0},{"not_picked":["TheCursedMod:CircleOfFlame","TheCursedMod:SpitefulPray"],"picked":"TheCursedMod:SurpriseAttack+1","floor":20.0},{"not_picked":["TheCursedMod:Obscuration+1","TheCursedMod:Stretching"],"picked":"TheCursedMod:BloodBarrier+1","floor":22.0},{"not_picked":["TheCursedMod:Stretching","TheCursedMod:CircleOfCorruption","TheCursedMod:CircleOfAmplification"],"picked":"SKIP","floor":24.0},{"not_picked":["TheCursedMod:BloodBarrier","TheCursedMod:CursedStaff"],"picked":"TheCursedMod:AbyssShockwave","floor":25.0},{"not_picked":["TheCursedMod:CircleOfAmplification+1","TheCursedMod:WearCloak"],"picked":"TheCursedMod:NeowsMight","floor":31.0},{"not_picked":["TheCursedMod:OutForBlood","TheCursedMod:VoidForm"],"picked":"TheCursedMod:CollectTribute","floor":33.0},{"not_picked":["TheCursedMod:StingEye","TheCursedMod:RavingStaff","TheCursedMod:CircleOfCorruption"],"picked":"SKIP","floor":35.0},{"not_picked":["TheCursedMod:VitalStrike+1","TheCursedMod:HellsGateOpen","TheCursedMod:CircleOfFlame"],"picked":"SKIP","floor":37.0},{"not_picked":["TheCursedMod:VitalStrike+1","TheCursedMod:HellsGateOpen","TheCursedMod:CircleOfFlame"],"picked":"SKIP","floor":37.0},{"not_picked":["TheCursedMod:Torture+1","TheCursedMod:DemonSword"],"picked":"TheCursedMod:RapidMovement+1","floor":38.0},{"not_picked":["TheCursedMod:RavingStaff+1","TheCursedMod:CursedShiv+1","TheCursedMod:SaltUponWound+1"],"picked":"SKIP","floor":39.0},{"not_picked":["TheCursedMod:CursedShiv+1","TheCursedMod:Wield+1","TheCursedMod:RavingStaff"],"picked":"SKIP","floor":40.0},{"not_picked":["TheCursedMod:VitalStrike","TheCursedMod:CircleOfFlame+1","TheCursedMod:CursedShiv+1"],"picked":"SKIP","floor":45.0},{"not_picked":["TheCursedMod:RavingStaff","TheCursedMod:ManaBullet"],"picked":"TheCursedMod:NeowsMight","floor":46.0}],"player_experience":1038977,"relics_obtained":[{"floor":8.0,"key":"Girya"},{"floor":14.0,"key":"Unceasing Top"},{"floor":25.0,"key":"Gremlin Horn"},{"floor":26.0,"key":"TheCursedMod:SoulVessel"},{"floor":40.0,"key":"Bottled Lightning"},{"floor":41.0,"key":"Oddly Smooth Stone"},{"floor":43.0,"key":"Ornamental Fan"},{"floor":46.0,"key":"Shovel"}],"event_choices":[{"damage_healed":0.0,"max_hp_gain":0.0,"max_hp_loss":0.0,"gold_gain":0.0,"event_name":"Big Fish","player_choice":"Box","floor":4.0,"gold_loss":0.0,"damage_taken":0.0,"relics_obtained":["Pear"],"cards_obtained":["Regret"]},{"cards_removed":["Regret"],"damage_healed":0.0,"max_hp_gain":0.0,"max_hp_loss":0.0,"gold_gain":0.0,"event_name":"Golden Wing","player_choice":"Card Removal","floor":11.0,"gold_loss":0.0,"damage_taken":7.0},{"cards_removed":["TheCursedMod:Strike_TheCursed"],"damage_healed":0.0,"max_hp_gain":0.0,"max_hp_loss":0.0,"gold_gain":0.0,"event_name":"Beggar","player_choice":"Gave Gold","floor":19.0,"gold_loss":75.0,"damage_taken":0.0},{"damage_healed":0.0,"max_hp_gain":0.0,"max_hp_loss":0.0,"gold_gain":0.0,"event_name":"Upgrade Shrine","player_choice":"Upgraded","floor":21.0,"gold_loss":0.0,"damage_taken":0.0,"cards_upgraded":["TheCursedMod:DarkBarrier"]},{"damage_healed":0.0,"max_hp_gain":0.0,"max_hp_loss":0.0,"gold_gain":0.0,"event_name":"Duplicator","player_choice":"Copied","floor":36.0,"gold_loss":0.0,"damage_taken":0.0,"cards_obtained":["TheCursedMod:LuckyCharm"]},{"damage_healed":0.0,"max_hp_gain":0.0,"max_hp_loss":0.0,"gold_gain":0.0,"event_name":"MindBloom","player_choice":"Fight","floor":46.0,"gold_loss":0.0,"damage_taken":0.0},{"damage_healed":0.0,"max_hp_gain":0.0,"max_hp_loss":0.0,"gold_gain":0.0,"event_name":"WeMeetAgain","player_choice":"Paid Gold","floor":48.0,"gold_loss":56.0,"damage_taken":0.0,"relics_obtained":["Ginger"]}],"is_beta":false,"boss_relics":[{"not_picked":["Velvet Choker","Busted Crown"],"picked":"Philosopher\u0027s Stone"},{"not_picked":["Runic Dome","Runic Pyramid"],"picked":"TheCursedMod:BlackMagicAdvanced"}],"items_purged_floors":[42],"is_endless":false,"potions_floor_spawned":[1,8,12,20,22,25,35,38,45],"ascension_level":2}}