{"host":"jh3le8zafogi7i0y","time":1609918816,"event":{"mods":["AchievementEnabler","Act Like it!","Aspiration","Astrologer","BaseMod","BetterRewards","Block Reminder","Colored Map","Colored Powertips","Conspire","Downfall","Duelist Mod","Friendly Minions","GungeonMod","Halation","Hallownest","Highlight Path","Hubris","Infinite Spire","Jorbs\u0027s Wanderer Trilogy","Lobotomy","Minty Spire (QoL Compilation)","Rare Cards Sparkle","Replay The Spire","SOS???????","Shop Mod","StSLib","Synergy Search","The Administrix","The Animator","The Blue Laboratory","The Death Knight","The Jungle","The Kombatant","The Runesmith","[IsaacMod]????","vexMod"],"gold_per_floor":[119,94,94,132,145,145,157,157,157,140,151,151,184,203,203,303,303,320,320,337,337,337,337,354,372,372,372,388,399,410,426,447,447,447,543,543,560,560,586,618,203,203,118,154,154,154,168,45,64,81,81,81],"floor_reached":53,"playtime":6189,"items_purged":["DemoMod:Strike_Huntress","DemoMod:Strike_Huntress","DemoMod:Strike_Huntress","DemoMod:AbyssalTentacle","DemoMod:TeaPot+1"],"score":618,"play_id":"d9140621-283f-442d-81c8-7e841caa99c5","local_time":"20210106144016","is_ascension_mode":false,"campfire_choices":[{"data":"DemoMod:ManualReload","floor":6,"key":"SMITH"},{"data":"DemoMod:HuntsMan","floor":8,"key":"SMITH"},{"data":"DemoMod:BlackHoleGun","floor":12,"key":"SMITH"},{"data":"DemoMod:Unity","floor":15,"key":"SMITH"},{"data":"DemoMod:CursedBullets","floor":23,"key":"SMITH"},{"data":"DemoMod:HardPowerCard","floor":27,"key":"SMITH"},{"data":"DemoMod:CursedBullets","floor":33,"key":"SMITH"},{"data":"DemoMod:ConditionalReflex","floor":42,"key":"SMITH"},{"data":"Hallownest:skillKingdomsEdgeMap","floor":46,"key":"SMITH"},{"data":"DemoMod:ConditionalReflex","floor":51,"key":"SMITH"}],"circlet_count":0,"master_deck":["DemoMod:Defend_Huntress","DemoMod:Defend_Huntress","DemoMod:Defend_Huntress","DemoMod:Roll","DemoMod:ManualReload+1","DemoMod:Unmoved","DemoMod:HardPowerCard+1","DemoMod:DoubleSwitch","DemoMod:HuntsMan+1","Bandage Up","DemoMod:CursedBullets+1","DemoMod:BlackHoleGun+1","DemoMod:Unity+1","DemoMod:BulletBore","DemoMod:MachoBrace","Apotheosis+1","DemoMod:GunslingerForm+1","DemoMod:BoxingGlove+1","DemoMod:SuppressiveFire","DemoMod:SniperShot+1","DemoMod:HardPowerCard","DemoMod:PotionOfGunFriendShip+1","DemoMod:CursedBullets+1","DemoMod:Elimentaler","DemoMod:Elimentaler","DemoMod:HighKaliber+1","DemoMod:SniperShot","DemoMod:ConditionalReflex+1","DemoMod:HardPowerCard","Panache","Hallownest:skillKingdomsEdgeMap+1","DemoMod:Elimentaler","DemoMod:FastSwitch+1","DemoMod:ConditionalReflex+1","DemoMod:FastSwitch+1"],"relics":["DemoMod:Dog","HushsDoor","SteamSale","Cracked Core","Pocketwatch","MerchantsRug","Pantograph","Eternal Feather","conspire:BottledYoYo","DemoMod:RatBoots","DemoMod:ResourcefulSack","DemoMod:PartiallyEatenCheese","Coffee Dripper","ReplayTheSpireMod:TigerMarble","hubris:SphereOfDissonance","OrangePellets","Toy Ornithopter","halation:BottledLove","DeathBook","hubris:SlimyHat","DemoMod:GlassGuonStoneRelic"],"acts_visited":["Exordium","Exordium","theJungle:Jungle","DemoMod:Maze"],"potions_floor_usage":[13,16,16,24,28,35,35],"damage_taken":[{"damage":0,"enemies":"Jaw Worm","floor":1,"turns":3},{"damage":0,"enemies":"conspire:RoseBush","floor":4,"turns":3},{"damage":0,"enemies":"2 Louse","floor":5,"turns":2},{"damage":4,"enemies":"Red Slaver","floor":7,"turns":3},{"damage":20,"enemies":"Gremlin Gang","floor":11,"turns":5},{"damage":0,"enemies":"Lagavulin","floor":13,"turns":6},{"damage":0,"enemies":"Lots of Slimes","floor":14,"turns":2},{"damage":2,"enemies":"Hexaghost","floor":16,"turns":7},{"damage":8,"enemies":"theJungle:5_Spyders","floor":18,"turns":6},{"damage":0,"enemies":"theJungle:MUSHROOMGANG","floor":20,"turns":3},{"damage":10,"enemies":"theJungle:2_Flameangoes","floor":24,"turns":4},{"damage":3,"enemies":"theJungle:SlimyTreeVines","floor":25,"turns":4},{"damage":7,"enemies":"DemoMod:Red_and_blue_shotgun_kin","floor":28,"turns":4},{"damage":0,"enemies":"DemoMod:4_Bullet_Kins","floor":29,"turns":3},{"damage":10,"enemies":"DemoMod:Veteran_shot_gun_kin_and_blue_shotgun_kin_with_gunsinger","floor":30,"turns":3},{"damage":0,"enemies":"DemoMod:Red_and_blue_shotgun_kin_with_gunsinger","floor":31,"turns":4},{"damage":9,"enemies":"DemoMod:2_Mousers","floor":32,"turns":4},{"damage":52,"enemies":"DemoMod:ResourcefulRat","floor":35,"turns":10},{"damage":20,"enemies":"Hallownest:Shield_Heavy","floor":37,"turns":4},{"damage":0,"enemies":"Hallownest:2_Littles","floor":40,"turns":3},{"damage":0,"enemies":"Hallownest:eliteHiveKnight","floor":44,"turns":1},{"damage":39,"enemies":"Hallownest:2_Littles","floor":47,"turns":5},{"damage":0,"enemies":"Hallownest:2_Great","floor":49,"turns":5},{"damage":15,"enemies":"Hallownest:monsterPrimalAspid","floor":50,"turns":2},{"damage":0,"enemies":"Hallownest:Radiance","floor":52,"turns":7}],"seed_played":"-5407980742107522777","potions_obtained":[{"floor":5,"key":"Regen Potion"},{"floor":11,"key":"AttackPotion"},{"floor":14,"key":"SteroidPotion"},{"floor":16,"key":"blueLaboratory:BottleOfVodka"},{"floor":20,"key":"SkillPotion"},{"floor":31,"key":"DeathKnight:RimePotion"},{"floor":32,"key":"blueLaboratory:CorrosionFlask"}],"is_trial":false,"path_per_floor":["M","?","?","M","M","R","M","R","T","$","M","R","E","M","R","B",null,"M","T","M","T","AVR","R","M","M","T","R","M","M","M","M","M","R","B","B",null,"M","?","T","?","$","R","?","E","T","R","M","$","M","M","R","B",null],"character_chosen":"HUNTRESS","items_purchased":["DemoMod:GnawedKey","aspiration:Nostalgia","DemoMod:Unmoved","DemoMod:AbyssalTentacle","DemoMod:TeaPot+1","MerchantsRug","Tiny Chest","Bandage Up","DemoMod:CursedBullets","Strength Potion","SpeedPotion","DemoMod:ConditionalReflex","DemoMod:HardPowerCard","OrangePellets","Toy Ornithopter","halation:BottledLove","Panache","DemoMod:ConditionalReflex","blueLaboratory:LouseDecoction","hubris:SlimyHat"],"campfire_rested":0,"item_purchase_floors":[0,0,0,0,0,0,0,10,10,41,41,41,41,41,41,41,41,48,48,48],"current_hp_per_floor":[70,70,70,70,70,70,66,66,66,66,50,50,69,70,70,68,70,66,66,66,66,66,70,64,67,70,70,69,70,60,64,59,70,50,22,70,50,50,50,50,50,68,68,68,68,70,35,35,41,26,47,70],"gold":81,"neow_bonus":"","is_daily":false,"chose_seed":false,"campfire_upgraded":10,"win_rate":0.0,"timestamp":1609918816,"path_taken":["M","?","?","M","M","R","M","R","T","$","M","R","E","?","R","BOSS","M","?","?","?","AVR","R","M","M","T","R","M","M","M","M","M","R","BOSS","BOSS","M","?","?","?","$","R","?","E","T","R","M","$","M","M","R","BOSS"],"items_purchased_type":["Relic","Relic","Card","Card","Card","Relic","Relic","Card","Card","Potion","Potion","Card","Card","Relic","Relic","Relic","Card","Card","Potion","Relic"],"build_version":"2020-12-22","purchased_purges":5,"victory":true,"max_hp_per_floor":[70,70,70,70,70,70,70,70,70,70,70,70,70,70,70,70,70,70,70,70,70,70,70,70,70,70,70,70,70,70,70,70,70,70,70,70,70,70,70,70,70,70,70,70,70,70,70,70,70,70,70,70],"card_choices":[{"not_picked":[],"picked":"DoctorFetus","floor":0},{"not_picked":["DemoMod:GunstockTap","DemoMod:JK47"],"picked":"DemoMod:HardPowerCard","floor":1},{"not_picked":["DemoMod:GunShield","DemoMod:RadGun"],"picked":"DemoMod:DoubleSwitch","floor":4},{"not_picked":["DemoMod:AC15","DemoMod:HungryBullets","DemoMod:DoubleSwitch"],"picked":"SKIP","floor":5},{"not_picked":["DemoMod:Camera","DemoMod:JK47"],"picked":"DemoMod:HuntsMan","floor":7},{"not_picked":["DemoMod:ZorGun","DemoMod:JK47"],"picked":"DemoMod:BlackHoleGun","floor":11},{"not_picked":["DemoMod:Rummage","DemoMod:GunShield","DemoMod:DoubleSwitch"],"picked":"SKIP","floor":13},{"not_picked":["DemoMod:EasyReloadBullets","DemoMod:AC15"],"picked":"DemoMod:Unity","floor":14},{"not_picked":["DemoMod:ThirdPartyController","DemoMod:FightSabre"],"picked":"DemoMod:BulletBore","floor":16},{"not_picked":["DemoMod:HighKaliber","DemoMod:CombinedRifle"],"picked":"DemoMod:MachoBrace","floor":18},{"not_picked":["DemoMod:HuntsMan","DemoMod:StickyCrossBow","DemoMod:Camera"],"picked":"SKIP","floor":20},{"not_picked":["DemoMod:GunslingerForm","DemoMod:SAA","DemoMod:Unmoved"],"picked":"SKIP","floor":24},{"not_picked":["DemoMod:Unmoved","DemoMod:CombinedRifle","DemoMod:StickyCrossBow"],"picked":"SKIP","floor":25},{"not_picked":["DemoMod:GunstockTap","DemoMod:FastSwitch","DemoMod:JK47"],"picked":"SKIP","floor":28},{"not_picked":["DemoMod:AbyssalTentacle","DemoMod:SAA"],"picked":"DemoMod:SuppressiveFire","floor":29},{"not_picked":["DemoMod:PotionOfGunFriendShip+1","DemoMod:StickyCrossBow+1"],"picked":"DemoMod:SniperShot+1","floor":30},{"not_picked":["DemoMod:Purify","DemoMod:ProbeStrike"],"picked":"DemoMod:HardPowerCard","floor":30},{"not_picked":["DemoMod:TableSutra+1","DemoMod:BattleInHaste"],"picked":"DemoMod:PotionOfGunFriendShip+1","floor":31},{"not_picked":["DemoMod:StickyCrossBow","DemoMod:SAA+1"],"picked":"DemoMod:CursedBullets","floor":32},{"not_picked":[],"picked":"DemoMod:Elimentaler","floor":35},{"not_picked":["DemoMod:Eureka","DemoMod:BlackHoleGun"],"picked":"DemoMod:Elimentaler","floor":35},{"not_picked":["DemoMod:CombinedRifle+1","DemoMod:Evolver"],"picked":"DemoMod:HighKaliber+1","floor":36},{"not_picked":["DemoMod:Ejector","DemoMod:EasyReloadBullets","DemoMod:Rummage+1"],"picked":"SKIP","floor":37},{"not_picked":["DemoMod:CombinedRifle","DemoMod:Unmoved"],"picked":"DemoMod:SniperShot","floor":40},{"not_picked":["DemoMod:StickyCrossBow+1","DemoMod:TeaPot+1"],"picked":"DemoMod:Elimentaler","floor":44},{"not_picked":["DemoMod:PotionOfGunFriendShip+1","DemoMod:ConditionalReflex"],"picked":"DemoMod:FastSwitch+1","floor":47},{"not_picked":["DemoMod:BattleInHaste","DemoMod:PotionOfGunFriendShip+1"],"picked":"DemoMod:FastSwitch+1","floor":49},{"not_picked":["DemoMod:CombinedRifle","DemoMod:TripleGun+1","DemoMod:Unmoved+1"],"picked":"SKIP","floor":50}],"player_experience":214788,"relics_obtained":[{"floor":9,"key":"halation:WeightlessCrab"},{"floor":13,"key":"Pantograph"},{"floor":19,"key":"Eternal Feather"},{"floor":21,"key":"conspire:BottledYoYo"},{"floor":36,"key":"DemoMod:RatBoots"},{"floor":36,"key":"DemoMod:ResourcefulSack"},{"floor":36,"key":"DemoMod:PartiallyEatenCheese"},{"floor":36,"key":"Coffee Dripper"},{"floor":39,"key":"ReplayTheSpireMod:TigerMarble"},{"floor":40,"key":"hubris:SphereOfDissonance"},{"floor":44,"key":"Void"},{"floor":45,"key":"DeathBook"}],"event_choices":[],"is_beta":false,"boss_relics":[{"not_picked":["halation:MonkeysPaw","Replay:Wanted Poster","Snecko Eye"]},{"not_picked":["halation:MonkeysPaw","Replay:Wanted Poster","Snecko Eye"]}],"items_purged_floors":[0,10,22,41,48],"is_endless":false,"potions_floor_spawned":[5,11,14,16,20,31,32,50],"ascension_level":0}}