{"host":"Ceyx","time":1609907490,"event":{"mods":["BaseMod","Beaked The Cultist","BetterRewards","Conspire","Downfall","Hermit","Lobotomy","Minty Spire (QoL Compilation)","Shop Mod","StSLib","The Jungle","The Poker Player"],"gold_per_floor":[117,137,312,331,342,342,375,375,424,424,452,465,497,514,514,612,612,612,612,612],"floor_reached":18,"playtime":1464,"items_purged":[],"score":217,"play_id":"5fa9f514-9e8a-4aa4-9d08-5d4165073556","local_time":"20210106113130","is_ascension_mode":true,"metric_token":786,"campfire_choices":[{"data":"PokerPlayerMod:TrumpStrike","floor":6,"key":"SMITH"},{"data":"PokerPlayerMod:JackOfSpades","floor":15,"key":"SMITH"}],"circlet_count":0,"master_deck":["PokerPlayerMod:Diamond1","PokerPlayerMod:Diamond2","PokerPlayerMod:Diamond3","PokerPlayerMod:Diamond4","PokerPlayerMod:Diamond5","PokerPlayerMod:Spade1","PokerPlayerMod:Spade2","PokerPlayerMod:Spade3","PokerPlayerMod:Spade4","PokerPlayerMod:Club1","PokerPlayerMod:Club2","PokerPlayerMod:Heart2","PokerPlayerMod:TrumpStrike+1","PokerPlayerMod:BadJoker","PokerPlayerMod:Mulligan","PokerPlayerMod:DiamondStrike","Doubt","PokerPlayerMod:DiamondStrike","PokerPlayerMod:CardBurn","PokerPlayerMod:CardBurn","PokerPlayerMod:Diamond6","PokerPlayerMod:Diamond3","PokerPlayerMod:DiamondStrike","PokerPlayerMod:JackOfSpades+1","PokerPlayerMod:Diamond7"],"relics":["PokerPlayerMod:DeckCase","Ancient Tea Set","conspire:Flyswatter","PreservedInsect","PokerPlayerMod:Splitter","GremlinMask","Pantograph","Bronze Scales","PokerPlayerMod:AceCard"],"acts_visited":["Exordium","TheCity"],"potions_floor_usage":[11,13,13,16],"damage_taken":[{"damage":0,"enemies":"2 Louse","floor":1,"turns":1},{"damage":7,"enemies":"Small Slimes","floor":2,"turns":2},{"damage":5,"enemies":"Cultist","floor":4,"turns":3},{"damage":8,"enemies":"Lots of Slimes","floor":5,"turns":3},{"damage":15,"enemies":"3 Sentries","floor":7,"turns":6},{"damage":0,"enemies":"Lagavulin","floor":11,"turns":2},{"damage":0,"enemies":"3 Louse","floor":12,"turns":2},{"damage":3,"enemies":"3 Sentries","floor":13,"turns":3},{"damage":0,"enemies":"Gremlin Gang","floor":14,"turns":2},{"damage":6,"enemies":"Hexaghost","floor":16,"turns":6},{"damage":9,"enemies":"conspire:FuzzyDice","floor":18,"turns":2}],"seed_played":"-1825808104413630660","potions_obtained":[{"floor":2,"key":"Block Potion"},{"floor":4,"key":"FearPotion"},{"floor":12,"key":"SkillPotion"},{"floor":13,"key":"CultistPotion"}],"is_trial":false,"path_per_floor":["M","M","?","M","M","R","E","?","T","?","E","M","E","M","R","B",null,"M"],"character_chosen":"THE_POKER_PLAYER","items_purchased":[],"campfire_rested":0,"item_purchase_floors":[],"current_hp_per_floor":[52,48,48,45,37,37,25,7,7,7,9,15,14,16,16,39,52,43,43,43],"gold":612,"neow_bonus":"RANDOM_COMMON_RELIC","is_daily":false,"chose_seed":false,"campfire_upgraded":2,"win_rate":0.0,"timestamp":1609907490,"path_taken":["M","M","?","M","M","R","E","?","T","?","E","?","E","M","R","BOSS","M"],"items_purchased_type":[],"build_version":"2020-12-18","purchased_purges":0,"victory":false,"max_hp_per_floor":[52,52,52,52,52,52,52,52,52,52,52,52,52,52,52,52,52,52,52,52],"card_choices":[{"not_picked":["PokerPlayerMod:CardBurn","PokerPlayerMod:Raise"],"picked":"PokerPlayerMod:DiamondStrike","floor":1},{"not_picked":["PokerPlayerMod:Heart2","PokerPlayerMod:Diamond2","PokerPlayerMod:HiddenCard"],"picked":"SKIP","floor":2},{"not_picked":["PokerPlayerMod:Diamond4","PokerPlayerMod:FlyingCard"],"picked":"PokerPlayerMod:DiamondStrike","floor":4},{"not_picked":["PokerPlayerMod:Harden","PokerPlayerMod:Spade5"],"picked":"PokerPlayerMod:CardBurn","floor":5},{"not_picked":["PokerPlayerMod:Raise","PokerPlayerMod:Spade1"],"picked":"PokerPlayerMod:CardBurn","floor":7},{"not_picked":["PokerPlayerMod:Trickery","PokerPlayerMod:DiamondStrike"],"picked":"PokerPlayerMod:Diamond6","floor":11},{"not_picked":["PokerPlayerMod:Spade2","PokerPlayerMod:Club5"],"picked":"PokerPlayerMod:Diamond3","floor":12},{"not_picked":["PokerPlayerMod:Duplicate","PokerPlayerMod:Raise"],"picked":"PokerPlayerMod:DiamondStrike","floor":13},{"not_picked":["PokerPlayerMod:Manipulation","PokerPlayerMod:RiskyBet"],"picked":"PokerPlayerMod:JackOfSpades","floor":14},{"not_picked":["PokerPlayerMod:SecretDealer","PokerPlayerMod:WildCard"],"picked":"PokerPlayerMod:Diamond7","floor":16}],"player_experience":537223,"relics_obtained":[{"floor":7,"key":"conspire:Flyswatter"},{"floor":9,"key":"PokerPlayerMod:Splitter"},{"floor":11,"key":"Pantograph"},{"floor":13,"key":"Bronze Scales"}],"event_choices":[{"damage_healed":0,"gold_gain":175,"player_choice":"AGREE","damage_taken":0,"max_hp_gain":0,"max_hp_loss":0,"event_name":"Liars Game","floor":3,"gold_loss":0,"cards_obtained":["Doubt"]},{"damage_healed":0,"gold_gain":0,"player_choice":"Success","damage_taken":18,"relics_obtained":["PreservedInsect"],"max_hp_gain":0,"max_hp_loss":0,"event_name":"Scrap Ooze","floor":8,"gold_loss":0},{"damage_healed":0,"gold_gain":0,"player_choice":"Trade","damage_taken":0,"relics_obtained":["GremlinMask"],"max_hp_gain":0,"max_hp_loss":0,"event_name":"FaceTrader","floor":10,"gold_loss":0}],"is_beta":true,"boss_relics":[{"not_picked":["Fusion Hammer","conspire:SeveredTorchhead"],"picked":"PokerPlayerMod:AceCard"}],"items_purged_floors":[],"is_endless":false,"potions_floor_spawned":[2,4,12,13],"killed_by":"conspire:FuzzyDice","ascension_level":1}}