{"host":"1a3cjta80tad0aqj","time":1609912016,"event":{"mods":["2.2 Compatiblity","AchievementEnabler","BaseMod","Colored Map","DeckTracker","KOR Keyword Fix","Keyboard Shortcuts","Minty Spire (QoL Compilation)","Permanent Neow","Quick Restart","Random Character Button","StSLib","SuperFastMode","everything is the same but u backflip on backflip"],"gold_per_floor":[109,122,136,136,34,77,140,140,140,140,140,164,207,222,222,348,348,372,144,167,181,201,201,201],"floor_reached":23,"playtime":1598,"items_purged":["Injury","Force Field"],"score":228,"play_id":"1ccb5952-ac45-4459-819e-3520b639eeae","local_time":"20210106144656","is_ascension_mode":false,"campfire_choices":[{"floor":8,"key":"REST"},{"data":"Dualcast","floor":10,"key":"SMITH"},{"data":"Zap","floor":15,"key":"SMITH"}],"circlet_count":0,"master_deck":["Zap+1","Dualcast+1","Seek","Leap","Sunder","Hologram","Conserve Battery","Beam Cell","Aggregate","Coolheaded","Rip and Tear","Biased Cognition","Creative AI","Scrape","Hello World","Redo","Static Discharge","Stack","Sweeping Beam","Turbo","Glacier","Gash+1"],"relics":["Cracked Core","Golden Idol","Mango","Emotion Chip","Pear","Meat on the Bone","Pandora\u0027s Box"],"acts_visited":["Exordium","TheCity"],"potions_floor_usage":[6,16,16,18,20,21,22,23],"damage_taken":[{"damage":1,"enemies":"Jaw Worm","floor":1,"turns":3},{"damage":7,"enemies":"Small Slimes","floor":2,"turns":2},{"damage":1,"enemies":"Cultist","floor":3,"turns":3},{"damage":28,"enemies":"Lagavulin","floor":6,"turns":6},{"damage":2,"enemies":"Blue Slaver","floor":12,"turns":2},{"damage":14,"enemies":"3 Sentries","floor":13,"turns":6},{"damage":7,"enemies":"Large Slime","floor":14,"turns":7},{"damage":50,"enemies":"The Guardian","floor":16,"turns":13},{"damage":19,"enemies":"2 Thieves","floor":18,"turns":3},{"damage":8,"enemies":"3 Byrds","floor":20,"turns":4},{"damage":15,"enemies":"3 Cultists","floor":21,"turns":6},{"damage":11,"enemies":"Chosen and Byrds","floor":22,"turns":5},{"damage":56,"enemies":"Gremlin Leader","floor":23,"turns":6}],"seed_played":"127776808460086615","potions_obtained":[{"floor":1,"key":"Swift Potion"},{"floor":6,"key":"ColorlessPotion"},{"floor":13,"key":"Weak Potion"},{"floor":14,"key":"EssenceOfSteel"},{"floor":16,"key":"BlessingOfTheForge"},{"floor":18,"key":"AttackPotion"},{"floor":22,"key":"BlessingOfTheForge"}],"is_trial":false,"path_per_floor":["M","M","M","?","$","E","?","R","T","R","?","M","E","M","R","B",null,"M","$","M","M","M","E"],"character_chosen":"DEFECT","items_purchased":["Conserve Battery","EssenceOfSteel","Swift Potion"],"campfire_rested":1,"item_purchase_floors":[5,19,19],"current_hp_per_floor":[67,60,59,59,59,45,45,69,69,69,79,77,63,56,56,18,92,73,73,65,50,51,0,0],"gold":201,"neow_bonus":"THREE_RARE_CARDS","is_daily":false,"chose_seed":false,"campfire_upgraded":2,"win_rate":0.0,"timestamp":1609912016,"path_taken":["M","M","M","?","$","E","?","R","T","R","?","M","E","M","R","BOSS","M","$","M","M","M","E"],"items_purchased_type":["Card","Potion","Potion"],"build_version":"2020-12-22","purchased_purges":2,"victory":false,"max_hp_per_floor":[68,68,68,68,68,82,82,82,82,82,92,92,92,92,92,92,92,92,92,92,92,92,92,92],"card_choices":[{"not_picked":["Machine Learning","Biased Cognition"],"picked":"Seek","floor":0},{"not_picked":["Hello World","Redo"],"picked":"Leap","floor":1},{"not_picked":["Turbo","Barrage"],"picked":"Sunder","floor":2},{"not_picked":["Gash","Barrage"],"picked":"Hologram","floor":3},{"not_picked":["Amplify","Cold Snap"],"picked":"Beam Cell","floor":6},{"not_picked":["Blizzard","Conserve Battery"],"picked":"Aggregate","floor":12},{"not_picked":["Blizzard","Beam Cell"],"picked":"Coolheaded","floor":13},{"not_picked":["Gash","Steam Power"],"picked":"Rip and Tear","floor":14},{"not_picked":["Creative AI","All For One"],"picked":"Biased Cognition","floor":16},{"not_picked":["Leap","Cold Snap+1"],"picked":"Turbo","floor":18},{"not_picked":["Sweeping Beam","Undo"],"picked":"Glacier","floor":20},{"not_picked":["Consume+1","Beam Cell","Barrage+1"],"picked":"SKIP","floor":21},{"not_picked":["Turbo+1","Rebound"],"picked":"Gash+1","floor":22}],"player_experience":127841,"relics_obtained":[{"floor":6,"key":"Mango"},{"floor":9,"key":"Emotion Chip"},{"floor":13,"key":"Meat on the Bone"}],"event_choices":[{"damage_healed":0,"gold_gain":0,"player_choice":"Take Wound","damage_taken":0,"relics_obtained":["Golden Idol"],"max_hp_gain":0,"max_hp_loss":0,"event_name":"Golden Idol","floor":4,"gold_loss":0,"cards_obtained":["Injury"]},{"damage_healed":0,"gold_gain":63,"player_choice":"Gained Gold","damage_taken":0,"max_hp_gain":0,"max_hp_loss":0,"event_name":"Golden Wing","floor":7,"gold_loss":0},{"damage_healed":0,"gold_gain":0,"player_choice":"Gave Potion","damage_taken":0,"relics_obtained":["Pear"],"max_hp_gain":0,"max_hp_loss":0,"event_name":"WeMeetAgain","floor":11,"gold_loss":0}],"is_beta":false,"boss_relics":[{"not_picked":["Astrolabe","Tiny House"],"picked":"Pandora\u0027s Box"}],"items_purged_floors":[5,19],"is_endless":false,"potions_floor_spawned":[1,6,13,14,16,18,22],"killed_by":"Gremlin Leader","ascension_level":0}}