{"host":"f7rb14kzcw8hx1r1","time":1609968840,"event":{"mods":["BaseMod","Better Note","Better Third Choice","Colored Map","Highlight Path","Hubris","Minty Spire (QoL Compilation)","Replay The Spire","StSLib","The Forsaken"],"gold_per_floor":[213,213,231,242,261,291,291,304,304,319,319,84,84,96,96,192,192,217,217,244,256,256,256,256],"floor_reached":23,"playtime":708,"items_purged":["Strike_R"],"score":195,"play_id":"429dfc49-844f-4ff0-ab57-f953f121bbd9","local_time":"20210106223400","is_ascension_mode":false,"campfire_choices":[{"data":"True Grit","floor":7,"key":"SMITH"},{"data":"Bash","floor":11,"key":"SMITH"},{"data":"Demon Form","floor":15,"key":"SMITH"}],"circlet_count":0,"master_deck":["Strike_R","Strike_R","Defend_R","Defend_R","Defend_R","Defend_R","Bash+1","Hemokinesis","Pommel Strike","True Grit+1","Inflame","Demon Form+1","Shrug It Off","Feed","CurseOfTheBell","Heavy Blade","Inflame"],"relics":["Burning Blood","Tiny Chest","Art of War","Calling Bell","CeramicFish","hubris:PeanutButter","Shovel","ReplayTheSpireMod:Shallot"],"acts_visited":["Exordium","TheCity"],"potions_floor_usage":[14,14,16,21],"damage_taken":[{"damage":5,"enemies":"Small Slimes","floor":1,"turns":5},{"damage":7,"enemies":"Jaw Worm","floor":3,"turns":3},{"damage":1,"enemies":"2 Louse","floor":4,"turns":3},{"damage":20,"enemies":"Large Slime","floor":5,"turns":8},{"damage":18,"enemies":"Gremlin Nob","floor":6,"turns":3},{"damage":11,"enemies":"3 Louse","floor":8,"turns":5},{"damage":9,"enemies":"Blue Slaver","floor":10,"turns":6},{"damage":11,"enemies":"Gremlin Gang","floor":14,"turns":3},{"damage":15,"enemies":"Hexaghost","floor":16,"turns":9},{"damage":11,"enemies":"Shell Parasite","floor":18,"turns":6},{"damage":5,"enemies":"Chosen","floor":20,"turns":6},{"damage":15,"enemies":"Centurion and Healer","floor":21,"turns":5},{"damage":75,"enemies":"Slavers","floor":23,"turns":4}],"seed_played":"4111478908436802288","potions_obtained":[{"floor":3,"key":"GamblersBrew"},{"floor":4,"key":"Block Potion"},{"floor":6,"key":"Strength Potion"},{"floor":14,"key":"SteroidPotion"},{"floor":16,"key":"Energy Potion"}],"is_trial":false,"path_per_floor":["M","?","M","M","M","E","R","M","T","M","R","$","?","M","R","B",null,"M","?","M","M","?","E"],"character_chosen":"IRONCLAD","items_purchased":["Demon Form"],"campfire_rested":0,"item_purchase_floors":[12],"current_hp_per_floor":[80,80,79,80,66,54,54,49,49,46,46,46,39,34,34,25,80,78,78,79,73,73,0,0],"gold":256,"neow_bonus":"HUNDRED_GOLD","is_daily":false,"chose_seed":false,"campfire_upgraded":3,"win_rate":0.0,"timestamp":1609968840,"path_taken":["M","?","M","M","M","E","R","M","T","M","R","$","?","M","R","BOSS","M","?","M","M","?","E"],"items_purchased_type":["Card"],"build_version":"2020-12-22","purchased_purges":1,"victory":false,"max_hp_per_floor":[80,80,80,80,80,80,80,80,80,80,80,80,80,80,80,80,80,83,83,83,86,86,86,86],"card_choices":[{"not_picked":["Wild Strike","hubris:ReadiedAction"],"picked":"Hemokinesis","floor":1},{"not_picked":["Perfected Strike","ReplayTheSpireMod:Strike From Hell","Anger"],"picked":"SKIP","floor":3},{"not_picked":["Intimidate","Wild Strike"],"picked":"Pommel Strike","floor":4},{"not_picked":["Carnage","Defy Death","Clothesline"],"picked":"SKIP","floor":5},{"not_picked":["Replay:Undeath\u0027s Touch","ReplayTheSpireMod:Corrosion Curse"],"picked":"True Grit","floor":6},{"not_picked":["Armaments","hubris:ReadiedAction","Bloodletting"],"picked":"SKIP","floor":8},{"not_picked":["Combust","ReplayTheSpireMod:Corrosion Curse"],"picked":"Inflame","floor":10},{"not_picked":["Evolve","Fiend Fire"],"picked":"Shrug It Off","floor":14},{"not_picked":["Demon Form","Demonic Infusion"],"picked":"Feed","floor":16},{"not_picked":["Wild Strike","Perfected Strike"],"picked":"Heavy Blade","floor":18},{"not_picked":["Pummel+1","Sword Boomerang"],"picked":"Inflame","floor":20},{"not_picked":["ReplayTheSpireMod:Strike From Hell+1","Power Through","Replay:Undeath\u0027s Touch"],"picked":"SKIP","floor":21}],"player_experience":904869,"relics_obtained":[{"floor":6,"key":"Tiny Chest"},{"floor":9,"key":"Art of War"},{"floor":17,"key":"CeramicFish"},{"floor":17,"key":"hubris:PeanutButter"},{"floor":17,"key":"Shovel"}],"event_choices":[{"cards_removed":["Strike_R"],"damage_healed":0,"gold_gain":0,"player_choice":"Card Removal","damage_taken":7,"max_hp_gain":0,"max_hp_loss":0,"event_name":"Golden Wing","floor":13,"gold_loss":0},{"cards_removed":["Strike_R"],"damage_healed":0,"gold_gain":0,"player_choice":"Purged","damage_taken":0,"max_hp_gain":0,"max_hp_loss":0,"event_name":"Purifier","floor":19,"gold_loss":0},{"damage_healed":0,"gold_gain":0,"player_choice":"Gave Potion","damage_taken":0,"relics_obtained":["ReplayTheSpireMod:Shallot"],"max_hp_gain":0,"max_hp_loss":0,"event_name":"WeMeetAgain","floor":22,"gold_loss":0}],"is_beta":false,"boss_relics":[{"not_picked":["Replay:Grab Bag","Replay:Bronze Core"],"picked":"Calling Bell"}],"items_purged_floors":[12],"is_endless":false,"potions_floor_spawned":[3,4,6,14,16],"killed_by":"Slavers","ascension_level":0}}