{"host":"dpbezu80jg8zk7un","time":1609904020,"event":{"mods":["BaseMod","Colored Map","Colored Powertips","Custom Start","DeckTracker","Minty Spire (QoL Compilation)","Quick Restart","StSLib","SuperFastMode"],"gold_per_floor":[39,91,91,91,91,91,91,169,169,68,121,162,255,311,311,407,407,473,473,294,294,219,278,333,369,369,369,409,284,334,371,371,472,472,507,592,635,739,776,776,831,831,883,918,929,929,929,274,274,274,274,274,274,117,144,144],"floor_reached":57,"playtime":1802,"items_purged":["Strike_P","Strike_P","Defend_P","FollowUp+1"],"score":3387,"play_id":"ba054819-01b7-4091-a29a-f891a615195a","local_time":"20210106123340","is_ascension_mode":true,"campfire_choices":[{"data":"Eruption","floor":6.0,"key":"SMITH"},{"data":"HandOfGreed","floor":7.0,"key":"SMITH"},{"floor":15.0,"key":"REST"},{"floor":27.0,"key":"REST"},{"data":"Scrawl","floor":32.0,"key":"SMITH"},{"floor":40,"key":"REST"},{"floor":46,"key":"RECALL"},{"data":"MentalFortress","floor":49,"key":"SMITH"},{"data":"Vigilance","floor":53,"key":"SMITH"}],"circlet_count":0,"master_deck":["AscendersBane","Vigilance+1","FearNoEvil+1","Scrawl+1","Tantrum+1","Adaptation","MentalFortress+1","Adaptation","CrushJoints+1"],"relics":["PureWater","WingedGreaves","Molten Egg 2","Question Card","GoldenEye","Sozu","White Beast Statue","Mummified Hand","Shuriken","Empty Cage","Torii","Sundial","Strawberry","Dream Catcher","InkBottle","Anchor","CloakClasp","Lantern","Letter Opener"],"acts_visited":["Exordium","TheCity","TheBeyond","TheEnding"],"potions_floor_usage":[],"damage_taken":[{"damage":2.0,"enemies":"Jaw Worm","floor":1.0,"turns":4.0},{"damage":1.0,"enemies":"2 Louse","floor":2.0,"turns":4.0},{"damage":0.0,"enemies":"Gremlin Nob","floor":11.0,"turns":2.0},{"damage":0.0,"enemies":"Small Slimes","floor":12.0,"turns":2.0},{"damage":8.0,"enemies":"3 Louse","floor":13.0,"turns":6.0},{"damage":22.0,"enemies":"3 Sentries","floor":14.0,"turns":8.0},{"damage":35.0,"enemies":"The Guardian","floor":16.0,"turns":9.0},{"damage":0.0,"enemies":"3 Byrds","floor":18.0,"turns":3.0},{"damage":0.0,"enemies":"Gremlin Leader","floor":23.0,"turns":2.0},{"damage":34.0,"enemies":"Slavers","floor":24.0,"turns":2.0},{"damage":0.0,"enemies":"Spheric Guardian","floor":25.0,"turns":1.0},{"damage":0.0,"enemies":"Snecko","floor":28.0,"turns":2.0},{"damage":0.0,"enemies":"Snake Plant","floor":31.0,"turns":1.0},{"damage":0.0,"enemies":"Automaton","floor":33.0,"turns":2.0},{"damage":10.0,"enemies":"3 Darklings","floor":35.0,"turns":2.0},{"damage":6.0,"enemies":"3 Shapes","floor":36.0,"turns":2.0},{"damage":0.0,"enemies":"Spire Growth","floor":37.0,"turns":1.0},{"damage":19,"enemies":"2 Orb Walkers","floor":38,"turns":2},{"damage":0,"enemies":"Maw","floor":39,"turns":2},{"damage":0,"enemies":"Giant Head","floor":41,"turns":2},{"damage":0,"enemies":"Nemesis","floor":44,"turns":1},{"damage":8,"enemies":"Writhing Mass","floor":45,"turns":2},{"damage":0,"enemies":"Awakened One","floor":50,"turns":2},{"damage":0,"enemies":"Time Eater","floor":51,"turns":4},{"damage":0,"enemies":"Shield and Spear","floor":55,"turns":1},{"damage":17,"enemies":"The Heart","floor":56,"turns":5}],"seed_played":"-7800650907534687819","potions_obtained":[{"floor":1.0,"key":"SmokeBomb"},{"floor":11.0,"key":"GamblersBrew"}],"is_trial":false,"path_per_floor":["M","M","?","?","?","R","R","T","T","$","E","M","M","E","R","B",null,"M","?","$","?","?","E","E","M","T","R","M","$","?","M","R","B",null,"M","M","M","?","M","R","E","?","T","E","M","R","T","$","R","B","B",null,"R","$","E","B",null],"character_chosen":"WATCHER","items_purchased":["FollowUp+1","Adaptation","Anchor","CloakClasp","Lantern"],"campfire_rested":3,"item_purchase_floors":[10,20,48,48,54],"current_hp_per_floor":[59,58,53,53,46,46,46,46,46,46,46,46,38,16,36,1,51,51,51,51,51,51,51,17,17,17,37,37,37,31,31,31,31,59,49,43,43,24,24,44,44,78,85,85,77,77,77,77,77,77,77,83,83,83,83,66],"gold":144,"neow_bonus":"RANDOM_COLORLESS_2","is_daily":false,"chose_seed":false,"campfire_upgraded":5,"win_rate":0.0,"timestamp":1609904020,"path_taken":["M","M","?","?","?","R","R","?","T","$","E","M","M","E","R","BOSS","M","?","$","?","?","E","E","M","T","R","M","$","?","?","R","BOSS","M","M","?","?","M","R","E","?","T","E","?","R","?","$","R","BOSS","BOSS","R","$","E","BOSS"],"items_purchased_type":["Card","Card","Relic","Relic","Relic"],"build_version":"2020-12-22","purchased_purges":4,"victory":true,"max_hp_per_floor":[68,68,68,68,68,68,68,68,68,68,68,68,68,68,68,68,68,68,68,68,68,68,68,68,68,68,68,68,68,68,68,68,68,68,68,68,68,68,68,68,68,78,85,85,85,85,85,85,85,85,85,85,85,85,85,85],"card_choices":[{"not_picked":["Master of Strategy","Secret Technique"],"picked":"HandOfGreed","floor":0.0},{"not_picked":["SashWhip","ThirdEye","ClearTheMind"],"picked":"SKIP","floor":1.0},{"not_picked":["ThirdEye","BowlingBash","Fasting2"],"picked":"SKIP","floor":2.0},{"not_picked":["Evaluate","Protect","FlyingSleeves+1"],"picked":"SKIP","floor":11.0},{"not_picked":["SashWhip+1","CrushJoints+1","CutThroughFate+1"],"picked":"FearNoEvil+1","floor":12.0},{"not_picked":["Evaluate","Conclude+1","ClearTheMind","JustLucky+1"],"picked":"SKIP","floor":13.0},{"not_picked":["Crescendo","Weave+1","Wireheading"],"picked":"Scrawl","floor":14.0},{"not_picked":["WindmillStrike+1","FollowUp+1","SashWhip+1"],"picked":"Tantrum+1","floor":18.0},{"not_picked":["ReachHeaven+1","FlyingSleeves+1","Protect","Wireheading"],"picked":"SKIP","floor":23.0},{"not_picked":["SpiritShield","FearNoEvil+1","BattleHymn"],"picked":"MentalFortress","floor":24.0},{"not_picked":["CutThroughFate+1","Weave+1","ThirdEye"],"picked":"Adaptation","floor":25.0},{"not_picked":["CrushJoints+1","ReachHeaven+1","Prostrate","FlyingSleeves+1"],"picked":"SKIP","floor":28.0},{"not_picked":["Evaluate","JustLucky+1","FollowUp+1"],"picked":"CrushJoints+1","floor":31.0},{"not_picked":["Protect","BowlingBash+1","Meditate","Prostrate"],"picked":"SKIP","floor":35.0},{"not_picked":["Conclude+1","Halt","Study","Crescendo"],"picked":"SKIP","floor":36.0},{"not_picked":["JustLucky+1","Halt","Meditate","FlurryOfBlows+1"],"picked":"SKIP","floor":37.0},{"not_picked":["Consecrate+1","Ragnarok+1","EmptyFist+1","CutThroughFate+1"],"picked":"SKIP","floor":39},{"not_picked":["ThirdEye","ClearTheMind","Vengeance","Halt"],"picked":"SKIP","floor":41},{"not_picked":["Meditate","ClearTheMind","Adaptation+1","Collect"],"picked":"SKIP","floor":44},{"not_picked":["WaveOfTheHand+1","Wireheading","Tantrum+1","EmptyBody+1"],"picked":"SKIP","floor":45},{"not_picked":["JustLucky+1","SashWhip+1","Evaluate","WaveOfTheHand+1"],"picked":"SKIP","floor":55}],"player_experience":2840751,"relics_obtained":[{"floor":8.0,"key":"Molten Egg 2"},{"floor":11.0,"key":"Question Card"},{"floor":14.0,"key":"GoldenEye"},{"floor":23.0,"key":"White Beast Statue"},{"floor":24.0,"key":"Mummified Hand"},{"floor":26.0,"key":"Shuriken"},{"floor":38,"key":"Torii"},{"floor":41,"key":"Sundial"},{"floor":43,"key":"Strawberry"},{"floor":44,"key":"Dream Catcher"},{"floor":47,"key":"InkBottle"},{"floor":55,"key":"Letter Opener"}],"event_choices":[{"damage_healed":0.0,"max_hp_gain":0.0,"max_hp_loss":0.0,"gold_gain":0.0,"event_name":"Scrap Ooze","player_choice":"Success","floor":3.0,"gold_loss":0.0,"damage_taken":5.0,"relics_obtained":["WingedGreaves"]},{"cards_removed":["Defend_P"],"damage_healed":0.0,"max_hp_gain":0.0,"max_hp_loss":0.0,"gold_gain":0.0,"event_name":"Living Wall","player_choice":"Forget","floor":4.0,"gold_loss":0.0,"damage_taken":0.0},{"cards_removed":["Strike_P"],"damage_healed":0.0,"max_hp_gain":0.0,"max_hp_loss":0.0,"gold_gain":0.0,"event_name":"Golden Wing","player_choice":"Card Removal","floor":5.0,"gold_loss":0.0,"damage_taken":7.0},{"cards_removed":["Defend_P"],"damage_healed":0.0,"max_hp_gain":0.0,"max_hp_loss":0.0,"gold_gain":0.0,"event_name":"Back to Basics","player_choice":"Elegance","floor":19.0,"gold_loss":0.0,"damage_taken":0.0},{"damage_healed":0.0,"max_hp_gain":0.0,"max_hp_loss":0.0,"gold_gain":0.0,"cards_transformed":["Defend_P","Strike_P"],"event_name":"Drug Dealer","player_choice":"Became Test Subject","floor":21.0,"gold_loss":0.0,"damage_taken":0.0,"cards_obtained":["Wireheading","FollowUp"]},{"cards_removed":["Wireheading"],"damage_healed":0.0,"max_hp_gain":0.0,"max_hp_loss":0.0,"gold_gain":0.0,"event_name":"Beggar","player_choice":"Gave Gold","floor":22.0,"gold_loss":75.0,"damage_taken":0.0},{"damage_healed":0.0,"max_hp_gain":0.0,"max_hp_loss":0.0,"gold_gain":50.0,"event_name":"FaceTrader","player_choice":"Touch","floor":30.0,"gold_loss":0.0,"damage_taken":6.0},{"damage_healed":0,"gold_gain":0,"player_choice":"Fight","damage_taken":0,"max_hp_gain":0,"max_hp_loss":0,"event_name":"Mysterious Sphere","floor":38,"gold_loss":0},{"cards_removed":["HandOfGreed"],"damage_healed":24,"gold_gain":0,"player_choice":"Offered Rare","damage_taken":0,"max_hp_gain":10,"max_hp_loss":0,"event_name":"Bonfire Elementals","floor":42,"gold_loss":0}],"is_beta":false,"boss_relics":[{"not_picked":["Fusion Hammer","Tiny House"],"picked":"Sozu"},{"not_picked":["SlaversCollar","Cursed Key"],"picked":"Empty Cage"}],"items_purged_floors":[10,20,29,48],"is_endless":false,"potions_floor_spawned":[1,11,18,24,25,28,31,33,35,36,37,38,39,41,44,45,55],"ascension_level":20}}