{"host":"1kq2ingo3j45gyyp","time":1609960183,"event":{"mods":["BaseMod","Better Note","Better Third Choice","Downfall","Minty Spire (QoL Compilation)","StSLib"],"gold_per_floor":[99,116,132,132,148,73,96,123,123,139,139,150,59,159,169,270,270,270,289,289,303,73,73,73,85,85,10,29,41,41,57,71,172,172,172,188,208,208,44,55,55,105,115,141,141,170,95,108,128,128],"floor_reached":51,"playtime":2561,"items_purged":["Guardian:Strike_Guardian","Guardian:Strike_Guardian"],"score":763,"play_id":"371f65ab-0558-405e-8066-a4b9b599cb45","local_time":"20210106140943","is_ascension_mode":false,"campfire_choices":[{"floor":1,"key":"RECALL"},{"data":"Guardian:CurlUp","floor":6,"key":"SMITH"},{"floor":9,"key":"REST"},{"data":"Guardian:PrismaticBeam","floor":11,"key":"SMITH"},{"data":"Guardian:AncientConstruct","floor":18,"key":"SMITH"},{"data":"Guardian:BronzeArmor","floor":23,"key":"SMITH"},{"data":"Guardian:Harden","floor":27,"key":"SMITH"},{"floor":30,"key":"REST"},{"data":"Guardian:PrismaticBeam","floor":35,"key":"SMITH"},{"floor":45,"key":"REST"},{"floor":47,"key":"REST"}],"circlet_count":0,"master_deck":["Guardian:Defend_Guardian","Guardian:Defend_Guardian","Guardian:Defend_Guardian","Guardian:CurlUp+1","Guardian:TwinSlam","Guardian:RollAttack","Guardian:PrismaticBeam+1","Guardian:Harden+1","Guardian:AncientConstruct+1","CurseOfTheBell","Guardian:BronzeArmor+1","Guardian:VentSteam","Flash of Steel","Guardian:Suspension+1","Guardian:StasisField","Guardian:PrismaticBeam+1","Guardian:CrystalBeam+1","Guardian:Aged","Guardian:CrystalBeam","Guardian:VentSteam","Guardian:PrismaticBarrier+1","Guardian:DonusPower"],"relics":["Guardian:ModeShifter","downfall:HeartBlessingRed","Bag of Marbles","Centennial Puzzle","Calling Bell","Potion Belt","Blue Candle","Mango","downfall:HeartBlessingBlue","Black Star","Guardian:StasisEgg","Pen Nib","Incense Burner","Pear","Bottled Tornado","Guardian:PickAxe","Blood Vial","downfall:HeartBlessingGreen"],"acts_visited":["Exordium","TheCity","TheBeyond"],"potions_floor_usage":[16,16,16,16,16,22,39,46,50],"damage_taken":[{"damage":0,"enemies":"Cultist","floor":2,"turns":3},{"damage":0,"enemies":"Small Slimes","floor":3,"turns":3},{"damage":8,"enemies":"Jaw Worm","floor":5,"turns":3},{"damage":33,"enemies":"Lagavulin","floor":8,"turns":7},{"damage":3,"enemies":"Gremlin Gang","floor":10,"turns":2},{"damage":8,"enemies":"Lots of Slimes","floor":12,"turns":2},{"damage":2,"enemies":"downfall:FleeingMerchant","floor":13,"turns":4},{"damage":1,"enemies":"Exordium Wildlife","floor":15,"turns":2},{"damage":23,"enemies":"downfall:Defect","floor":16,"turns":6},{"damage":14,"enemies":"Shell Parasite","floor":19,"turns":5},{"damage":7,"enemies":"Chosen","floor":21,"turns":3},{"damage":8,"enemies":"downfall:FleeingMerchant","floor":22,"turns":4},{"damage":9,"enemies":"Centurion and Healer","floor":25,"turns":4},{"damage":0,"enemies":"3 Cultists","floor":28,"turns":3},{"damage":14,"enemies":"Snake Plant","floor":29,"turns":3},{"damage":3,"enemies":"Snecko","floor":31,"turns":6},{"damage":6,"enemies":"Shelled Parasite and Fungi","floor":32,"turns":4},{"damage":22,"enemies":"downfall:Ironclad","floor":33,"turns":7},{"damage":4,"enemies":"Orb Walker","floor":36,"turns":3},{"damage":4,"enemies":"3 Shapes","floor":37,"turns":8},{"damage":2,"enemies":"downfall:FleeingMerchant","floor":39,"turns":4},{"damage":8,"enemies":"Spire Growth","floor":40,"turns":4},{"damage":5,"enemies":"Mind Bloom Boss Battle","floor":42,"turns":6},{"damage":12,"enemies":"Sphere and 2 Shapes","floor":43,"turns":7},{"damage":42,"enemies":"Nemesis","floor":44,"turns":9},{"damage":29,"enemies":"Reptomancer","floor":46,"turns":7},{"damage":7,"enemies":"Jaw Worm Horde","floor":48,"turns":3},{"damage":13,"enemies":"Writhing Mass","floor":49,"turns":4},{"damage":3,"enemies":"downfall:Watcher","floor":50,"turns":7}],"seed_played":"5117047467379347347","potions_obtained":[{"floor":3,"key":"EntropicBrew"},{"floor":5,"key":"Strength Potion"},{"floor":28,"key":"Guardian:DefensiveModePotion"},{"floor":29,"key":"Guardian:AcceleratePotion"},{"floor":31,"key":"Ancient Potion"},{"floor":42,"key":"DuplicationPotion"}],"is_trial":false,"path_per_floor":["R","M","M","?","M","R","T","E","R","M","R","M","$","?","M","B",null,"R","M","?","M","$","R","T","M","?","R","M","M","R","M","M","B",null,"R","M","M","?","$","M","T","?","M","E","R","E","R","M","M","B",null],"character_chosen":"GUARDIAN","items_purchased":["Guardian:Gem_White","Guardian:VentSteam","Flash of Steel","Guardian:CrystalBeam"],"campfire_rested":4,"item_purchase_floors":[13,22,22,39],"current_hp_per_floor":[56,56,56,56,48,48,48,15,39,36,36,28,26,26,25,2,94,94,80,80,73,65,65,65,56,56,66,66,52,83,80,74,52,104,104,100,96,96,94,86,86,81,69,37,71,42,76,71,60,59],"gold":128,"neow_bonus":"REMOVE_TWO","is_daily":false,"chose_seed":false,"campfire_upgraded":6,"win_rate":0.0,"timestamp":1609960183,"path_taken":["R","M","M","?","M","R","T","E","R","M","R","?","$","?","M","BOSS","R","M","?","M","$","R","T","?","?","R","M","M","R","M","M","BOSS","R","M","M","?","$","M","T","?","M","E","R","E","R","M","M","BOSS"],"items_purchased_type":["Card","Card","Card","Card"],"build_version":"2020-12-22","purchased_purges":2,"victory":true,"max_hp_per_floor":[80,80,80,80,80,80,80,80,80,80,80,80,80,80,80,80,94,94,94,94,94,94,94,94,94,94,104,104,104,104,104,104,104,104,104,104,104,104,104,104,104,104,104,114,114,114,114,114,114,114],"card_choices":[{"not_picked":["Guardian:TemporalShield","Guardian:Repulse"],"picked":"Guardian:Gem_Cyan","floor":2},{"not_picked":["Guardian:CrystalBeam","Guardian:ShieldCharger"],"picked":"Guardian:RollAttack","floor":3},{"not_picked":["Guardian:Gem_Blue","Guardian:Gem_Cyan"],"picked":"Guardian:Gem_Purple","floor":5},{"not_picked":["Guardian:Repulse","Guardian:Planning"],"picked":"Guardian:Gem_Cyan","floor":8},{"not_picked":["Guardian:TimeBomb","Guardian:FastForward"],"picked":"Guardian:PrismaticBeam","floor":10},{"not_picked":["Guardian:ShieldCharger","Guardian:Incinerate"],"picked":"Guardian:Harden","floor":12},{"not_picked":["Guardian:Repulse","Guardian:TimeCapacitor"],"picked":"Guardian:Gem_Red","floor":13},{"not_picked":["Guardian:PrimingBeam","Guardian:TemporalShield"],"picked":"Guardian:Gem_Red","floor":15},{"not_picked":["Guardian:StasisEngine","Guardian:SphericShield"],"picked":"Guardian:AncientConstruct","floor":16},{"not_picked":["Guardian:PrimingBeam","Guardian:Gem_Red"],"picked":"Guardian:Gem_Lightblue","floor":19},{"not_picked":["Guardian:TimeCapacitor","Guardian:PrimingBeam"],"picked":"Guardian:Gem_Cyan","floor":21},{"not_picked":["Guardian:VentSteam+1","Guardian:PrimingBeam"],"picked":"Guardian:BronzeArmor","floor":22},{"not_picked":["Guardian:TemporalShield","Guardian:PrimingBeam+1","Guardian:TemporalStrike"],"picked":"SKIP","floor":25},{"not_picked":["Guardian:Recover","Guardian:ArmoredProtocol+1"],"picked":"Guardian:Suspension+1","floor":28},{"not_picked":["Guardian:ChargeCore","Guardian:TemporalShield+1","Guardian:FuturePlans"],"picked":"SKIP","floor":29},{"not_picked":["Guardian:PrimingBeam+1","Guardian:TemporalShield"],"picked":"Guardian:StasisField","floor":31},{"not_picked":["Guardian:Recover","Guardian:WalkerClaw"],"picked":"Guardian:PrismaticBeam","floor":32},{"not_picked":["Guardian:GatlingBeam","Guardian:AncientConstruct"],"picked":"Guardian:Gem_Orange","floor":33},{"not_picked":["Guardian:Gem_Green","Guardian:TemporalStrike+1"],"picked":"Guardian:CrystalBeam+1","floor":36},{"not_picked":["Guardian:Reroute+1","Guardian:Planning+1"],"picked":"Guardian:Gem_Red","floor":37},{"not_picked":["Guardian:Emergency","Guardian:Recover"],"picked":"Guardian:Gem_Crimson","floor":39},{"not_picked":["Guardian:Planning+1","Guardian:ChargeCore"],"picked":"Guardian:Gem_Cyan","floor":40},{"not_picked":["Guardian:RollAttack+1","Guardian:PrimingBeam+1"],"picked":"Guardian:Gem_Fragmented","floor":42},{"not_picked":["Guardian:Suspension","Guardian:WalkerClaw+1"],"picked":"Guardian:Gem_Lightblue","floor":43},{"not_picked":["Guardian:GemFire","Guardian:Reroute"],"picked":"Guardian:VentSteam","floor":44},{"not_picked":["Guardian:Suspension+1","Guardian:Gem_Lightblue"],"picked":"Guardian:PrismaticBarrier+1","floor":46},{"not_picked":["Guardian:VentSteam","Guardian:Harden"],"picked":"Guardian:DonusPower","floor":48},{"not_picked":["Guardian:Suspension+1","Guardian:FuturePlans+1","Guardian:Planning"],"picked":"SKIP","floor":49}],"player_experience":845411,"relics_obtained":[{"floor":7,"key":"Bag of Marbles"},{"floor":8,"key":"Centennial Puzzle"},{"floor":17,"key":"Potion Belt"},{"floor":17,"key":"Blue Candle"},{"floor":17,"key":"Mango"},{"floor":41,"key":"Pen Nib"},{"floor":42,"key":"Incense Burner"},{"floor":44,"key":"Pear"},{"floor":44,"key":"Bottled Tornado"},{"floor":46,"key":"Guardian:PickAxe"},{"floor":46,"key":"Blood Vial"}],"event_choices":[{"damage_healed":0,"gold_gain":0,"player_choice":"Ignored","damage_taken":0,"max_hp_gain":0,"max_hp_loss":0,"event_name":"betterNote:BetterNote","floor":20,"gold_loss":0,"cards_obtained":["Blind"]}],"is_beta":false,"boss_relics":[{"not_picked":["Velvet Choker","Busted Crown"],"picked":"Calling Bell"},{"not_picked":["Coffee Dripper","SacredBark"],"picked":"Black Star"}],"items_purged_floors":[22,39],"is_endless":false,"potions_floor_spawned":[3,5,28,29,31,36,42,44],"ascension_level":0}}