{"host":"4d3077vv24x7opeb","time":1609892208,"event":{"mods":["2.2 Compatiblity","Act Like it!","Bard","BaseMod","Bestiary","Better Altar","Better Match","Better Note","Better Sensory Stone","Better Skull","Better Third Choice","ChefMod","Colored Map","Colored Powertips","Gensokyo","Hallownest","Hermit","Highlight Path","Koishi","Marisa????????","Minty Spire (QoL Compilation)","Reimu??????","Relic Stats","Robot Space Explorer","StSLib","The Administrix","The Bug Knight","The Construct","The Disciple","The Dragon Tamer","The Gatherer","The Hierophant","The Marked","The Runesmith","The Senshi","The Servant 0.9.4","The Showman","TheArtist","TheFirefly","everything is the same but u backflip on backflip","slay the spire mod where everything is the same but ironclad has a cowboy hat"],"gold_per_floor":[116,128,140,153,164,164,164,164,176,188,200,244,274,297,309,423,435,457,481,513,525,452,464,504,516,528,540,565,597,609,636,648,758,770,770,770],"floor_reached":34,"playtime":3231,"items_purged":[],"score":426,"play_id":"52f38a71-455f-4d39-aeef-6d2f9b33a380","local_time":"20210105161648","is_ascension_mode":false,"metric_token":2643,"campfire_choices":[{"data":"DTMod:SwitchingTactic","floor":6,"key":"SMITH"},{"data":"DTMod:Training","floor":10,"key":"SMITH"},{"data":"DTMod:Weaken","floor":15,"key":"SMITH"},{"data":"chefmod:OrderUp","floor":23,"key":"SMITH"},{"floor":25,"key":"REST"},{"floor":30,"key":"REST"},{"data":"DTMod:Training","floor":32,"key":"SMITH"}],"dtmod_dragon_data":[58,58,3,0,6,0],"circlet_count":0,"master_deck":["DTMod:Strike","DTMod:Strike","DTMod:Strike","DTMod:Strike+1","DTMod:DoubleHit","DTMod:TargetDefense","DTMod:TargetDefense","DTMod:TargetDefense+1","DTMod:TargetDefense","DTMod:SwitchingTactic+1","DTMod:Training+1","DTMod:Astonish","DTMod:Overwhelm","DTMod:Overwhelm","DTMod:Training+1","DTMod:LightShield","DTMod:LastStand","DTMod:Weaken+1","DTMod:EchoTactic","DTMod:Overwhelm+1","DTMod:BreakAttack","DTMod:TagTeam","chefmod:OrderUp+1","DTMod:Coolant+1","DTMod:ResonanceForm"],"relics":["DTMod:PactStone","MawBank","Runesmith:AutoHammer","HornCleat","construct:ClawGrip","Gremlin Horn","Bag of Preparation","Vajra","SlaversCollar"],"acts_visited":["Exordium","TheCity","TheBeyond"],"potions_floor_usage":[18,29],"damage_taken":[{"damage":0,"enemies":"Cultist","floor":1,"turns":3},{"damage":0,"enemies":"2 Louse","floor":2,"turns":3},{"damage":1,"enemies":"Small Slimes","floor":3,"turns":4},{"damage":0,"enemies":"Exordium Wildlife","floor":4,"turns":4},{"damage":0,"enemies":"Lots of Slimes","floor":5,"turns":6},{"damage":0,"enemies":"Lagavulin","floor":12,"turns":6},{"damage":0,"enemies":"Large Slime","floor":13,"turns":5},{"damage":0,"enemies":"Gremlin Gang","floor":14,"turns":5},{"damage":22,"enemies":"Slime Boss","floor":16,"turns":9},{"damage":0,"enemies":"3 Byrds","floor":18,"turns":5},{"damage":0,"enemies":"Chosen","floor":19,"turns":4},{"damage":0,"enemies":"Snecko","floor":20,"turns":2},{"damage":0,"enemies":"Slavers","floor":24,"turns":6},{"damage":5,"enemies":"Shelled Parasite and Fungi","floor":28,"turns":5},{"damage":0,"enemies":"Chosen and Byrds","floor":29,"turns":4},{"damage":0,"enemies":"Snecko","floor":31,"turns":4},{"damage":19,"enemies":"Champ","floor":33,"turns":10}],"seed_played":"9142941382031455524","potions_obtained":[{"floor":12,"key":"Strength Potion"},{"floor":13,"key":"FearPotion"},{"floor":16,"key":"Weak Potion"},{"floor":20,"key":"EssenceOfSteel"},{"floor":28,"key":"DistilledChaos"},{"floor":29,"key":"DistilledChaos"}],"is_trial":false,"path_per_floor":["M","M","M","M","M","R","?","?","T","R","$","E","M","M","R","B",null,"M","M","M","?","?","R","E","R","T","?","M","M","R","M","R","B",null],"character_chosen":"THE_DT","items_purchased":[],"campfire_rested":2,"item_purchase_floors":[],"current_hp_per_floor":[49,49,48,48,48,48,48,48,48,48,48,48,48,48,48,26,49,49,49,49,49,49,49,49,49,49,32,27,27,41,41,41,22,49,49,49],"gold":770,"neow_bonus":"TEN_PERCENT_HP_BONUS","is_daily":false,"chose_seed":false,"campfire_upgraded":5,"win_rate":0.0,"timestamp":1609892208,"path_taken":["M","M","M","?","M","R","?","?","T","R","?","E","?","M","R","BOSS","M","M","M","?","?","R","E","R","T","?","M","M","R","?","R","BOSS"],"items_purchased_type":[],"build_version":"2020-12-22","purchased_purges":0,"victory":false,"max_hp_per_floor":[49,49,49,49,49,49,49,49,49,49,49,49,49,49,49,49,49,49,49,49,49,49,49,49,49,49,49,49,49,49,49,49,49,49,49,49],"relic_stats":{"Gremlin Horn":[4,4],"counters":[17,85],"Bag of Preparation":[8],"MawBank":312,"obtain_stats":[{"SlaversCollar":34,"construct:ClawGrip":17,"HornCleat":12,"DTMod:PactStone":0,"Gremlin Horn":22,"Vajra":26,"Bag of Preparation":24,"Runesmith:AutoHammer":9,"MawBank":8},{"SlaversCollar":17,"construct:ClawGrip":9,"HornCleat":6,"DTMod:PactStone":0,"Gremlin Horn":12,"Vajra":13,"Bag of Preparation":13,"Runesmith:AutoHammer":5,"MawBank":5},{"SlaversCollar":85,"construct:ClawGrip":45,"HornCleat":26,"DTMod:PactStone":0,"Gremlin Horn":56,"Vajra":62,"Bag of Preparation":62,"Runesmith:AutoHammer":20,"MawBank":20}]},"card_choices":[{"not_picked":["DTMod:BuildUp","DTMod:QuickFly"],"picked":"DTMod:Training","floor":1},{"not_picked":["DTMod:Cover","DTMod:CrossStep"],"picked":"DTMod:Astonish","floor":2},{"not_picked":["DTMod:BreakAttack","DTMod:Cover"],"picked":"DTMod:Overwhelm","floor":3},{"not_picked":["DTMod:Threaten","DTMod:BlazingStrike"],"picked":"DTMod:Overwhelm","floor":4},{"not_picked":["DTMod:GhostSkin","DTMod:BlueScale"],"picked":"DTMod:Training","floor":5},{"not_picked":["DTMod:SneakAttack","DTMod:BurningEnergy"],"picked":"DTMod:LightShield","floor":12},{"not_picked":["DTMod:Training","DTMod:MagiciansMark"],"picked":"DTMod:LastStand","floor":13},{"not_picked":["DTMod:WarmUp","DTMod:LastStand"],"picked":"DTMod:Weaken","floor":14},{"not_picked":["DTMod:Prediction","DTMod:ResonanceForm"],"picked":"DTMod:EchoTactic","floor":16},{"not_picked":["DTMod:BuildUp","DTMod:CrossStep+1"],"picked":"DTMod:Overwhelm+1","floor":18},{"not_picked":["DTMod:FlameSlash","DTMod:Weaken"],"picked":"DTMod:BreakAttack","floor":19},{"not_picked":["DTMod:GhostSkin","DTMod:CleansingStrike"],"picked":"DTMod:TagTeam","floor":20},{"not_picked":["DTMod:Punisher+1","DTMod:ShieldDrain+1"],"picked":"DTMod:Coolant+1","floor":24},{"not_picked":["DTMod:SneakAttack","DTMod:TagTeam","DTMod:Weaken"],"picked":"SKIP","floor":28},{"not_picked":["DTMod:BizarreTactic","DTMod:BreakAttack","DTMod:MasterPlan"],"picked":"SKIP","floor":29},{"not_picked":["DTMod:BreakAttack+1","DTMod:BurningEnergy","DTMod:CleansingStrike"],"picked":"SKIP","floor":31},{"not_picked":["DTMod:Harmonize","DTMod:LightShield"],"picked":"DTMod:ResonanceForm","floor":33}],"player_experience":335537,"relics_obtained":[{"floor":9,"key":"Runesmith:AutoHammer"},{"floor":12,"key":"HornCleat"},{"floor":24,"key":"Bag of Preparation"},{"floor":26,"key":"Vajra"}],"event_choices":[{"damage_healed":0,"gold_gain":0,"player_choice":"Leave","damage_taken":0,"max_hp_gain":0,"max_hp_loss":0,"event_name":"The Cleric","floor":7,"gold_loss":0},{"damage_healed":0,"gold_gain":0,"player_choice":"Searched \u00271\u0027 times","damage_taken":0,"relics_obtained":["MawBank"],"max_hp_gain":0,"max_hp_loss":0,"event_name":"Dead Adventurer","floor":8,"gold_loss":0},{"cards_removed":["DTMod:EchoTactic"],"damage_healed":0,"gold_gain":0,"player_choice":"Take \u0026 Give","damage_taken":0,"max_hp_gain":0,"max_hp_loss":0,"event_name":"betterNote:BetterNote","floor":21,"gold_loss":0,"cards_obtained":["chefmod:OrderUp"]},{"damage_healed":0,"gold_gain":0,"player_choice":"Obtained Relic","damage_taken":0,"relics_obtained":["Gremlin Horn"],"max_hp_gain":0,"max_hp_loss":0,"event_name":"Addict","floor":22,"gold_loss":85},{"damage_healed":0,"gold_gain":0,"player_choice":"UP UP ","damage_taken":21,"relics_obtained":[],"max_hp_gain":0,"max_hp_loss":0,"event_name":"betterSkull:BetterSkull","floor":27,"gold_loss":0,"cards_upgraded":["DTMod:Strike","DTMod:TargetDefense"]}],"is_beta":false,"boss_relics":[{"not_picked":["DTMod:TheChair","Calling Bell"],"picked":"construct:ClawGrip"},{"not_picked":["Empty Cage","Snecko Eye"],"picked":"SlaversCollar"}],"items_purged_floors":[],"is_endless":false,"potions_floor_spawned":[12,13,16,20,28,29,31],"ascension_level":0}}