{"host":"f5y45f7z7ziu0smp","time":1609936452,"event":{"mods":["AchievementEnabler","BaseMod","Koishi","Marisa£¨Ùöéë¡¡Øª×âÞÞ£©","Minty Spire (QoL Compilation)","StSLib","SuperFastMode","The Hierophant"],"gold_per_floor":[113,182,107,107,121,121,121,121,148,148,148,148,5,36,36,138,138,138],"floor_reached":17,"playtime":359,"items_purged":["ClearTheMind"],"score":224,"play_id":"b81a322e-6194-4b4f-bb1b-384c8ca30e5d","local_time":"20210106213412","daily_mods":["SealedDeck","Time Dilation","Flight"],"is_ascension_mode":false,"campfire_choices":[{"data":"FlurryOfBlows","floor":6,"key":"SMITH"},{"data":"ClearTheMind","floor":7,"key":"SMITH"},{"data":"Tantrum","floor":10,"key":"SMITH"},{"data":"SignatureMove","floor":15,"key":"SMITH"}],"circlet_count":0,"master_deck":["ClearTheMind","ForeignInfluence","WheelKick","CutThroughFate","SignatureMove+1","Crescendo","ClearTheMind+1","Tantrum+1","FlurryOfBlows+1","Scrawl"],"relics":["PureWater","Lantern","Mummified Hand","Coffee Dripper"],"acts_visited":["Exordium","TheCity"],"potions_floor_usage":[],"damage_taken":[{"damage":0,"enemies":"Jaw Worm","floor":1,"turns":1},{"damage":0,"enemies":"2 Louse","floor":5,"turns":1},{"damage":0,"enemies":"Lagavulin","floor":14,"turns":1},{"damage":0,"enemies":"Slime Boss","floor":16,"turns":3}],"seed_played":"5449886700130892475","potions_obtained":[{"floor":14,"key":"SkillPotion"}],"is_trial":true,"path_per_floor":["M","?","$","?","M","R","R","?","T","R","?","$","$","E","R","B",null],"character_chosen":"WATCHER","items_purchased":["Lantern"],"campfire_rested":0,"item_purchase_floors":[13],"current_hp_per_floor":[72,72,72,72,72,72,72,69,69,69,74,74,74,74,74,74,77,77],"gold":138,"neow_bonus":"","is_daily":false,"chose_seed":false,"campfire_upgraded":4,"win_rate":0.0,"timestamp":1609936452,"path_taken":["M","?","$","?","?","R","R","?","T","R","?","$","$","E","R","BOSS"],"items_purchased_type":["Relic"],"build_version":"2020-12-22","purchased_purges":1,"victory":false,"max_hp_per_floor":[72,72,72,72,72,72,72,72,72,72,77,77,77,77,77,77,77,77],"card_choices":[{"not_picked":["Nirvana","Vengeance","Sanctity"],"picked":"SKIP","floor":1},{"not_picked":["SashWhip","WheelKick","CarveReality"],"picked":"SKIP","floor":5},{"not_picked":["ClearTheMind","Protect","Omniscience"],"picked":"SKIP","floor":14},{"not_picked":["DevaForm","Judgement"],"picked":"Scrawl","floor":16}],"player_experience":78793,"relics_obtained":[{"floor":14,"key":"Mummified Hand"}],"event_choices":[{"damage_healed":0,"gold_gain":69,"player_choice":"Gained Gold","damage_taken":0,"max_hp_gain":0,"max_hp_loss":0,"event_name":"Golden Wing","floor":2,"gold_loss":0},{"damage_healed":0,"gold_gain":0,"player_choice":"Ignored","damage_taken":0,"max_hp_gain":0,"max_hp_loss":0,"event_name":"NoteForYourself","floor":4,"gold_loss":0},{"damage_healed":0,"gold_gain":0,"player_choice":"Fled","damage_taken":3,"max_hp_gain":0,"max_hp_loss":0,"event_name":"Scrap Ooze","floor":8,"gold_loss":0},{"damage_healed":0,"gold_gain":0,"player_choice":"Donut","damage_taken":0,"max_hp_gain":5,"max_hp_loss":0,"event_name":"Big Fish","floor":11,"gold_loss":0}],"is_beta":false,"boss_relics":[{"not_picked":["Black Star","Fusion Hammer"],"picked":"Coffee Dripper"}],"items_purged_floors":[3],"is_endless":false,"potions_floor_spawned":[14],"ascension_level":0}}