{"host":"dn6kke80v5f7isus","time":1609968344,"event":{"mods":["AchievementEnabler","Act Like it!","BaseMod","Colored Powertips","Custom Start","Defuse TimeMaze Blight","Downfall","Duelist Mod","Gremlin Skip","Highlight Path","Hubris","Infinite Spire","Minty Spire (QoL Compilation)","Rare Cards Sparkle","Replay The Spire","StSLib","The Cursed","Uncapped"],"gold_per_floor":[135,155,155,176,44,44,44,44],"floor_reached":7,"playtime":274,"items_purged":["theDuelist:Sparks"],"score":43,"play_id":"924d15e5-b2fc-4689-b0d3-b700cd94f845","local_time":"20210106162544","is_ascension_mode":true,"campfire_choices":[{"data":"theDuelist:Oilman","floor":6,"key":"SMITH"}],"circlet_count":0,"master_deck":["theDuelist:CemetaryBomb","theDuelist:CastleWalls","theDuelist:Deskbot004","theDuelist:Deskbot005","theDuelist:CemetaryBomb","theDuelist:Deskbot005","theDuelist:GreenGadget","theDuelist:Deskbot009","theDuelist:Oilman+1","theDuelist:Biofalcon","theDuelist:Sparks","theDuelist:Deskbot004","theDuelist:CastleWalls","theDuelist:GreenGadget"],"relics":["theDuelist:MillenniumPuzzle","theDuelist:CardPoolRelic","theDuelist:CardPoolBasicRelic","theDuelist:BoosterPackPoolRelic","theDuelist:CardPoolAddRelic","theDuelist:CardPoolMinusRelic","theDuelist:CardPoolSaveRelic","theDuelist:CardPoolOptionsRelic","Golden Idol"],"acts_visited":["Exordium"],"potions_floor_usage":[],"damage_taken":[{"damage":0,"enemies":"Cultist","floor":1,"turns":4},{"damage":0,"enemies":"2 Louse","floor":2,"turns":2},{"damage":4,"enemies":"Jaw Worm","floor":4,"turns":5},{"damage":11,"enemies":"Lagavulin","floor":7,"turns":2}],"seed_played":"-159046408407684775","potions_obtained":[{"floor":2,"key":"theDuelist:GreasePot"},{"floor":4,"key":"theDuelist:TokenPotionB"}],"is_trial":false,"path_per_floor":["M","M","?","M","$","R","E"],"character_chosen":"THE_DUELIST","items_purchased":["theDuelist:CemetaryBomb"],"campfire_rested":0,"item_purchase_floors":[5],"current_hp_per_floor":[88,88,66,62,62,62,51,51],"gold":44,"neow_bonus":"TEN_PERCENT_HP_BONUS","is_daily":false,"chose_seed":false,"campfire_upgraded":1,"win_rate":0.0,"timestamp":1609968344,"path_taken":["M","?","?","M","$","R","E"],"items_purchased_type":["Card"],"build_version":"2020-12-22","purchased_purges":1,"victory":false,"max_hp_per_floor":[88,88,88,88,88,88,88,88],"card_choices":[{"not_picked":["theDuelist:CyberArchfiend","theDuelist:FlyingPegasus","theDuelist:AirCrackingStorm","theDuelist:SatelliteCannon"],"picked":"theDuelist:Oilman","floor":1},{"not_picked":["theDuelist:OrbitalBombardment","theDuelist:SolemnWarning","theDuelist:BarrelDragon","theDuelist:HeavyMetalRaiders"],"picked":"theDuelist:Deskbot009","floor":2},{"not_picked":["theDuelist:JunkWarrior","theDuelist:FrontlineObserver","theDuelist:Tuningware","theDuelist:AllyJustice"],"picked":"theDuelist:GreenGadget","floor":4}],"player_experience":534531,"relics_obtained":[],"event_choices":[{"damage_healed":0,"gold_gain":0,"player_choice":"Take Damage","damage_taken":22,"relics_obtained":["Golden Idol"],"max_hp_gain":0,"max_hp_loss":0,"event_name":"Golden Idol","floor":3,"gold_loss":0}],"is_beta":false,"boss_relics":[],"items_purged_floors":[5],"is_endless":false,"potions_floor_spawned":[2,4],"killed_by":"Lagavulin","ascension_level":1}}