{"host":"d9tpyi6mde8z2n96","time":1609968578,"event":{"mods":["100% Spire Juice","2.2 Compatiblity","AchievementEnabler","Act Like it!","AlwaysNeverKeys","Aspiration","BaseMod","Beaked The Cultist","Better Altar","Better Note","CapriCore","Challenge The Spire","Colored Map","Colored Powertips","Conspire","Defuse TimeMaze Blight","Dota2Spire","Downfall","Elementarium","Energized Spire","Evolution","Friendly Minions","Gensokyo","GifTheSpireLib","Gold Saver","GungeonMod","Halation","Hermit","HololiveMod","Hubris","Hyrulean Relics","Infinite Spire","Jess\u0027s Bottle","Jorbs\u0027s Wanderer Trilogy","Marisa????????","Melee Mod","Minty Spire (QoL Compilation)","MostiFishMod","Pale of the Ancients","Permanent Neow","Potionbrewer","Quick Restart","Railgun Mod","Replay The Spire","Robot Space Explorer","RumiaBox-????????","Shop Mod","Spikes Relics","StSLib","TestMod","The Alterego","The Blue Laboratory","The Death Knight","The Factory","The Fake Hero","The Marked","The Spell Scribe","Trackpad","Transform Curses","Virulent Crown","Waifu the Spire","Wandering Minibosses","WarShipGirlsR/????R mod","Yakumo Yukari mod"],"gold_per_floor":[431,443,6,20,20,20,20,20],"floor_reached":7,"playtime":358,"items_purged":["Moonworks:CloudOfSeagulls"],"score":41,"play_id":"1989b23c-e6e3-4526-b76b-9c4ef167b882","local_time":"20210106162938","is_ascension_mode":false,"campfire_choices":[{"data":"testmod-RepeatForm","floor":6,"key":"SMITH"}],"circlet_count":0,"master_deck":["Moonworks:Assault","Moonworks:Assault","Moonworks:LulusLuckyEgg","Moonworks:LulusLuckyEgg","Moonworks:Defend","Moonworks:Defend","Moonworks:Ambush","Moonworks:LongDistanceShot","Moonworks:EvilSpyWorkPreparation","Moonworks:JonathanRush","testmod-RepeatForm+1"],"relics":["Moonworks:BrokenBomb","Moonworks:Homemark","EVO:Axolotl","testmod-TestBox","DaveBox","SynthV:TestCard","ImprovedEquipment","testmod-IWantAll"],"acts_visited":["Exordium"],"potions_floor_usage":[7],"damage_taken":[{"damage":14,"enemies":"Cultist","floor":1,"turns":4},{"damage":0,"enemies":"Jaw Worm","floor":2,"turns":4},{"damage":0,"enemies":"2 Louse","floor":4,"turns":2},{"damage":46,"enemies":"Gremlin Nob","floor":7,"turns":4}],"seed_played":"-6052670663059163497","potions_obtained":[{"floor":2,"key":"Explosive Potion"}],"is_trial":false,"path_per_floor":["M","M","$","M","$","R","E"],"character_chosen":"THE_STARBREAKER","items_purchased":["Moonworks:JonathanRush","testmod-IWantAll","testmod-RepeatForm"],"campfire_rested":0,"item_purchase_floors":[3,3,3],"current_hp_per_floor":[46,46,46,46,46,46,0,0],"gold":20,"neow_bonus":"REMOVE_CARD","is_daily":false,"chose_seed":false,"campfire_upgraded":1,"win_rate":0.0,"timestamp":1609968578,"path_taken":["M","M","$","?","$","R","E"],"items_purchased_type":["Card","Relic","Card"],"build_version":"2020-12-22","purchased_purges":1,"victory":false,"max_hp_per_floor":[60,60,60,60,60,60,60,60],"card_choices":[{"not_picked":["Moonworks:NicePresent","Moonworks:JonathanRush"],"picked":"Moonworks:EvilSpyWorkPreparation","floor":1},{"not_picked":["Moonworks:IndiscriminateFireSupport","Moonworks:BackdoorTrade","Moonworks:ScrambledEve","Moonworks:DeployBits","Moonworks:x16BigRocket"],"picked":"SKIP","floor":2},{"not_picked":["Moonworks:ImOnFire","Moonworks:NicePresent","Moonworks:Heat300Percent","Moonworks:IndiscriminateFireSupport","Moonworks:BigBangBell"],"picked":"SKIP","floor":4}],"player_experience":1173362,"relics_obtained":[{"floor":1,"key":"SynthV:TestCard"}],"event_choices":[],"is_beta":false,"boss_relics":[],"items_purged_floors":[3],"is_endless":false,"potions_floor_spawned":[2],"killed_by":"Gremlin Nob","ascension_level":0}}