{"host":"l84l8xigz5v5foa2","time":1609943260,"event":{"mods":["2.2 Compatiblity","AchievementEnabler","BaseMod","Better Note","Better Vampires","Card Filter","Colored Map","DeckTracker","Downfall","Gremlin Skip","Highlight Path","Keyboard Shortcuts","Minty Spire (QoL Compilation)","Permanent Neow","Quick Restart","Relic Filter","Relic Stats","StSLib","SuperFastMode","Transform Curses","Unknown Chances"],"gold_per_floor":[99,119,119,119,119,119,119,130,149,149,149,174,99,119,131,203,203,203,203,203,203,203,203,203,203,203,203,203,203,203,203,203,203,203,203,203,203,203,28,28,28,13,13,13,13,13,13,13,13,13,13,13,13,13,13],"floor_reached":56,"playtime":3582,"items_purged":[],"score":2088,"play_id":"3eeee7d5-0d44-4088-8d51-4a22c6b4c08c","local_time":"20210106232740","is_ascension_mode":true,"campfire_choices":[{"data":"hexamod:Float","floor":1.0,"key":"SMITH"},{"data":"expansioncontent:StudyTheSpire","floor":6.0,"key":"SMITH"},{"data":"hexamod:ThermalTransfer","floor":11.0,"key":"SMITH"},{"floor":13.0,"key":"RECALL"},{"data":"hexamod:HexaLevel","floor":18.0,"key":"SMITH"},{"data":"hexamod:InspiringFlames","floor":23.0,"key":"SMITH"},{"data":"hexamod:AdvancingGuard","floor":25.0,"key":"SMITH"},{"data":"hexamod:SkipABeat","floor":35.0,"key":"SMITH"},{"data":"hexamod:Hexaguard","floor":40,"key":"SMITH"}],"circlet_count":0,"master_deck":["AscendersBane","hexamod:Strike+1","hexamod:Strike+1","hexamod:Defend+1","hexamod:Defend+1","hexamod:Sear+1","hexamod:Float+1","expansioncontent:StudyTheSpire+1","hexamod:Hexaguard+1","hexamod:FourthSeal","hexamod:ThermalTransfer+1","hexamod:AdvancingGuard+1","hexamod:HexaLevel+1","hexamod:Rewind+1","hexamod:InspiringFlames+1","hexamod:NightmareGuise+1","hexamod:SixthSeal","hexamod:HeatCrush+1","hexamod:SkipABeat+1","hexamod:NecessarySacrifice+1","hexamod:Rewind+1","hexamod:CatchUp+1","hexamod:SpectersWail+1","hexamod:NightmareStrike+1","hexamod:TimeWarp+1","hexamod:RainOfEmbers+1","hexamod:HauntingEcho+1"],"relics":["hexamod:SpiritBrand","Thread and Needle","Bottled Lightning","Meat on the Bone","downfall:HeartBlessingGreen","downfall:Hecktoplasm","downfall:HeartBlessingRed","downfall:HeartBlessingBlue","Whetstone","Coffee Dripper","Vajra","Lizard Tail","Eternal Feather","Happy Flower"],"acts_visited":["Exordium","TheCity","TheBeyond","TheEnding"],"potions_floor_usage":[37,43,47,49,52],"damage_taken":[{"damage":8.0,"enemies":"Small Slimes","floor":2.0,"turns":3.0},{"damage":0.0,"enemies":"2 Louse","floor":8.0,"turns":3.0},{"damage":0.0,"enemies":"Cultist","floor":9.0,"turns":3.0},{"damage":0.0,"enemies":"3 Sentries","floor":12.0,"turns":4.0},{"damage":0.0,"enemies":"2 Fungi Beasts","floor":14.0,"turns":4.0},{"damage":0.0,"enemies":"Red Slaver","floor":15.0,"turns":4.0},{"damage":17.0,"enemies":"downfall:Ironclad","floor":16.0,"turns":10.0},{"damage":2.0,"enemies":"3 Byrds","floor":19.0,"turns":5.0},{"damage":1.0,"enemies":"Spheric Guardian","floor":20.0,"turns":6.0},{"damage":2.0,"enemies":"downfall:Augmenter","floor":21.0,"turns":5.0},{"damage":52.0,"enemies":"Gremlin Leader","floor":26.0,"turns":7.0},{"damage":0.0,"enemies":"Centurion and Healer","floor":27.0,"turns":6.0},{"damage":15.0,"enemies":"Cultist and Chosen","floor":28.0,"turns":7.0},{"damage":8.0,"enemies":"Shelled Parasite and Fungi","floor":29.0,"turns":6.0},{"damage":0.0,"enemies":"Snecko","floor":30.0,"turns":6.0},{"damage":0.0,"enemies":"Sentry and Sphere","floor":32.0,"turns":6.0},{"damage":9.0,"enemies":"downfall:Silent","floor":33.0,"turns":7.0},{"damage":0.0,"enemies":"3 Darklings","floor":36.0,"turns":6.0},{"damage":10,"enemies":"3 Shapes","floor":37,"turns":4},{"damage":0,"enemies":"downfall:FleeingMerchant","floor":39,"turns":4},{"damage":0,"enemies":"downfall:FleeingMerchant","floor":42,"turns":4},{"damage":12,"enemies":"Spire Growth","floor":43,"turns":5},{"damage":14,"enemies":"Writhing Mass","floor":44,"turns":5},{"damage":3,"enemies":"Mind Bloom Boss Battle","floor":45,"turns":5},{"damage":0,"enemies":"downfall:FleeingMerchant","floor":47,"turns":3},{"damage":0,"enemies":"3 Darklings","floor":49,"turns":3},{"damage":14,"enemies":"downfall:Defect","floor":50,"turns":7},{"damage":28,"enemies":"downfall:CharBossMerchant","floor":52,"turns":5},{"damage":86,"enemies":"downfall:NeowBoss","floor":55,"turns":21}],"seed_played":"-2951360152800713695","potions_obtained":[{"floor":2.0,"key":"SpeedPotion"},{"floor":5.0,"key":"Weak Potion"},{"floor":14.0,"key":"Block Potion"},{"floor":15.0,"key":"hexamod:DoubleChargePotion"},{"floor":16.0,"key":"Fire Potion"},{"floor":19.0,"key":"PowerPotion"},{"floor":20.0,"key":"Slimebound:ThreeZeroPotion"},{"floor":21.0,"key":"Swift Potion"},{"floor":26.0,"key":"sneckomod:MuddlingPotion"},{"floor":27.0,"key":"EntropicBrew"},{"floor":28.0,"key":"SteroidPotion"},{"floor":29.0,"key":"Regen Potion"},{"floor":29.0,"key":"Energy Potion"},{"floor":30.0,"key":"EssenceOfSteel"},{"floor":33.0,"key":"SneckoOil"},{"floor":33.0,"key":"ColorlessPotion"},{"floor":36.0,"key":"sneckomod:MuddlingPotion"},{"floor":37,"key":"Weak Potion"},{"floor":42,"key":"FairyPotion"},{"floor":43,"key":"Explosive Potion"},{"floor":44,"key":"LiquidMemories"},{"floor":47,"key":"AttackPotion"},{"floor":49,"key":"SneckoOil"},{"floor":52,"key":"Fire Potion"}],"is_trial":false,"path_per_floor":["R","M","?","?","?","R","T","M","M","?","R","E","R","M","M","B",null,"R","M","M","?","?","R","T","R","E","M","M","M","M","?","M","B",null,"R","M","M","?","$","R","T","$","M","M","?","R","$","T","M","B",null,"E","$","R","B",null],"character_chosen":"THE_SPIRIT","items_purchased":["hexamod:TimeWarp"],"campfire_rested":0,"item_purchase_floors":[39],"current_hp_per_floor":[57,49,49,54,54,54,54,54,54,54,54,54,54,54,54,37,56,56,54,53,51,51,51,51,61,21,33,30,34,49,49,49,40,64,64,64,54,54,54,54,54,54,42,38,47,47,47,47,47,45,65,37,37,52,15],"gold":13,"neow_bonus":"RANDOM_COLORLESS_2","is_daily":false,"chose_seed":false,"campfire_upgraded":8,"win_rate":0.0,"timestamp":1609943260,"path_taken":["R","M","?","?","?","R","T","?","M","?","R","E","R","M","M","BOSS","R","M","M","?","?","R","T","R","E","M","M","M","?","?","M","BOSS","R","M","?","?","?","R","T","$","M","?","?","R","$","?","M","BOSS","E","$","R","BOSS"],"items_purchased_type":["Card"],"build_version":"2020-12-22","purchased_purges":0,"victory":true,"max_hp_per_floor":[57,57,57,62,62,62,62,62,62,62,62,62,62,62,62,62,62,62,62,62,62,62,62,62,72,72,72,72,72,72,72,72,72,72,72,72,72,72,72,72,72,72,72,72,72,72,72,72,72,72,72,72,72,72,72],"relic_stats":{"Lizard Tail":0,"Happy Flower":[7],"counters":[29,164],"Eternal Feather":15,"Whetstone":["hexamod:Strike","hexamod:Strike"],"obtain_stats":[{"downfall:HeartBlessingRed":18,"Happy Flower":52,"Vajra":41,"Thread and Needle":3,"downfall:HeartBlessingGreen":13,"Eternal Feather":48,"Whetstone":26,"Lizard Tail":45,"downfall:HeartBlessingBlue":25,"downfall:Hecktoplasm":17,"Coffee Dripper":34,"Bottled Lightning":7,"hexamod:SpiritBrand":0,"Meat on the Bone":12},{"downfall:HeartBlessingRed":7,"Happy Flower":28,"Vajra":20,"Thread and Needle":1,"downfall:HeartBlessingGreen":4,"Eternal Feather":25,"Whetstone":11,"Lizard Tail":24,"downfall:HeartBlessingBlue":10,"downfall:Hecktoplasm":7,"Coffee Dripper":17,"Bottled Lightning":1,"hexamod:SpiritBrand":0,"Meat on the Bone":4},{"downfall:HeartBlessingRed":31,"Happy Flower":143,"Vajra":106,"Thread and Needle":3,"downfall:HeartBlessingGreen":13,"Eternal Feather":128,"Whetstone":54,"Lizard Tail":125,"downfall:HeartBlessingBlue":47,"downfall:Hecktoplasm":31,"Coffee Dripper":92,"Bottled Lightning":3,"hexamod:SpiritBrand":0,"Meat on the Bone":13}],"Meat on the Bone":84},"card_choices":[{"not_picked":["Secret Weapon","Violence"],"picked":"expansioncontent:StudyTheSpire","floor":0.0},{"not_picked":["hexamod:BacktrackSmack","hexamod:HeatCrush"],"picked":"hexamod:Hexaguard","floor":2.0},{"not_picked":["hexamod:RetreatToShadows","hexamod:GhostOfSpireFuture"],"picked":"hexamod:FourthSeal","floor":8.0},{"not_picked":["hexamod:RetreatToShadows","hexamod:GhostLash"],"picked":"hexamod:ThermalTransfer","floor":9.0},{"not_picked":["hexamod:RetreatToShadows","hexamod:GhostLash"],"picked":"hexamod:AdvancingGuard","floor":12.0},{"not_picked":["hexamod:GhostLash","hexamod:RetreatToShadows","hexamod:BurningTouch"],"picked":"SKIP","floor":14.0},{"not_picked":["hexamod:Firestarter","hexamod:EmpoweredFlame","hexamod:SpectersWail"],"picked":"SKIP","floor":15.0},{"not_picked":["hexamod:ApocalypticArmor","hexamod:CrushingStance"],"picked":"hexamod:HexaLevel","floor":16.0},{"not_picked":["hexamod:DynamicBlow","hexamod:Hexaguard"],"picked":"hexamod:Rewind","floor":19.0},{"not_picked":["hexamod:NightmareGuise","hexamod:BacktrackSmack"],"picked":"hexamod:InspiringFlames","floor":20.0},{"not_picked":["hexamod:HeatMetal","hexamod:InspiringFlames"],"picked":"hexamod:NightmareGuise+1","floor":21.0},{"not_picked":["hexamod:PhantomCloak","hexamod:Hexaguard","hexamod:Haunt"],"picked":"SKIP","floor":26.0},{"not_picked":["hexamod:ShieldOfDarkness","hexamod:SoulSteal","hexamod:BacktrackSmack"],"picked":"SKIP","floor":27.0},{"not_picked":["hexamod:BacktrackSmack","hexamod:Toasty"],"picked":"hexamod:SkipABeat","floor":28.0},{"not_picked":["hexamod:BacktrackSmack","hexamod:FlamesFromBeyond"],"picked":"hexamod:NecessarySacrifice","floor":29.0},{"not_picked":["hexamod:NightmareGuise","hexamod:GhostOfSpireFuture","hexamod:GhostLash"],"picked":"SKIP","floor":30.0},{"not_picked":["hexamod:HeatCrush","hexamod:SkipABeat"],"picked":"hexamod:CatchUp","floor":32.0},{"not_picked":["hexamod:NightmareStrike","hexamod:DynamicBlow"],"picked":"hexamod:SpectersWail+1","floor":36.0},{"not_picked":["hexamod:RadiantFlame","hexamod:ThermalTransfer"],"picked":"hexamod:NightmareStrike+1","floor":37},{"not_picked":["hexamod:InspiringFlames+1","hexamod:SwordOfDarkness","hexamod:ShieldOfDarkness"],"picked":"SKIP","floor":39},{"not_picked":["hexamod:BacktrackSmack+1","hexamod:Haunt"],"picked":"hexamod:RainOfEmbers+1","floor":42},{"not_picked":["hexamod:RadiantFlame","hexamod:ThermalTransfer"],"picked":"hexamod:HauntingEcho","floor":43},{"not_picked":["hexamod:NightmareStrike","hexamod:BurningTouch","hexamod:SixthSeal"],"picked":"SKIP","floor":44},{"not_picked":["hexamod:NightmareStrike","hexamod:BurningTouch","hexamod:SixthSeal"],"picked":"SKIP","floor":44},{"not_picked":["hexamod:SpectersWail","hexamod:NightmareStrike","hexamod:SearingWound"],"picked":"SKIP","floor":47},{"not_picked":["hexamod:CatchUp","hexamod:Firestarter","hexamod:ThermalTransfer"],"picked":"SKIP","floor":49},{"not_picked":["hexamod:SpectersWail+1","hexamod:BurningTouch","hexamod:NightmareStrike"],"picked":"SKIP","floor":52}],"player_experience":2929905,"relics_obtained":[{"floor":7.0,"key":"Bottled Lightning"},{"floor":12.0,"key":"Meat on the Bone"},{"floor":26.0,"key":"Whetstone"},{"floor":41,"key":"Vajra"},{"floor":45,"key":"Lizard Tail"},{"floor":48,"key":"Eternal Feather"},{"floor":52,"key":"Happy Flower"}],"event_choices":[{"damage_healed":0.0,"max_hp_gain":5.0,"max_hp_loss":0.0,"gold_gain":0.0,"event_name":"Big Fish","player_choice":"Donut","floor":4.0,"gold_loss":0.0,"damage_taken":0.0},{"damage_healed":0.0,"max_hp_gain":0.0,"max_hp_loss":0.0,"gold_gain":0.0,"event_name":"Lab","player_choice":"Got Potions","floor":5.0,"gold_loss":0.0,"damage_taken":0.0},{"cards_removed":["hexamod:Defend"],"damage_healed":0.0,"max_hp_gain":0.0,"max_hp_loss":0.0,"gold_gain":0.0,"event_name":"Purifier","player_choice":"Purged","floor":10.0,"gold_loss":0.0,"damage_taken":0.0},{"damage_healed":0.0,"max_hp_gain":0.0,"max_hp_loss":0.0,"gold_gain":0.0,"event_name":"Upgrade Shrine","player_choice":"Upgraded","floor":22.0,"gold_loss":0.0,"damage_taken":0.0,"cards_upgraded":["hexamod:Rewind"]},{"damage_healed":0.0,"max_hp_gain":0.0,"max_hp_loss":0.0,"gold_gain":0.0,"event_name":"Duplicator","player_choice":"Copied","floor":31.0,"gold_loss":0.0,"damage_taken":0.0,"cards_obtained":["hexamod:Rewind"]},{"cards_removed":["hexamod:Strike"],"damage_healed":0,"gold_gain":0,"player_choice":"Purged","damage_taken":0,"max_hp_gain":0,"max_hp_loss":0,"event_name":"Purifier","floor":38,"gold_loss":0}],"is_beta":false,"boss_relics":[{"not_picked":["Astrolabe","Empty Cage"],"picked":"downfall:Hecktoplasm"},{"not_picked":["Runic Pyramid","SlaversCollar"],"picked":"Coffee Dripper"}],"items_purged_floors":[],"is_endless":false,"potions_floor_spawned":[2,9,16,21,28,29,30,32,33,36,44,45,49],"ascension_level":20}}