{"host":"gl7gfqdgzaxu5sie","time":1609931945,"event":{"mods":["AchievementEnabler","BaseMod","Colored Map","DeckTracker","Minty Spire (QoL Compilation)"],"gold_per_floor":[111,126,126,146,161,161,189,200,200,212,212,242,242,275,275,275,275],"floor_reached":16,"playtime":704,"items_purged":[],"score":183,"play_id":"a95a142c-9ea7-4072-a9df-74be40c9d545","local_time":"20210106201905","is_ascension_mode":true,"campfire_choices":[{"data":"Rage","floor":6,"key":"SMITH"},{"data":"Bash","floor":11,"key":"SMITH"},{"floor":13,"key":"REST"},{"data":"Shrug It Off","floor":15,"key":"SMITH"}],"circlet_count":0,"master_deck":["AscendersBane","Strike_R","Strike_R","Strike_R","Strike_R","Strike_R","Defend_R","Defend_R","Defend_R","Defend_R","Bash+1","Shrug It Off+1","Inflame","Flex","Rage+1","Dropkick","Limit Break"],"relics":["Burning Blood","Calipers","The Courier","Peace Pipe","InkBottle"],"acts_visited":["Exordium"],"potions_floor_usage":[12,14,16],"damage_taken":[{"damage":11,"enemies":"Jaw Worm","floor":1,"turns":5},{"damage":3,"enemies":"Cultist","floor":2,"turns":5},{"damage":5,"enemies":"Small Slimes","floor":4,"turns":3},{"damage":20,"enemies":"3 Louse","floor":5,"turns":6},{"damage":45,"enemies":"Gremlin Nob","floor":7,"turns":5},{"damage":1,"enemies":"2 Fungi Beasts","floor":8,"turns":4},{"damage":9,"enemies":"Looter","floor":10,"turns":3},{"damage":22,"enemies":"3 Sentries","floor":12,"turns":12},{"damage":15,"enemies":"Gremlin Nob","floor":14,"turns":5},{"damage":32,"enemies":"Hexaghost","floor":16,"turns":9}],"seed_played":"8276020383304207645","potions_obtained":[{"floor":2,"key":"EssenceOfSteel"},{"floor":8,"key":"Weak Potion"},{"floor":10,"key":"SkillPotion"}],"is_trial":false,"path_per_floor":["M","M","?","M","M","R","E","M","T","M","R","E","R","E","R","B"],"character_chosen":"IRONCLAD","items_purchased":[],"campfire_rested":1,"item_purchase_floors":[],"current_hp_per_floor":[75,78,78,79,65,65,26,31,31,28,28,12,38,29,29,0,0],"gold":275,"neow_bonus":"TEN_PERCENT_HP_BONUS","is_daily":false,"chose_seed":false,"campfire_upgraded":3,"win_rate":0.0,"timestamp":1609931945,"path_taken":["M","M","?","M","M","R","E","M","T","M","R","E","R","E","R","BOSS"],"items_purchased_type":[],"build_version":"2020-12-22","purchased_purges":0,"victory":false,"max_hp_per_floor":[88,88,88,88,88,88,88,88,88,88,88,88,88,88,88,88,88],"card_choices":[{"not_picked":["Clothesline","Heavy Blade"],"picked":"Shrug It Off","floor":1},{"not_picked":["Intimidate","Rampage"],"picked":"Inflame","floor":2},{"not_picked":["Warcry","Perfected Strike"],"picked":"Flex","floor":4},{"not_picked":["Flex","Perfected Strike"],"picked":"Rage","floor":5},{"not_picked":["Clash","Twin Strike"],"picked":"Dropkick","floor":7},{"not_picked":["Feel No Pain","Anger"],"picked":"Limit Break","floor":8},{"not_picked":["Havoc","Blood for Blood","Armaments"],"picked":"SKIP","floor":10},{"not_picked":["Clothesline","Body Slam","Blood for Blood"],"picked":"SKIP","floor":12},{"not_picked":["Perfected Strike","Inflame","Headbutt"],"picked":"SKIP","floor":14}],"player_experience":571676,"relics_obtained":[{"floor":7,"key":"Calipers"},{"floor":9,"key":"The Courier"},{"floor":12,"key":"Peace Pipe"},{"floor":14,"key":"InkBottle"}],"event_choices":[{"damage_healed":0,"gold_gain":0,"player_choice":"Bought 0 Potions","damage_taken":0,"max_hp_gain":0,"max_hp_loss":0,"event_name":"The Woman in Blue","floor":3,"gold_loss":0}],"is_beta":false,"boss_relics":[],"items_purged_floors":[],"is_endless":false,"potions_floor_spawned":[2,8,10],"killed_by":"Hexaghost","ascension_level":10}}