{"host":"pa65g39v0cwbmgvo","time":1609921417,"event":{"mods":["2.2 Compatiblity","ATMod(°¢èªMod)","BaseMod","Better Skull","Better Third Choice","BetterRewards","Dota2Spire","Minty Spire (QoL Compilation)","Quick Restart","Replay The Spire","Spicy Shops","StSLib","SuperFastMode","¡¾ÒÅÎï¿¨ÅÆ¡¿REMEMod"],"gold_per_floor":[118,118,218,232,87,112,112,146,146,179,190,190,210,210,210,314,314,324,249,249,265,265,297,297,58,85,85,120,131,143,183,183,278,278,290,304,304,324,335,369,369,401,401,419,62,75,15,31,31,31,31,31,31,61,61,61],"floor_reached":55,"playtime":1163,"items_purged":["Parasite","Strike_G"],"score":1029,"play_id":"ba26f372-e6e7-4687-b907-48c023de4299","local_time":"20210106162337","is_ascension_mode":true,"campfire_choices":[{"data":"AT_OneInchPunch","floor":7.0,"key":"SMITH"},{"data":"Blade Dance","floor":12.0,"key":"SMITH"},{"data":"Accuracy","floor":24.0,"key":"SMITH"},{"floor":32,"key":"RECALL"},{"data":"Adrenaline","floor":41,"key":"SMITH"},{"data":"Strike_G","floor":49,"key":"PURGE"},{"data":"Replay:Bag of Tricks","floor":52,"key":"SMITH"}],"circlet_count":0,"master_deck":["Strike_G","Strike_G","Defend_G","Defend_G","Defend_G","Defend_G","Defend_G","Survivor","Neutralize","Blade Dance+1","Escape Plan+1","Blade Dance","Accuracy+1","Replay:Bag of Tricks+1","AT_ThistleTea+1","Accuracy+1","Escape Plan","Backflip","Adrenaline+1","Accuracy+1"],"relics":["Ring of the Snake","REME_ComplimentaryCards","AT_ATBox","AT_BladeRuinedKing","Dota2Spire:EchoSabre","Divine Protection","Pet Ghost","Shuriken","REME_PuzzleBoxRelic","WristBlade","Darkstone Periapt","Dota2Spire:AghanimScepter","AT_EbonyIvory","Smiling Mask","Mummified Hand","Busted Crown","Sundial","AT_RabadonDeathcap","Iron Hammer","BargainBundle","DollysMirror","Strawberry"],"acts_visited":["Exordium","TheCity","TheBeyond","TheEnding"],"potions_floor_usage":[30],"damage_taken":[{"damage":1.0,"enemies":"Small Slimes","floor":1.0,"turns":4.0},{"damage":0.0,"enemies":"2 Louse","floor":4.0,"turns":2.0},{"damage":6.0,"enemies":"Gremlin Nob","floor":6.0,"turns":3.0},{"damage":0.0,"enemies":"Replay:BlueRogue","floor":8.0,"turns":3.0},{"damage":10.0,"enemies":"Lagavulin","floor":10.0,"turns":4.0},{"damage":0.0,"enemies":"Cultist","floor":11.0,"turns":2.0},{"damage":0.0,"enemies":"Exordium Thugs","floor":13.0,"turns":3.0},{"damage":26.0,"enemies":"The Guardian","floor":16.0,"turns":3.0},{"damage":0.0,"enemies":"Chosen","floor":18.0,"turns":1.0},{"damage":0.0,"enemies":"Shell Parasite","floor":21.0,"turns":2.0},{"damage":4.0,"enemies":"Book of Stabbing","floor":23.0,"turns":2.0},{"damage":0,"enemies":"Gremlin Leader","floor":28,"turns":2},{"damage":1,"enemies":"Cultist and Chosen","floor":29,"turns":2},{"damage":0,"enemies":"Snake Plant","floor":30,"turns":2},{"damage":6,"enemies":"Automaton","floor":33,"turns":4},{"damage":0,"enemies":"3 Darklings","floor":35,"turns":2},{"damage":0,"enemies":"Orb Walker","floor":36,"turns":1},{"damage":0,"enemies":"Spire Growth","floor":38,"turns":1},{"damage":0,"enemies":"Jaw Worm Horde","floor":39,"turns":1},{"damage":0,"enemies":"Reptomancer","floor":40,"turns":3},{"damage":0,"enemies":"R_Hoarder","floor":42,"turns":2},{"damage":0,"enemies":"Writhing Mass","floor":44,"turns":3},{"damage":0,"enemies":"Transient","floor":46,"turns":2},{"damage":0,"enemies":"Maw","floor":48,"turns":1},{"damage":0,"enemies":"Donu and Deca","floor":50,"turns":2},{"damage":0,"enemies":"Shield and Spear","floor":54,"turns":2},{"damage":80,"enemies":"The Heart","floor":55,"turns":4}],"seed_played":"8746042313474753829","potions_obtained":[{"floor":4.0,"key":"Weak Potion"},{"floor":10.0,"key":"Block Potion"},{"floor":11.0,"key":"SteroidPotion"},{"floor":29,"key":"Dota2Spire:HealingSalve"},{"floor":36,"key":"Dota2Spire:HealingSalve"}],"is_trial":false,"path_per_floor":["M","?","?","M","$","E","R","E","T","E","M","R","M","T","R","B",null,"M","?","?","M","?","E","R","$","T","?","E","M","M","?","R","B",null,"M","M","?","M","M","E","R","E","T","M","$","M","?","M","R","B",null,"R","$","E","B"],"character_chosen":"THE_SILENT","items_purchased":["Dota2Spire:EchoSabre","Dota2Spire:AghanimScepter","BargainBundle","DollysMirror"],"campfire_rested":0,"item_purchase_floors":[5,25,45,45],"current_hp_per_floor":[69,66,66,66,66,60,60,60,60,50,50,50,50,50,70,44,70,70,70,70,70,70,66,66,66,66,66,66,65,65,65,65,59,70,70,70,70,70,70,70,70,70,70,76,73,73,73,73,73,73,73,73,73,80,0,0],"gold":61,"neow_bonus":"","is_daily":false,"chose_seed":false,"campfire_upgraded":5,"win_rate":0.0,"timestamp":1609921417,"path_taken":["M","?","?","?","$","E","R","E","T","E","M","R","M","?","R","BOSS","M","?","?","?","?","E","R","?","T","?","E","M","M","?","R","BOSS","M","M","?","M","M","E","R","E","T","M","$","?","?","M","R","BOSS","R","$","E","BOSS"],"items_purchased_type":["Relic","Relic","Relic","Relic"],"build_version":"2020-12-22","purchased_purges":2,"victory":false,"max_hp_per_floor":[70,70,70,70,70,70,70,70,70,70,70,70,70,70,70,70,70,70,70,70,70,70,70,70,70,70,70,70,70,70,70,70,70,70,70,70,70,70,70,70,70,70,70,76,73,73,73,73,73,73,73,73,73,80,80,80],"card_choices":[{"not_picked":["Prepared","ReplayTheSpireMod:Shiv Toss"],"picked":"Blade Dance","floor":1.0},{"not_picked":["Tactician","Deflect","ReplayTheSpireMod:Tripwire"],"picked":"SKIP","floor":4.0},{"not_picked":["Deadly Poison","Distraction"],"picked":"Escape Plan","floor":6.0},{"not_picked":["Well Laid Plans","REME_ShadowStrike","Fluid Movement"],"picked":"SKIP","floor":8.0},{"not_picked":["PiercingWail","Poison Darts","Replay:Poison Smokescreen"],"picked":"SKIP","floor":10.0},{"not_picked":["Dagger Spray","Slice"],"picked":"Blade Dance","floor":11.0},{"not_picked":["Deflect","Backflip"],"picked":"Accuracy","floor":13.0},{"not_picked":["Night Terror","AT_MyraUnstableElement"],"picked":"Replay:Bag of Tricks","floor":16.0},{"not_picked":["Flying Knee","Cloak And Dagger+1"],"picked":"AT_ThistleTea+1","floor":18.0},{"not_picked":["Bouncing Flask","Deflect","Quick Slash"],"picked":"SKIP","floor":21.0},{"not_picked":["ReplayTheSpireMod:Exploit Weakness","AT_WindFlip+1","Endless Agony"],"picked":"SKIP","floor":23.0},{"not_picked":["Well Laid Plans","Dagger Throw"],"picked":"Escape Plan","floor":28},{"not_picked":["Dagger Throw","Blade Dance","Flying Knee"],"picked":"SKIP","floor":29},{"not_picked":["Slice","Backflip","Catalyst"],"picked":"SKIP","floor":30},{"not_picked":["Dagger Spray","Slice+1"],"picked":"Backflip","floor":31},{"not_picked":["REME_GrazeFinale","Die Die Die"],"picked":"Adrenaline","floor":33},{"not_picked":["Fluid Movement"],"picked":"SKIP","floor":35},{"not_picked":["Prepared"],"picked":"SKIP","floor":36},{"not_picked":["AT_TinkerSharpsword+1"],"picked":"SKIP","floor":38},{"not_picked":["Calculated Gamble"],"picked":"SKIP","floor":39},{"not_picked":["Outmaneuver+1"],"picked":"SKIP","floor":40},{"not_picked":["Dagger Spray"],"picked":"SKIP","floor":42},{"not_picked":["AT_WomanClash"],"picked":"SKIP","floor":44},{"not_picked":["AT_WomanClash"],"picked":"SKIP","floor":44},{"not_picked":["Noxious Fumes+1"],"picked":"SKIP","floor":46},{"not_picked":["Dagger Throw+1"],"picked":"SKIP","floor":48},{"not_picked":["Night Terror"],"picked":"SKIP","floor":54}],"player_experience":53911,"relics_obtained":[{"floor":6.0,"key":"Divine Protection"},{"floor":8.0,"key":"Pet Ghost"},{"floor":9.0,"key":"Shuriken"},{"floor":10.0,"key":"REME_PuzzleBoxRelic"},{"floor":23.0,"key":"Darkstone Periapt"},{"floor":26.0,"key":"AT_EbonyIvory"},{"floor":28,"key":"Smiling Mask"},{"floor":31,"key":"Mummified Hand"},{"floor":40,"key":"Sundial"},{"floor":42,"key":"AT_RabadonDeathcap"},{"floor":43,"key":"Iron Hammer"},{"floor":54,"key":"Strawberry"}],"event_choices":[{"damage_healed":0.0,"max_hp_gain":0.0,"max_hp_loss":0.0,"gold_gain":0.0,"event_name":"betterThird:BetterScrap","player_choice":"Relic ","floor":2.0,"gold_loss":0.0,"damage_taken":3.0,"cards_obtained":["Flame Barrier"]},{"damage_healed":0.0,"max_hp_gain":0.0,"max_hp_loss":0.0,"gold_gain":100.0,"event_name":"Golden Shrine","player_choice":"Pray","floor":3.0,"gold_loss":0.0,"damage_taken":0.0},{"cards_removed":["AT_OneInchPunch"],"damage_healed":0.0,"max_hp_gain":0.0,"max_hp_loss":0.0,"gold_gain":0.0,"event_name":"Beggar","player_choice":"Gave Gold","floor":19.0,"gold_loss":75.0,"damage_taken":0.0},{"damage_healed":0.0,"max_hp_gain":0.0,"max_hp_loss":0.0,"gold_gain":0.0,"event_name":"Duplicator","player_choice":"Copied","floor":20.0,"gold_loss":0.0,"damage_taken":0.0,"cards_obtained":["Accuracy"]},{"damage_healed":0.0,"max_hp_gain":0.0,"max_hp_loss":0.0,"gold_gain":0.0,"event_name":"Vampires","player_choice":"Ignored","floor":22.0,"gold_loss":0.0,"damage_taken":0.0},{"damage_healed":0,"gold_gain":0,"player_choice":"Ignored","damage_taken":0,"max_hp_gain":0,"max_hp_loss":0,"event_name":"Cursed Tome","floor":27,"gold_loss":0},{"damage_healed":0,"gold_gain":0,"player_choice":"Forge","damage_taken":0,"max_hp_gain":0,"max_hp_loss":0,"event_name":"Accursed Blacksmith","floor":37,"gold_loss":0,"cards_upgraded":["Accuracy"]},{"cards_removed":["Strike_G"],"damage_healed":0,"gold_gain":0,"player_choice":"Single Remove","damage_taken":0,"max_hp_gain":0,"max_hp_loss":0,"event_name":"Designer","floor":47,"gold_loss":60}],"is_beta":false,"boss_relics":[{"not_picked":["Philosopher\u0027s Stone","Velvet Choker"],"picked":"WristBlade"},{"not_picked":["Replay:Drink Me","Astrolabe"],"picked":"Busted Crown"}],"items_purged_floors":[45,45],"is_endless":false,"potions_floor_spawned":[4,10,11,18,23,28,29,36,38,42],"killed_by":"The Heart","ascension_level":2}}