{"host":"k5ezbu40hxyit46v","time":1609974031,"event":{"mods":["Act Like it!","Aspiration","Astrologer","BaseMod","BetterRewards","Conspire","DeckTracker","Energized Spire","Gensokyo","Googly Eyes","Halation","HexUI Lib","Highlight Path","Hubris","Infinite Spire","Ironclad Rager","Jedi Mod","Mad Scientist","Marisa????????","Minty Spire (QoL Compilation)","Quarter Circle Forward PUNCH!","Quick Restart","Replay The Spire","Reworked Bosses","Shop Mod","Spikes Relics","StSLib","The Administrix","The Awakened One except there are too many feathers","The Bladedancer","The Cursed","The IronCluck","The Servant 0.9.4","The Wild Card","everything is the same but u backflip on backflip","slay the spire mod where everything is the same but ironclad has a cowboy hat","vexMod"],"gold_per_floor":[113,113,125,136,152,152,181,192,192,225,16,32,32,52,52,329,329,342,361,241,201,201,201],"floor_reached":22,"playtime":1073,"items_purged":[],"score":576,"play_id":"f08a9e6e-0df7-4775-ad1d-d8004328517f","local_time":"20210106180031","is_ascension_mode":true,"campfire_choices":[{"data":"Metallicize","floor":6.0,"key":"SMITH"},{"data":"Reaper","floor":15.0,"key":"SMITH"}],"circlet_count":0,"master_deck":["AscendersBane","Strike_R","Strike_R","Strike_R","Strike_R","Strike_R","Defend_R","Defend_R","Defend_R","Defend_R","Bash+1","Metallicize+1","Metallicize+1","Reaper+1","Feed+1"],"relics":["Burning Blood","Another Sword","SpikesRelics:ToyHorsey","hubris:MedicalManual","hubris:PeanutButter","infinitespire:Bottled Soul","Vajra","vexMod:PaidLearning","halation:PromiseList","Gensokyo:SpiderMask"],"acts_visited":["Gensokyo:Gensokyo","Gensokyo:Gensokyoer"],"potions_floor_usage":[16,16],"damage_taken":[{"damage":0.0,"enemies":"Gensokyo:Python","floor":1.0,"turns":2.0},{"damage":0.0,"enemies":"Gensokyo:Gryphon","floor":3.0,"turns":2.0},{"damage":0.0,"enemies":"Gensokyo:2_Kodama","floor":4.0,"turns":4.0},{"damage":0.0,"enemies":"Gensokyo:Kitsune","floor":5.0,"turns":4.0},{"damage":20.0,"enemies":"Gensokyo:Cirno","floor":7.0,"turns":8.0},{"damage":0.0,"enemies":"Gensokyo:LivingMonolith","floor":8.0,"turns":3.0},{"damage":2.0,"enemies":"Gensokyo:Mamizou","floor":10.0,"turns":10.0},{"damage":34.0,"enemies":"Gensokyo:5_Fairies","floor":12.0,"turns":6.0},{"damage":0.0,"enemies":"Gensokyo:Kitsune","floor":14.0,"turns":4.0},{"damage":3,"enemies":"Gensokyo:Yukari","floor":16,"turns":16},{"damage":33,"enemies":"Gensokyo:Chomper","floor":18,"turns":8},{"damage":36,"enemies":"Gensokyo:AngelMirror","floor":19,"turns":7},{"damage":86,"enemies":"Gensokyo:3_Gloops","floor":22,"turns":5}],"seed_played":"7912725081963809568","potions_obtained":[{"floor":1.0,"key":"BlessingOfTheForge"},{"floor":8.0,"key":"FearPotion"},{"floor":12.0,"key":"LifebloodPotion"},{"floor":14.0,"key":"SpeedPotion"}],"is_trial":false,"path_per_floor":["M","$","M","M","M","R","E","M","T","E","COS","M","$","M","R","B",null,"M","M","?","?","M"],"character_chosen":"IRONCLAD","items_purchased":["Another Sword","SpikesRelics:ToyHorsey","hubris:MedicalManual","hubris:PeanutButter","DistilledChaos"],"campfire_rested":0,"item_purchase_floors":[0,0,0,0,0],"current_hp_per_floor":[29,29,35,41,47,47,33,39,39,43,43,15,15,21,21,46,68,62,43,43,43,0,0],"gold":201,"neow_bonus":"","is_daily":false,"chose_seed":false,"campfire_upgraded":2,"win_rate":0.0,"timestamp":1609974031,"path_taken":["M","?","M","M","M","R","E","M","T","E","COS","M","?","?","R","BOSS","M","?","?","?","M"],"items_purchased_type":["Relic","Relic","Relic","Relic","Potion"],"build_version":"2020-12-22","purchased_purges":0,"victory":false,"max_hp_per_floor":[75,75,75,75,75,75,75,75,75,75,75,75,75,75,75,75,75,78,81,81,81,81,81],"card_choices":[{"not_picked":["Run Through","Sever Soul","Ghostly Armor"],"picked":"SKIP","floor":1.0},{"not_picked":["Heavy Blade","Anger"],"picked":"Metallicize","floor":3.0},{"not_picked":["Havoc","Twin Strike"],"picked":"Metallicize","floor":4.0},{"not_picked":["Massacre","Pommel Strike","Flex"],"picked":"SKIP","floor":5.0},{"not_picked":["Dark Embrace","hubris:ReadiedAction","Searing Blow"],"picked":"SKIP","floor":7.0},{"not_picked":["Sword Boomerang","Rage","Run Through"],"picked":"SKIP","floor":8.0},{"not_picked":["Evolve","jedi:fear","Perfected Strike"],"picked":"SKIP","floor":10.0},{"not_picked":["Run Through","Clothesline","Body Slam"],"picked":"SKIP","floor":12.0},{"not_picked":["Hemokinesis","ReplayTheSpireMod:Strike From Hell"],"picked":"Reaper","floor":14.0},{"not_picked":["Exhume","Offering"],"picked":"Feed","floor":16},{"not_picked":["Shrug It Off","Anger","Thunderclap+1"],"picked":"SKIP","floor":18},{"not_picked":["Wild Strike","Warcry","Juggernaut"],"picked":"SKIP","floor":19}],"player_experience":1229015,"relics_obtained":[{"floor":9.0,"key":"infinitespire:Bottled Soul"},{"floor":10.0,"key":"Vajra"}],"event_choices":[],"is_beta":false,"boss_relics":[{"not_picked":["Cursed Key","hubris:GrandSneckoEye","energizedSpire:SpiderWeb"]}],"items_purged_floors":[],"is_endless":false,"potions_floor_spawned":[1,4,8,12,14],"killed_by":"Gensokyo:3_Gloops","ascension_level":20}}