{"host":"iml8x8es9od4zowg","time":1609938851,"event":{"mods":["2.2 Compatiblity","Arknights The Spire","BaseMod","Marisa£¨Ùöéë¡¡Øª×âÞÞ£©","Minty Spire (QoL Compilation)","StSLib","Td1madao Mod","The Bug Knight","The Jungle","¡¼?Úª?ø«¡½REMEMod"],"gold_per_floor":[118,118,43,43,58,58,87,87,87,413,413,429,460,460,460,565,565,582,582,582,42,42,55,55,86,109,109,109,137,137,148,148,253,253,273,273,100,114,125,158,158,158,181,212,222,222,222,234,234,234,234],"floor_reached":50,"playtime":3700,"items_purged":["Decay","HollowMod:ShadowDash","HollowMod:ShapeofUnn"],"score":632,"play_id":"f2ea2b58-41cb-43df-96a4-ac7f86b759fe","local_time":"20210106221411","is_ascension_mode":true,"campfire_choices":[{"data":"Adrenaline","floor":6,"key":"SMITH"},{"floor":8,"key":"REST"},{"floor":11,"key":"REST"},{"data":"HollowMod:FocusHealStart","floor":15,"key":"SMITH"},{"data":"HollowMod:SlysStrikes","floor":24,"key":"SMITH"},{"data":"HollowMod:MylasSalvation","floor":28,"key":"SMITH"},{"floor":30,"key":"RECALL"},{"data":"HollowMod:PogoStrike","floor":32,"key":"SMITH"},{"data":"HollowMod:CloakDash","floor":42,"key":"SMITH"},{"floor":46,"key":"REST"},{"data":"Thinking Ahead","floor":49,"key":"SMITH"}],"circlet_count":0,"master_deck":["HollowMod:NailStrikeStart","HollowMod:NailStrikeStart","HollowMod:NailStrikeStart","HollowMod:QuickDashStart","HollowMod:QuickDashStart","HollowMod:QuickDashStart","HollowMod:FocusHealStart+1","HollowMod:PogoStrike+1","Adrenaline+1","HollowMod:SlysStrikes+1","HollowMod:DoubleDash+1","HollowMod:MylasSalvation+1","HollowMod:CloakDash+1","HollowMod:MonomonsArchive","HollowMod:HuntersJournal+1","HollowMod:SlysStrikes+1","HollowMod:PerfectDash","HollowMod:CloakDash+1","HollowMod:LifebloodCocoon+1","HollowMod:MonarchWings","Thinking Ahead+1","Good Instincts","Panache"],"relics":["HollowMod:VesselMask","REME_ComplimentaryCards","REME_HandOfSuture","Regal Pillow","Vajra","Old Coin","Dream Catcher","HollowMod:LumaflyLanternRelic","SacredBark","ClockworkSouvenir","Gremlin Horn","Pen Nib","FossilizedHelix","Black Star","HollowMod:IsmasTear","Lantern","HollowMod:KingsBrand","The Courier","HollowMod:MillibellesNoteRelic"],"acts_visited":["Exordium","TheCity","TheBeyond"],"potions_floor_usage":[7,16,23,33,40,50,50],"damage_taken":[{"damage":1,"enemies":"Cultist","floor":1,"turns":3},{"damage":1,"enemies":"Jaw Worm","floor":5,"turns":2},{"damage":54,"enemies":"Lagavulin","floor":7,"turns":8},{"damage":31,"enemies":"Gremlin Nob","floor":10,"turns":4},{"damage":0,"enemies":"2 Louse","floor":12,"turns":1},{"damage":13,"enemies":"Lagavulin","floor":13,"turns":4},{"damage":31,"enemies":"Slime Boss","floor":16,"turns":9},{"damage":16,"enemies":"Shell Parasite","floor":18,"turns":5},{"damage":2,"enemies":"2 Thieves","floor":23,"turns":3},{"damage":14,"enemies":"HollowMod:Nosk","floor":25,"turns":7},{"damage":0,"enemies":"Gremlin Leader","floor":29,"turns":8},{"damage":0,"enemies":"Centurion and Healer","floor":31,"turns":6},{"damage":21,"enemies":"HollowMod:NKGrimm","floor":33,"turns":9},{"damage":16,"enemies":"3 Darklings","floor":35,"turns":5},{"damage":0,"enemies":"3 Shapes","floor":38,"turns":2},{"damage":4,"enemies":"Maw","floor":39,"turns":8},{"damage":0,"enemies":"HollowMod:StalkingDevout","floor":40,"turns":6},{"damage":29,"enemies":"Reptomancer","floor":44,"turns":8},{"damage":27,"enemies":"Writhing Mass","floor":45,"turns":5},{"damage":0,"enemies":"Transient","floor":48,"turns":5},{"damage":72,"enemies":"Time Eater","floor":50,"turns":15}],"seed_played":"532377172681147903","potions_obtained":[{"floor":5,"key":"GamblersBrew"},{"floor":10,"key":"FearPotion"},{"floor":12,"key":"CultistPotion"},{"floor":25,"key":"SneckoOil"},{"floor":29,"key":"Strength Potion"},{"floor":31,"key":"EssenceOfSteel"},{"floor":40,"key":"LiquidBronze"},{"floor":44,"key":"EssenceOfSteel"}],"is_trial":false,"path_per_floor":["M","?","$","?","M","R","E","R","T","E","R","M","E","T","R","B",null,"M","?","?","$","?","M","R","E","T","$","R","E","R","M","R","B",null,"M","?","$","M","M","E","?","R","T","E","M","R","?","M","R","B"],"character_chosen":"THE_BUGKNIGHT","items_purchased":["ClockworkSouvenir","Block Potion","Gremlin Horn","ColorlessPotion"],"campfire_rested":3,"item_purchase_floors":[21,21,21,37],"current_hp_per_floor":[74,74,74,74,73,73,25,62,62,31,68,68,55,55,55,34,75,65,65,65,65,65,69,69,65,65,65,65,75,75,75,75,54,75,68,68,68,74,71,75,75,75,75,46,25,62,52,62,62,0,0],"gold":234,"neow_bonus":"RANDOM_COMMON_RELIC","is_daily":false,"chose_seed":false,"campfire_upgraded":7,"win_rate":0.0,"timestamp":1609938851,"path_taken":["M","?","?","?","M","R","E","R","T","E","R","M","E","?","R","BOSS","M","?","?","$","?","M","R","E","T","?","R","E","R","M","R","BOSS","M","?","?","?","M","E","?","R","T","E","M","R","?","M","R","BOSS"],"items_purchased_type":["Relic","Potion","Relic","Potion"],"build_version":"2020-12-22","purchased_purges":3,"victory":false,"max_hp_per_floor":[75,75,75,75,75,75,75,75,75,75,75,75,75,75,75,75,75,75,75,75,75,75,75,75,75,75,75,75,75,75,75,75,75,75,75,75,75,75,75,75,75,75,75,75,75,75,75,75,75,75,75],"card_choices":[{"not_picked":["HollowMod:FallenFury","HollowMod:SoulStrike","HollowMod:NewLittleFool"],"picked":"SKIP","floor":1},{"not_picked":["HollowMod:ShadowDash","HollowMod:HeavyBlow","HollowMod:MothsMistake"],"picked":"SKIP","floor":5},{"not_picked":["HollowMod:InfectedCysts","HollowMod:SoulStrike","HollowMod:RecoilStrike"],"picked":"SKIP","floor":7},{"not_picked":["HollowMod:InfectedCysts","HollowMod:InfectedAttack","HollowMod:VengefulSpirit"],"picked":"SKIP","floor":10},{"not_picked":["HollowMod:LifebloodCocoon","HollowMod:SoulSplash","HollowMod:DungDefenderAura"],"picked":"SKIP","floor":12},{"not_picked":["HollowMod:BlackTendrils","HollowMod:NewGlowingWomb","HollowMod:ShadowDash"],"picked":"SKIP","floor":13},{"not_picked":["HollowMod:NewInfectedGuardian","HollowMod:PureVessel"],"picked":"HollowMod:SlysStrikes","floor":16},{"not_picked":["HollowMod:NewLittleFool+1","HollowMod:NewJinnsSoul+1"],"picked":"HollowMod:DoubleDash+1","floor":18},{"not_picked":["HollowMod:DesolateDive","HollowMod:FallenFury+1"],"picked":"HollowMod:CloakDash+1","floor":23},{"not_picked":["HollowMod:VengefulVoid","HollowMod:LifebloodCocoon"],"picked":"HollowMod:MonomonsArchive","floor":25},{"not_picked":["HollowMod:NewJinnsSoul","HollowMod:CycloneSlash","HollowMod:HeavyBlow"],"picked":"SKIP","floor":29},{"not_picked":["HollowMod:ChannelNail","HollowMod:DoubleDash"],"picked":"HollowMod:HuntersJournal+1","floor":31},{"not_picked":["HollowMod:LifebloodCore","HollowMod:Hiveblood"],"picked":"HollowMod:SlysStrikes","floor":33},{"not_picked":["HollowMod:BlackTendrils+1","HollowMod:DesolateDive+1"],"picked":"HollowMod:PerfectDash","floor":35},{"not_picked":["HollowMod:TaintedHusks","HollowMod:DescendingDark","HollowMod:CycloneSlash+1"],"picked":"SKIP","floor":38},{"not_picked":["HollowMod:CycloneSlash+1","HollowMod:ShadowDash+1","HollowMod:ChannelNail"],"picked":"SKIP","floor":39},{"not_picked":["HollowMod:SoulVessel+1","HollowMod:InfectedAttack"],"picked":"HollowMod:CloakDash","floor":40},{"not_picked":["HollowMod:DreamGate+1","HollowMod:SharpenedNail+1","HollowMod:NewLittleFool+1"],"picked":"SKIP","floor":44},{"not_picked":["HollowMod:SoulSplash","HollowMod:MothsMistake"],"picked":"HollowMod:LifebloodCocoon+1","floor":45},{"not_picked":["HollowMod:NewInfectedGuardian","HollowMod:DashSlash"],"picked":"HollowMod:MonarchWings","floor":46},{"not_picked":["Bandage Up","Purity"],"picked":"Thinking Ahead","floor":47},{"not_picked":["Thinking Ahead","Panacea"],"picked":"Good Instincts","floor":47},{"not_picked":["REME_ShortnessOfBreath","REME_TwoStrings"],"picked":"Panache","floor":47},{"not_picked":["HollowMod:SharpenedNail","HollowMod:TaintedHusks+1","HollowMod:WraithStrike+1"],"picked":"SKIP","floor":48}],"player_experience":549264,"relics_obtained":[{"floor":7,"key":"Regal Pillow"},{"floor":9,"key":"Vajra"},{"floor":10,"key":"Old Coin"},{"floor":13,"key":"Dream Catcher"},{"floor":14,"key":"HollowMod:LumaflyLanternRelic"},{"floor":25,"key":"Pen Nib"},{"floor":29,"key":"FossilizedHelix"},{"floor":40,"key":"HollowMod:IsmasTear"},{"floor":40,"key":"Lantern"},{"floor":43,"key":"HollowMod:KingsBrand"},{"floor":44,"key":"The Courier"},{"floor":44,"key":"HollowMod:MillibellesNoteRelic"}],"event_choices":[{"damage_healed":0,"gold_gain":0,"player_choice":"Cursed","damage_taken":0,"max_hp_gain":0,"max_hp_loss":0,"event_name":"Wheel of Change","floor":2,"gold_loss":0,"cards_obtained":["Decay"]},{"damage_healed":0,"gold_gain":0,"player_choice":"Leave","damage_taken":0,"max_hp_gain":0,"max_hp_loss":0,"event_name":"The Cleric","floor":4,"gold_loss":0},{"damage_healed":0,"gold_gain":0,"cards_transformed":["HollowMod:NailStrikeStart","HollowMod:QuickDashStart"],"player_choice":"Became Test Subject","damage_taken":0,"max_hp_gain":0,"max_hp_loss":0,"event_name":"Drug Dealer","floor":19,"gold_loss":0,"cards_obtained":["HollowMod:ShadowDash","HollowMod:ShapeofUnn"]},{"damage_healed":0,"gold_gain":0,"player_choice":"Ignored","damage_taken":0,"max_hp_gain":0,"max_hp_loss":0,"event_name":"Vampires","floor":22,"gold_loss":0},{"damage_healed":0,"gold_gain":0,"player_choice":"Upgraded","damage_taken":0,"max_hp_gain":0,"max_hp_loss":0,"event_name":"Upgrade Shrine","floor":36,"gold_loss":0,"cards_upgraded":["HollowMod:SlysStrikes"]},{"damage_healed":0,"gold_gain":0,"player_choice":"Ignored","damage_taken":0,"max_hp_gain":0,"max_hp_loss":0,"event_name":"Tomb of Lord Red Mask","floor":41,"gold_loss":0},{"damage_healed":0,"gold_gain":0,"player_choice":"Memory 3","damage_taken":10,"max_hp_gain":0,"max_hp_loss":0,"event_name":"SensoryStone","floor":47,"gold_loss":0}],"is_beta":false,"boss_relics":[{"not_picked":["Astrolabe","REME_DuelDisc"],"picked":"SacredBark"},{"not_picked":["Runic Pyramid","Calling Bell"],"picked":"Black Star"}],"items_purged_floors":[3,21,37],"is_endless":false,"potions_floor_spawned":[5,10,12,25,29,31,40,44,45],"killed_by":"Time Eater","ascension_level":1}}