{"host":"19oeygk4edom25m1","time":1609954462,"event":{"mods":["2.2 Compatiblity","BaseMod","Better Note","Better Third Choice","Colored Map","Colored Powertips","Curses Come First","Downfall","Hermit","Highlight Path","Hubris","Infinite Spire","Minty Spire (QoL Compilation)","Rare Cards Sparkle","Replay The Spire","Shop Mod","StSLib","The Jungle","The Marked","The Mystic"],"gold_per_floor":[117,117,117,117,117,117,117,16,16,35,50,50,75,96,96,217,217,241,259,359,19,43,43,43,43,58,99,99,99,99,124,124,139,139,262,262,283,302,326,347,347,347,347,347],"floor_reached":43,"playtime":5430,"items_purged":["Injury"],"score":440,"play_id":"d094408f-9103-4767-9eeb-dec53d4f3ff5","local_time":"20210106153422","is_ascension_mode":false,"campfire_choices":[{"floor":6,"key":"REST"},{"data":"Seeing Red","floor":12,"key":"SMITH"},{"data":"Anger","floor":15,"key":"SMITH"},{"floor":25,"key":"REST"},{"data":"TalkToTheHand","floor":30,"key":"SMITH"},{"data":"ReplayTheSpireMod:Necrogeddon","floor":32,"key":"SMITH"},{"data":"infinitespire:DeathsTouch","floor":34,"key":"SMITH"},{"data":"Armaments","floor":42,"key":"SMITH"}],"circlet_count":0,"master_deck":["infinitespire:Collect+1","Strike_R","Strike_R","Strike_R","Strike_R","Strike_R","Defend_R+1","Defend_R+1","Defend_R","Defend_R+1","Bash","ReplayTheSpireMod:Strike From Hell","hubris:Fate","TalkToTheHand+1","Seeing Red+1","Seeing Red","Cleave","Cleave","hubris:ReadiedAction","Rage","Anger+1","Feed","CurseOfTheBell","hubris:Wrath","ReplayTheSpireMod:IOU","Headbutt","Anger","ReplayTheSpireMod:Necrogeddon+1","Armaments+1","Headbutt","Defy Death","Iron Wave+1","infinitespire:DeathsTouch+1","Blood for Blood","Perfected Strike","Havoc+1","Juggernaut","Armaments","Headbutt+1","hubris:ReadiedAction","Iron Wave+1"],"relics":["Burning Blood","Golden Idol","Oddly Smooth Stone","Strawberry","Replay:Ancient Bell","War Paint","Mummified Hand","CaptainsWheel","Kunai","Peace Pipe","Eternal Feather","Painkiller Herb","hubris:Icosahedron"],"acts_visited":["Exordium","TheCity","TheBeyond"],"potions_floor_usage":[19],"damage_taken":[{"damage":0,"enemies":"2 Louse","floor":1,"turns":3},{"damage":0,"enemies":"Small Slimes","floor":10,"turns":2},{"damage":0,"enemies":"Jaw Worm","floor":11,"turns":1},{"damage":12,"enemies":"3 Louse","floor":13,"turns":4},{"damage":10,"enemies":"Exordium Thugs","floor":14,"turns":4},{"damage":48,"enemies":"Slime Boss","floor":16,"turns":12},{"damage":23,"enemies":"Spheric Guardian","floor":18,"turns":6},{"damage":11,"enemies":"2 Thieves","floor":19,"turns":4},{"damage":21,"enemies":"Shelled Parasite and Fungi","floor":22,"turns":5},{"damage":1,"enemies":"Cultist and Chosen","floor":26,"turns":6},{"damage":11,"enemies":"Nightmare","floor":27,"turns":12},{"damage":14,"enemies":"Centurion and Healer","floor":31,"turns":7},{"damage":9,"enemies":"Snecko","floor":33,"turns":5},{"damage":9,"enemies":"Collector","floor":35,"turns":13},{"damage":9,"enemies":"3 Darklings","floor":37,"turns":3},{"damage":11,"enemies":"Orb Walker","floor":38,"turns":2},{"damage":15,"enemies":"Jaw Worm Horde","floor":39,"turns":4},{"damage":7,"enemies":"Transient","floor":40,"turns":5},{"damage":98,"enemies":"Nemesis","floor":43,"turns":5}],"seed_played":"-1814477742055417084","potions_obtained":[{"floor":11,"key":"Languid Potion"},{"floor":14,"key":"sneckomod:MuddlingPotion"},{"floor":18,"key":"LiquidMemories"},{"floor":19,"key":"BloodPotion"},{"floor":22,"key":"sneckomod:MuddlingPotion"},{"floor":37,"key":"PowerPotion"}],"is_trial":false,"path_per_floor":["M","?","?","?","?","R","?","$","T","M","M","R","M","M","R","B",null,"M","M","?","$","M","PTL","PTL","R","M","NM","T","T","R","M","R","M","R","B",null,"?","?","?","?","?","T","E"],"character_chosen":"IRONCLAD","items_purchased":["Seeing Red","Cleave","ReplayTheSpireMod:Necrogeddon","Armaments","Headbutt"],"campfire_rested":2,"item_purchase_floors":[8,8,21,21,21],"current_hp_per_floor":[80,61,61,61,49,73,73,73,80,86,87,87,81,77,77,35,87,70,82,82,82,71,71,71,91,91,86,86,86,91,83,91,88,91,88,91,88,83,74,73,73,91,0,0],"gold":347,"neow_bonus":"UPGRADE_CARD","is_daily":false,"chose_seed":false,"campfire_upgraded":6,"win_rate":0.0,"timestamp":1609954462,"path_taken":["M","?","?","?","?","R","?","$","T","?","M","R","M","M","R","BOSS","M","M","?","$","?","PTL","PTL","R","M","NM","T","?","R","M","R","M","R","BOSS","?","?","?","?","?","T","E"],"items_purchased_type":["Card","Card","Card","Card","Card"],"build_version":"2020-12-22","purchased_purges":1,"victory":false,"max_hp_per_floor":[80,80,80,80,80,80,80,80,87,87,87,87,87,87,87,87,87,87,87,87,87,91,91,91,91,91,91,91,91,91,91,91,91,91,91,91,91,91,91,91,91,91,91,91],"card_choices":[{"not_picked":["True Grit","Sword Boomerang"],"picked":"ReplayTheSpireMod:Strike From Hell","floor":1},{"not_picked":["infinitespire:Menacing","infinitespire:SevenWalls"],"picked":"hubris:Fate","floor":2},{"not_picked":["Inflame","Rampage"],"picked":"Cleave","floor":10},{"not_picked":["Replay:Undeath\u0027s Touch","Inflame"],"picked":"hubris:ReadiedAction","floor":11},{"not_picked":["Sword Boomerang","Wild Strike"],"picked":"Rage","floor":13},{"not_picked":["Clothesline","Eclipse"],"picked":"Anger","floor":14},{"not_picked":["Hemogenesis","Eclipse"],"picked":"Feed","floor":16},{"not_picked":["Decay","ReplayTheSpireMod:Doomed"],"picked":"CurseOfTheBell","floor":17},{"not_picked":["hubris:Greed","Replay:Hysterical Blindness"],"picked":"hubris:Wrath","floor":17},{"not_picked":["Looming Evil","Shame"],"picked":"ReplayTheSpireMod:IOU","floor":17},{"not_picked":["Defy Death","Wild Strike+1"],"picked":"Headbutt","floor":18},{"not_picked":["Shockwave","Sword Boomerang"],"picked":"Anger","floor":19},{"not_picked":["Inflame","Demon Form"],"picked":"Defy Death","floor":22},{"not_picked":["Twin Strike","Disarm"],"picked":"Iron Wave+1","floor":26},{"not_picked":["infinitespire:TheBestDefense","ReplayTheSpireMod:??????????????????????"],"picked":"infinitespire:DeathsTouch","floor":27},{"not_picked":["ReplayReversal+1","Heavy Blade"],"picked":"Blood for Blood","floor":27},{"not_picked":["hubris:ReadiedAction","ReplayTheSpireMod:Strike From Hell"],"picked":"Perfected Strike","floor":31},{"not_picked":["Inflame","Flex+1"],"picked":"Havoc+1","floor":33},{"not_picked":["hubris:StunningStrike","Corruption"],"picked":"Juggernaut","floor":35},{"not_picked":["ReplayTheSpireMod:Strike From Hell+1","Replay:Undeath\u0027s Touch+1"],"picked":"Armaments","floor":37},{"not_picked":["Flex","Heavy Blade"],"picked":"Headbutt+1","floor":38},{"not_picked":["Anger","ReplayTheSpireMod:Corrosion Curse+1"],"picked":"hubris:ReadiedAction","floor":39},{"not_picked":["hubris:ReadiedAction","Entrench"],"picked":"Iron Wave+1","floor":40}],"player_experience":257800,"relics_obtained":[{"floor":9,"key":"Strawberry"},{"floor":27,"key":"Kunai"},{"floor":28,"key":"Peace Pipe"},{"floor":29,"key":"Eternal Feather"}],"event_choices":[{"damage_healed":0,"gold_gain":0,"player_choice":"Take Wound","damage_taken":0,"relics_obtained":["Golden Idol"],"max_hp_gain":0,"max_hp_loss":0,"event_name":"Golden Idol","floor":4,"gold_loss":0,"cards_obtained":["Injury"]},{"damage_healed":0,"gold_gain":100,"player_choice":"Pray","damage_taken":0,"max_hp_gain":0,"max_hp_loss":0,"event_name":"Golden Shrine","floor":20,"gold_loss":0}],"is_beta":false,"boss_relics":[{"not_picked":["hubris:RunicObelisk","hubris:CrackedHourglass"],"picked":"Replay:Ancient Bell"},{"not_picked":["Pet Ghost","ReplayTheSpireMod:Spearhead"],"picked":"War Paint"},{"not_picked":["Molten Egg 2","infinitespire:ShieldingShard"],"picked":"Mummified Hand"},{"not_picked":["infinitespire:Joker Card","Replay:Multitool"],"picked":"CaptainsWheel"},{"not_picked":["Mark of Pain","Runic Dome"],"picked":"Painkiller Herb"}],"items_purged_floors":[21],"is_endless":true,"potions_floor_spawned":[11,14,18,19,22,27,37,39],"killed_by":"Nemesis","ascension_level":0}}