{"host":"ea1gz0s8chhg5p89","time":1609933444,"event":{"mods":["Act Like it!","BaseMod","Gensokyo","Marisa£®ÏF”Í°°ƒß¿Ì…≥£©","Minty Spire (QoL Compilation)","Pale of the Ancients","Remilia£®¿Ÿ√◊¿Ú—«£©","Replay The Spire","StSLib","Youmu£®ªÍ∆«—˝√Œ£©"],"gold_per_floor":[113,113,113,127,137,168,168,178,178,196,210,238,34,34,34,132,132,148,148,180,211,171,171,200,200,200,238,291,321,321,355,355,497,497,529,529,529,547,547,595,102,129,129,129,157,157,9,79,79,127,198,262,262,97,97,171,171,171,171,203],"floor_reached":61,"playtime":2524,"items_purged":["Strike_RM","Strike_RM","Clumsy"],"score":1628,"play_id":"befdb28a-226e-4768-a39d-5450f103b00a","local_time":"20210106194404","is_ascension_mode":false,"campfire_choices":[{"data":"DemonKingCradle","floor":7,"key":"SMITH"},{"data":"Pot Of Greed","floor":15,"key":"SMITH"},{"data":"Pot Of Greed","floor":23,"key":"SMITH"},{"data":"SuperhumanBloodyKnife","floor":25,"key":"SMITH"},{"data":"ScarletNetherworld","floor":32,"key":"SMITH"},{"data":"BatForm","floor":44,"key":"SMITH"},{"data":"UltimateOffering","floor":46,"key":"SMITH"},{"data":"SuperhumanBloodyKnife","floor":49,"key":"SMITH"},{"data":"Pot Of Greed","floor":55,"key":"SMITH"},{"data":"BloodAndWine","floor":57,"key":"SMITH"}],"circlet_count":0,"master_deck":["Strike_RM+1","Defend_RM","Defend_RM","Defend_RM","Defend_RM","RedMoon","ScarletShoot","DemonKingCradle+1","NightDance","GlobalNightmare","MastersStateliness","MillenniumVampire","ScarletNetherworld+1","BloodAndWine+1","ScarletImprint","Pot Of Greed+1","Pot Of Greed+1","MastersStateliness","ForecastOfChange","FavorOfDestiny+1","QueenOfMidnight+1","Pot Of Greed+1","MiserableFate","VampireFantasy","SuperhumanBloodyKnife+1","NightDance+1","VampireKiss+1","EquivalentExchange","BatForm+1","VampirishNight+1","BlasphemousPunishment","Gensokyo:HouraiInAPot","UltimateOffering+1","VampireSweep","Pot Of Greed+1","BlasphemousPunishment","UnderTheZenith+1","BloodAndWine","SuperhumanBloodyKnife+1","UnderTheZenith+1","UnstableMagic","UnstableMagic","RedRainbow+1"],"relics":["ScarletHat","Mirror","Pear","Gensokyo:NagashiBinaDoll","Pet Ghost","Gremlin Horn","Grinning Jar","BargainBundle","Gensokyo:LunaticRedEyes","ChewingGum","Omamori","Happy Flower","InkBottle","Boot","Gensokyo:ChorusOfJoy","Calling Bell","Tiny Chest","Ornamental Fan","FairyMaid","ReplayTheSpireMod:Lightbulb","RedBat","Replay:Bandana","Bottled Tornado","paleoftheancients:Timepiece","CultistMask","paleoftheancients:SoulOfTheWokeBloke","AntiCross"],"acts_visited":["Gensokyo:Gensokyo","Gensokyo:Gensokyoer","Gensokyo:Gensokyoest","paleoftheancients:PaleOfTheAncients"],"potions_floor_usage":[13,38,50],"damage_taken":[{"damage":2,"enemies":"Gensokyo:2_Kodama","floor":1,"turns":8},{"damage":7,"enemies":"Gensokyo:3_Fairies","floor":4,"turns":5},{"damage":7,"enemies":"Gensokyo:Gryphon","floor":5,"turns":4},{"damage":19,"enemies":"Gensokyo:Aya","floor":6,"turns":5},{"damage":8,"enemies":"Gensokyo:Python_and_Kodama","floor":8,"turns":7},{"damage":12,"enemies":"Gensokyo:CorruptedTreant","floor":10,"turns":5},{"damage":13,"enemies":"Gensokyo:3_Kodama","floor":11,"turns":6},{"damage":0,"enemies":"Gensokyo:Cirno","floor":12,"turns":4},{"damage":13,"enemies":"Gensokyo:Reimu","floor":16,"turns":9},{"damage":4,"enemies":"Gensokyo:3_Dogs","floor":18,"turns":6},{"damage":20,"enemies":"Gensokyo:AngelMirror","floor":20,"turns":3},{"damage":10,"enemies":"Gensokyo:Slime_Group","floor":21,"turns":5},{"damage":68,"enemies":"Gensokyo:Koishi","floor":24,"turns":7},{"damage":4,"enemies":"Gensokyo:Swordslinger","floor":27,"turns":5},{"damage":18,"enemies":"Gensokyo:Reisen","floor":28,"turns":5},{"damage":49,"enemies":"Gensokyo:Wraith","floor":29,"turns":7},{"damage":4,"enemies":"Gensokyo:Chomper_and_Gloop","floor":31,"turns":6},{"damage":49,"enemies":"Gensokyo:Eternal_Rivals","floor":33,"turns":10},{"damage":0,"enemies":"Gensokyo:3_Bats","floor":35,"turns":3},{"damage":6,"enemies":"Gensokyo:AncientGuardian","floor":38,"turns":4},{"damage":16,"enemies":"Gensokyo:Marisa","floor":40,"turns":5},{"damage":55,"enemies":"Gensokyo:3_Boulders","floor":45,"turns":2},{"damage":45,"enemies":"Gensokyo:Dusk_and_Dawn","floor":48,"turns":2},{"damage":78,"enemies":"Gensokyo:Yuyuko","floor":50,"turns":3},{"damage":92,"enemies":"Gensokyo:Yuyuko","floor":51,"turns":5},{"damage":73,"enemies":"Gensokyo:Yuyuko","floor":52,"turns":3},{"damage":87,"enemies":"Gensokyo:Yuyuko","floor":56,"turns":2},{"damage":120,"enemies":"paleoftheancients:N","floor":60,"turns":6}],"seed_played":"8318758270991115143","potions_obtained":[{"floor":1,"key":"LiquidMemories"},{"floor":1,"key":"Reflective Coating"},{"floor":10,"key":"Strength Potion"},{"floor":31,"key":"AttackPotion"},{"floor":38,"key":"Ancient Potion"},{"floor":40,"key":"SkillPotion"}],"is_trial":false,"path_per_floor":["M","?","?","M","M","E","R","M","T","M","M","E","$","?","R","B",null,"M","?","M","M","?","R","E","R","T","M","E","M","?","M","R","B",null,"M","?","?","M","?","E","$","T","T","R","M","R","$","M","R","B","M","M","?","$","R","M","R","T","?","B",null],"character_chosen":"REMILIA","items_purchased":["BargainBundle","MastersStateliness","Fruit Juice","GamblersBrew","RedBat","VampireSweep","BlasphemousPunishment","BloodAndWine","SuperhumanBloodyKnife","UnstableMagic"],"campfire_rested":0,"item_purchase_floors":[13,13,13,13,41,41,41,47,47,54],"current_hp_per_floor":[75,70,70,63,59,47,47,41,41,31,19,29,34,34,34,39,90,88,88,76,79,79,79,66,66,66,72,77,74,74,89,89,66,90,90,90,77,90,90,90,90,90,90,90,90,90,90,90,90,90,90,90,90,90,90,90,90,90,90,90],"gold":203,"neow_bonus":"ONE_RANDOM_RARE_CARD","is_daily":false,"chose_seed":false,"campfire_upgraded":10,"win_rate":0.0,"timestamp":1609933444,"path_taken":["M","?","?","M","?","E","R","M","T","M","M","E","$","?","R","BOSS","M","?","M","M","?","R","E","R","T","M","E","?","?","?","R","BOSS","M","?","?","M","?","E","$","?","T","R","M","R","?","?","R","BOSS","M","M","?","$","R","M","R","T","?","BOSS"],"items_purchased_type":["Relic","Card","Potion","Potion","Relic","Card","Card","Card","Card","Card"],"build_version":"2020-12-22","purchased_purges":3,"victory":true,"max_hp_per_floor":[75,85,85,85,85,85,85,85,85,85,85,85,90,90,90,90,90,90,90,90,90,90,90,90,90,90,90,90,90,90,90,90,90,90,90,90,90,90,90,90,90,90,90,90,90,90,90,90,90,90,90,90,90,90,90,90,90,90,90,90],"card_choices":[{"not_picked":["VampireKiss","UnderTheZenith"],"picked":"NightDance","floor":1},{"not_picked":["NightDance","Maim"],"picked":"GlobalNightmare","floor":4},{"not_picked":["Stigmanizer","NightDance"],"picked":"MastersStateliness","floor":5},{"not_picked":["BloodHunter","CharismaGuard"],"picked":"MillenniumVampire","floor":6},{"not_picked":["NightDance","BloodHunter"],"picked":"ScarletNetherworld","floor":8},{"not_picked":["Stigmanizer","NightDance"],"picked":"BloodAndWine","floor":10},{"not_picked":["BlasphemousPunishment","StarOfDavid"],"picked":"ScarletImprint","floor":11},{"not_picked":["BlasphemousPunishment","ScarletDevil","Stigmanizer"],"picked":"SKIP","floor":12},{"not_picked":["BloodyCatastrophe","BloodySeventeenLaser"],"picked":"ForecastOfChange","floor":16},{"not_picked":["EndlessAdversity+1","LeisurelyOfLord"],"picked":"FavorOfDestiny+1","floor":18},{"not_picked":["Septette","VampireKiss"],"picked":"MiserableFate","floor":20},{"not_picked":["VampireSweep","BlasphemousPunishment"],"picked":"VampireFantasy","floor":21},{"not_picked":["EndlessAdversity","ScarletDevil"],"picked":"SuperhumanBloodyKnife","floor":24},{"not_picked":["BlasphemousPunishment","CharismaGuard"],"picked":"NightDance+1","floor":27},{"not_picked":["CharismaGuard","ScarletImprint"],"picked":"VampireKiss+1","floor":28},{"not_picked":["ScarletDevilSign","GlobalNightmare","UnderTheZenith"],"picked":"SKIP","floor":29},{"not_picked":["BloodyTrap+1","RedRainbow"],"picked":"EquivalentExchange","floor":31},{"not_picked":["EquivalentExchange","BloodyHallows"],"picked":"BatForm","floor":33},{"not_picked":["MastersStateliness+1","BloodHunter+1"],"picked":"VampirishNight+1","floor":35},{"not_picked":["VampireKiss+1","BloodAndWine+1"],"picked":"BlasphemousPunishment","floor":38},{"not_picked":["Gensokyo:BrilliantDragonBullet","Gensokyo:EverlastingLife"],"picked":"Gensokyo:HouraiInAPot","floor":39},{"not_picked":["UnstableMagic","DemonKingCradle"],"picked":"UltimateOffering","floor":40},{"not_picked":["RedRainbow+1","ScarletDevilSign+1"],"picked":"UnderTheZenith+1","floor":45},{"not_picked":["ForbiddenFruit+1","ScarletNetherworld"],"picked":"UnderTheZenith+1","floor":48},{"not_picked":["BloodHunter","EndlessAdversity","StarOfDavid"],"picked":"SKIP","floor":51},{"not_picked":["FavorOfDestiny","UnderTheZenith+1","MastersStateliness"],"picked":"SKIP","floor":52},{"not_picked":["ScarletDevil+1","CeilingFear"],"picked":"RedRainbow+1","floor":56}],"player_experience":521363,"relics_obtained":[{"floor":1,"key":"Mirror"},{"floor":6,"key":"Pet Ghost"},{"floor":9,"key":"Gremlin Horn"},{"floor":12,"key":"Grinning Jar"},{"floor":18,"key":"Omamori"},{"floor":24,"key":"Happy Flower"},{"floor":26,"key":"InkBottle"},{"floor":28,"key":"Boot"},{"floor":34,"key":"Tiny Chest"},{"floor":34,"key":"Ornamental Fan"},{"floor":34,"key":"FairyMaid"},{"floor":40,"key":"ReplayTheSpireMod:Lightbulb"},{"floor":42,"key":"Replay:Bandana"},{"floor":43,"key":"Bottled Tornado"},{"floor":51,"key":"paleoftheancients:SoulOfTheWokeBloke"},{"floor":58,"key":"AntiCross"}],"event_choices":[{"cards_removed":["Strike_RM"],"damage_healed":0,"gold_gain":0,"player_choice":"Purged","damage_taken":0,"max_hp_gain":0,"max_hp_loss":0,"event_name":"Purifier","floor":53,"gold_loss":0}],"is_beta":false,"boss_relics":[{"not_picked":["Replay:Drink Me","Replay:Wanted Poster"],"picked":"ChewingGum"},{"not_picked":["Honey Jar","Kintsugi"],"picked":"Calling Bell"}],"items_purged_floors":[13,41,54],"is_endless":false,"potions_floor_spawned":[1,10,11,12,20,27,31,38,40,45,51,52],"ascension_level":0}}