{"host":"dn6kke80v5f7isus","time":1609969259,"event":{"mods":["AchievementEnabler","Act Like it!","BaseMod","Colored Powertips","Custom Start","Defuse TimeMaze Blight","Downfall","Duelist Mod","Gremlin Skip","Highlight Path","Hubris","Infinite Spire","Minty Spire (QoL Compilation)","Rare Cards Sparkle","Replay The Spire","StSLib","The Cursed","Uncapped"],"gold_per_floor":[141,141,154,104,104,132,132,148,148,161,189,202,63,93,93,190,240,220,233,233,233,245,245,245,245,293,343,343,343,343],"floor_reached":29,"playtime":887,"items_purged":["theDuelist:VampireCurse"],"score":279,"play_id":"be5354c1-5998-44f8-9fa3-049a11cf41ab","local_time":"20210106164059","is_ascension_mode":true,"campfire_choices":[{"data":"theDuelist:AmbitiousGofer","floor":7,"key":"SMITH"},{"data":"theDuelist:CallGrave","floor":23,"key":"SMITH"}],"circlet_count":0,"master_deck":["theDuelist:ArchfiendSoldier","theDuelist:ArchfiendSoldier","theDuelist:ArchfiendSoldier+1","theDuelist:CastleWalls","theDuelist:CastleWalls","theDuelist:CastleWalls","theDuelist:FiendMegacyber+1","theDuelist:SummonedSkull","theDuelist:AmbitiousGofer+1","theDuelist:BerserkerCrush","theDuelist:EvilswarmNightmare","theDuelist:GiantOrc","theDuelist:GoblinKing","theDuelist:RedSprinter","theDuelist:CallGrave+1","theDuelist:CallGrave+1","theDuelist:GiantOrc","theDuelist:GrossGhost+1","theDuelist:PortraitSecret+1","theDuelist:CallGrave+1"],"relics":["theDuelist:MillenniumPuzzle","theDuelist:CardPoolRelic","theDuelist:CardPoolBasicRelic","theDuelist:BoosterPackPoolRelic","theDuelist:CardPoolAddRelic","theDuelist:CardPoolMinusRelic","theDuelist:CardPoolSaveRelic","theDuelist:CardPoolOptionsRelic","NeowsBlessing","theDuelist:BoosterPackTrapEgg","Question Card","Shuriken","theDuelist:DuelistTeaSet","hubris:MobiusCoin","Tiny House","Chameleon Ring","Orichalcum","theDuelist:MillenniumRing","hubris:FruitBowl","Matryoshka"],"acts_visited":["Exordium","TheCity"],"potions_floor_usage":[22],"damage_taken":[{"damage":0,"enemies":"Cultist","floor":1,"turns":1},{"damage":0,"enemies":"Jaw Worm","floor":3,"turns":1},{"damage":0,"enemies":"Gremlin Nob","floor":6,"turns":1},{"damage":0,"enemies":"2 Louse","floor":8,"turns":2},{"damage":0,"enemies":"Looter","floor":10,"turns":2},{"damage":8,"enemies":"Lagavulin","floor":11,"turns":5},{"damage":0,"enemies":"Red Slaver","floor":12,"turns":2},{"damage":6,"enemies":"Gremlin Nob","floor":14,"turns":5},{"damage":18,"enemies":"Hexaghost","floor":16,"turns":7},{"damage":18,"enemies":"2 Thieves","floor":18,"turns":4},{"damage":12,"enemies":"Shell Parasite","floor":19,"turns":6},{"damage":16,"enemies":"Snake Plant","floor":22,"turns":4},{"damage":0,"enemies":"Chosen and Byrds","floor":29,"turns":1}],"seed_played":"3297989624359316308","potions_obtained":[{"floor":3,"key":"theDuelist:GiftPotion"},{"floor":6,"key":"theDuelist:SolderPotionB"},{"floor":10,"key":"Strength Potion"},{"floor":22,"key":"Explosive Potion"}],"is_trial":false,"path_per_floor":["M","T","M","?","?","E","R","M","T","M","E","M","$","E","R","B",null,"M","M","?","?","M","R","?","T","T","?","$","M"],"character_chosen":"THE_DUELIST","items_purchased":["theDuelist:CallGrave","hubris:FruitBowl","Matryoshka"],"campfire_rested":0,"item_purchase_floors":[13,28,28],"current_hp_per_floor":[80,80,80,80,80,80,80,80,80,80,72,72,72,66,80,62,85,67,55,55,55,52,52,52,52,52,52,11,11,11],"gold":343,"neow_bonus":"THREE_ENEMY_KILL","is_daily":false,"chose_seed":false,"campfire_upgraded":2,"win_rate":0.0,"timestamp":1609969259,"path_taken":["M","?","M","?","?","E","R","M","T","M","E","M","$","E","R","BOSS","M","M","?","?","?","R","?","?","T","?","?","?"],"items_purchased_type":["Card","Relic","Relic"],"build_version":"2020-12-22","purchased_purges":1,"victory":false,"max_hp_per_floor":[80,80,80,80,80,80,80,80,80,80,80,80,80,80,80,80,85,85,85,85,85,85,85,85,85,85,85,85,85,85],"card_choices":[{"not_picked":["theDuelist:BeastTalwar","theDuelist:ArchfiendSoldier","theDuelist:FiendMegacyber","theDuelist:UmbralHorrorUniform"],"picked":"theDuelist:AmbitiousGofer","floor":1},{"not_picked":["theDuelist:DarkEnergy","theDuelist:GracefulCharity","theDuelist:CatapultZone","theDuelist:ChangeHeart"],"picked":"theDuelist:BerserkerCrush","floor":3},{"not_picked":["theDuelist:GauntletWarrior","theDuelist:RedMedicine","theDuelist:ClearKuriboh","theDuelist:FuryFire","theDuelist:DarklordSuperbia"],"picked":"SKIP","floor":6},{"not_picked":["theDuelist:Pumpking","theDuelist:TerraTerrible","theDuelist:WanderingKing","theDuelist:GarbageLord","theDuelist:DoomcaliberKnight"],"picked":"SKIP","floor":8},{"not_picked":["theDuelist:TwinHeadedWolf","theDuelist:Zombyra","theDuelist:Pumpking","theDuelist:UmbralHorrorGhost"],"picked":"theDuelist:GiantOrc","floor":10},{"not_picked":["theDuelist:Pumprincess","theDuelist:TributeDoomed","theDuelist:PortraitSecret","theDuelist:AmbitiousGofer"],"picked":"theDuelist:GoblinKing","floor":11},{"not_picked":["theDuelist:BeastTalwar","theDuelist:Pumprincess","theDuelist:VanityFiend","theDuelist:DarknessNeosphere"],"picked":"theDuelist:RedSprinter","floor":12},{"not_picked":["theDuelist:RainbowOverdragon","theDuelist:TimeSeal+1","theDuelist:BattleguardKing","theDuelist:ReleaseFromStone","theDuelist:PotAvarice"],"picked":"SKIP","floor":14},{"not_picked":["theDuelist:FeatherShot","theDuelist:ArchfiendGeneral","theDuelist:FabledGallabas","theDuelist:DarkMasterZorc"],"picked":"theDuelist:CallGrave+1","floor":16},{"not_picked":["theDuelist:Relinkuriboh","theDuelist:BeastTalwar","theDuelist:Zombyra","theDuelist:Lajinn"],"picked":"theDuelist:GiantOrc","floor":17},{"not_picked":["theDuelist:AlienTelepath+1","theDuelist:PotDuality","theDuelist:PortraitSecret+1","theDuelist:AmbitiousGofer"],"picked":"theDuelist:GrossGhost+1","floor":18},{"not_picked":["theDuelist:BeastTalwar+1","theDuelist:DarkTinker+1","theDuelist:Relinkuriboh","theDuelist:GarbageLord"],"picked":"theDuelist:PortraitSecret","floor":19},{"not_picked":["theDuelist:Wildfire","theDuelist:ArchfiendGeneral+1"],"picked":"theDuelist:CallGrave+1","floor":22}],"player_experience":534805,"relics_obtained":[{"floor":2,"key":"theDuelist:BoosterPackTrapEgg"},{"floor":6,"key":"Question Card"},{"floor":9,"key":"Shuriken"},{"floor":11,"key":"theDuelist:DuelistTeaSet"},{"floor":14,"key":"hubris:MobiusCoin"},{"floor":25,"key":"Chameleon Ring"},{"floor":26,"key":"Orichalcum"}],"event_choices":[{"cards_removed":["theDuelist:Sparks"],"damage_healed":0,"gold_gain":0,"player_choice":"Card Removal","damage_taken":0,"max_hp_gain":0,"max_hp_loss":0,"event_name":"The Cleric","floor":4,"gold_loss":50},{"damage_healed":0,"gold_gain":0,"cards_transformed":["theDuelist:Sparks"],"player_choice":"Change","damage_taken":0,"max_hp_gain":0,"max_hp_loss":0,"event_name":"Living Wall","floor":5,"gold_loss":0,"cards_obtained":["theDuelist:EvilswarmNightmare"]},{"damage_healed":0,"gold_gain":0,"player_choice":"Leave","duelist":true,"damage_taken":0,"max_hp_gain":0,"max_hp_loss":0,"event_name":"Egyptian Village","floor":24,"gold_loss":0},{"damage_healed":0,"gold_gain":0,"player_choice":"Took item - Received: Millennium Ring","duelist":true,"damage_taken":0,"max_hp_gain":0,"max_hp_loss":0,"event_name":"Millennium Items","floor":27,"gold_loss":0}],"is_beta":false,"boss_relics":[{"not_picked":["Inserter","Runic Pyramid"],"picked":"Tiny House"}],"items_purged_floors":[28],"is_endless":false,"potions_floor_spawned":[3,6,10,14,22],"killed_by":"Chosen and Byrds","ascension_level":1}}