{"host":"urvvf8749ekcxo1a","time":1609924212,"event":{"mods":["BaseMod","Better Match","Better Sensory Stone","BetterRewards","Evolution","Gold Saver","Minty Spire (QoL Compilation)","Shop Mod","StSLib","The Necromancer"],"gold_per_floor":[119,119,133,144,163,163,182,42,42,42,42,59,88,99,99,194,244,261,261,261,277,202,235,92,191,191,191,202,253,253,253],"floor_reached":30,"playtime":1326,"items_purged":["Strike_W"],"score":250,"play_id":"a2f54fb1-a6c4-41a5-a60f-5f30f29b1506","local_time":"20210106041012","is_ascension_mode":false,"campfire_choices":[{"data":"Bones_to_Steel","floor":6,"key":"SMITH"},{"data":"Summon_Undead_Army","floor":11,"key":"SMITH"},{"floor":15,"key":"REST"},{"floor":27,"key":"REST"}],"circlet_count":0,"master_deck":["Strike_W","Strike_W","Strike_W+1","Defend_W","Defend_W","Defend_W","Negative_Energy_Arrows","Bone_Wall","Bone_Spikes","Bones_to_Steel+1","Bone_Armor","Stop_Heart","Summon_Undead_Army+1","Uncharnel","Finger_Of_Death","Death_March_Dance","Death_Coil","Vampiric_Strike","Whirlwind_of_Bones","Grasp_Heart","Life_Tap","Bone_Armory+1","Uncharnel+1","Uncharnel","Negative_Energy_Mist"],"relics":["Vampire_Amulet","EVO:Axolotl","Shovel","Gambling Chip","Tiny House","Bird Faced Urn","Boot","Blood Vial","Smiling Mask"],"acts_visited":["Exordium","TheCity"],"potions_floor_usage":[4,12,14,16,23,23,30],"damage_taken":[{"damage":1,"enemies":"Cultist","floor":1,"turns":4},{"damage":0,"enemies":"Small Slimes","floor":3,"turns":3},{"damage":11,"enemies":"Jaw Worm","floor":4,"turns":4},{"damage":15,"enemies":"Large Slime","floor":5,"turns":8},{"damage":5,"enemies":"Looter","floor":7,"turns":4},{"damage":16,"enemies":"Lots of Slimes","floor":12,"turns":5},{"damage":26,"enemies":"3 Sentries","floor":13,"turns":6},{"damage":19,"enemies":"Exordium Wildlife","floor":14,"turns":4},{"damage":37,"enemies":"Hexaghost","floor":16,"turns":9},{"damage":2,"enemies":"Chosen","floor":18,"turns":3},{"damage":23,"enemies":"3 Byrds","floor":21,"turns":6},{"damage":76,"enemies":"Book of Stabbing","floor":23,"turns":7},{"damage":33,"enemies":"Centurion and Healer","floor":28,"turns":6},{"damage":18,"enemies":"Snake Plant","floor":30,"turns":3}],"seed_played":"-7397499568317788070","potions_obtained":[{"floor":3,"key":"SkillPotion"},{"floor":7,"key":"Regen Potion"},{"floor":12,"key":"Dexterity Potion"},{"floor":13,"key":"Block Potion"},{"floor":17,"key":"EssenceOfSteel"},{"floor":18,"key":"Strength Potion"},{"floor":28,"key":"Ancient Potion"}],"is_trial":false,"path_per_floor":["M","?","M","M","M","R","M","$","T","?","R","M","E","M","R","B",null,"M","?","?","M","$","E","$","?","T","R","M","T","M"],"character_chosen":"NECROMANCER","items_purchased":["Uncharnel","Finger_Of_Death","Death_March_Dance","Blood Vial"],"campfire_rested":2,"item_purchase_floors":[8,8,8,24],"current_hp_per_floor":[82,82,82,73,62,62,59,59,59,52,52,60,40,26,50,19,87,87,87,87,74,74,4,4,4,4,30,7,7,0,0],"gold":253,"neow_bonus":"TEN_PERCENT_HP_BONUS","is_daily":false,"chose_seed":false,"campfire_upgraded":2,"win_rate":0.0,"timestamp":1609924212,"path_taken":["M","?","M","?","M","R","M","$","T","?","R","M","E","M","R","BOSS","M","?","?","M","$","E","$","?","T","R","M","?","?"],"items_purchased_type":["Card","Card","Card","Relic"],"build_version":"2020-12-22","purchased_purges":1,"victory":false,"max_hp_per_floor":[82,82,82,82,82,82,82,82,82,82,82,82,82,82,82,82,87,87,87,87,87,87,87,87,87,87,87,87,87,87,87],"card_choices":[{"not_picked":["Blood_Whip","Chill_Blood"],"picked":"Bone_Spikes","floor":1},{"not_picked":["Negative_Energy_Shield","Negative_Energy_Sphere"],"picked":"Bones_to_Steel","floor":3},{"not_picked":["Shackles_Of_Pain","Bone_Bullets"],"picked":"Bone_Armor","floor":4},{"not_picked":["Negative_Energy_Shield","Corrupt"],"picked":"Stop_Heart","floor":5},{"not_picked":["Deaths_Shadow","Death_Coil"],"picked":"Summon_Undead_Army","floor":7},{"not_picked":["Bone_Spikes","Toxic_Smoke_Screen"],"picked":"Death_Coil","floor":12},{"not_picked":["Blood_Whip","Shackles_Of_Pain"],"picked":"Vampiric_Strike","floor":13},{"not_picked":["Toxic_Smoke_Screen","Pandemic"],"picked":"Whirlwind_of_Bones","floor":14},{"not_picked":["Detonate_Bones","Cloudkill"],"picked":"Grasp_Heart","floor":16},{"not_picked":["Necrotic_Claws","Epidemic"],"picked":"Life_Tap","floor":17},{"not_picked":["Bones_to_Steel","Consume_Illness+1"],"picked":"Bone_Armory+1","floor":18},{"not_picked":["Bone_Bullets","Scare+1"],"picked":"Uncharnel+1","floor":21},{"not_picked":["Negative_Energy_Sphere","Blood_Whip"],"picked":"Uncharnel","floor":23},{"not_picked":["Negative_Energy_Shield","Blood_Whip"],"picked":"Negative_Energy_Mist","floor":28}],"player_experience":105920,"relics_obtained":[{"floor":9,"key":"Shovel"},{"floor":13,"key":"Gambling Chip"},{"floor":23,"key":"Boot"},{"floor":29,"key":"Smiling Mask"}],"event_choices":[{"damage_healed":0,"gold_gain":0,"player_choice":"Full Heal","damage_taken":0,"max_hp_gain":0,"max_hp_loss":0,"event_name":"Wheel of Change","floor":2,"gold_loss":0},{"cards_removed":["Defend_W"],"damage_healed":0,"gold_gain":0,"player_choice":"Card Removal","damage_taken":7,"max_hp_gain":0,"max_hp_loss":0,"event_name":"Golden Wing","floor":10,"gold_loss":0},{"damage_healed":0,"gold_gain":0,"player_choice":"Ignored","damage_taken":0,"max_hp_gain":0,"max_hp_loss":0,"event_name":"Ghosts","floor":19,"gold_loss":0},{"damage_healed":0,"gold_gain":0,"player_choice":"Opened","damage_taken":0,"relics_obtained":["Bird Faced Urn"],"max_hp_gain":0,"max_hp_loss":0,"event_name":"The Mausoleum","floor":20,"gold_loss":0},{"damage_healed":0,"gold_gain":99,"player_choice":"Stole From Cult","damage_taken":0,"max_hp_gain":0,"max_hp_loss":0,"event_name":"Nest","floor":25,"gold_loss":0}],"is_beta":false,"boss_relics":[{"not_picked":["Runic Pyramid","SacredBark"],"picked":"Tiny House"}],"items_purged_floors":[22],"is_endless":false,"potions_floor_spawned":[3,7,12,13,18,28],"killed_by":"Snake Plant","ascension_level":0}}