{"host":"b995t17pt6d05w8c","time":1609944368,"event":{"mods":["AchievementEnabler","BaseMod","Colored Map","Minty Spire (QoL Compilation)","SuperFastMode"],"gold_per_floor":[114,114,129,204,204,238,238,268,295,320,154,172,192,207,207,330,330,344,364,383,383,398,398,421,459,459,482,382,382,382,166,166,291,291,304,322,322,337,187,187,208,243,243,243,287,300,318,91,91,91],"floor_reached":51,"playtime":2415,"items_purged":["Defend_G","Strike_G","Strike_G","Defend_G","Corpse Explosion"],"score":1017,"play_id":"9e8612d6-378c-4d8c-a941-177103f4f12a","local_time":"20210106234608","is_ascension_mode":true,"campfire_choices":[{"data":"Malaise","floor":7.0,"key":"SMITH"},{"floor":15.0,"key":"REST"},{"floor":23.0,"key":"REST"},{"data":"Well Laid Plans","floor":32.0,"key":"SMITH"},{"data":"Calculated Gamble","floor":40.0,"key":"SMITH"},{"data":"Reflex","floor":44,"key":"SMITH"},{"data":"Bouncing Flask","floor":49,"key":"SMITH"}],"circlet_count":0,"master_deck":["Defend_G","Defend_G","Survivor","Neutralize","After Image","Malaise+1","Calculated Gamble","Corpse Explosion","Blur","Prepared","Quick Slash","Reflex+1","Escape Plan","Backflip","Acrobatics","Deadly Poison","Calculated Gamble+1","Well Laid Plans+1","Adrenaline","Prepared+1","Bouncing Flask+1"],"relics":["Ring of the Snake","Golden Idol","Happy Flower","Snake Skull","Odd Mushroom","Philosopher\u0027s Stone","CaptainsWheel","HornCleat","Runic Pyramid","Bag of Marbles","Ornamental Fan"],"acts_visited":["Exordium","TheCity","TheBeyond"],"potions_floor_usage":[47,50,50],"damage_taken":[{"damage":1.0,"enemies":"Jaw Worm","floor":1.0,"turns":6.0},{"damage":3.0,"enemies":"Cultist","floor":3.0,"turns":5.0},{"damage":5.0,"enemies":"3 Sentries","floor":6.0,"turns":4.0},{"damage":8.0,"enemies":"The Mushroom Lair","floor":10.0,"turns":2.0},{"damage":0.0,"enemies":"2 Louse","floor":12.0,"turns":2.0},{"damage":0.0,"enemies":"2 Fungi Beasts","floor":13.0,"turns":3.0},{"damage":0.0,"enemies":"Large Slime","floor":14.0,"turns":8.0},{"damage":0.0,"enemies":"Hexaghost","floor":16.0,"turns":10.0},{"damage":2.0,"enemies":"Spheric Guardian","floor":18.0,"turns":5.0},{"damage":9.0,"enemies":"2 Thieves","floor":19.0,"turns":4.0},{"damage":14.0,"enemies":"Cultist and Chosen","floor":20.0,"turns":6.0},{"damage":0.0,"enemies":"3 Cultists","floor":22.0,"turns":3.0},{"damage":0.0,"enemies":"Snake Plant","floor":24.0,"turns":5.0},{"damage":0.0,"enemies":"Book of Stabbing","floor":25.0,"turns":5.0},{"damage":12.0,"enemies":"Cultist and Chosen","floor":27.0,"turns":5.0},{"damage":0.0,"enemies":"Collector","floor":33.0,"turns":10.0},{"damage":1.0,"enemies":"3 Shapes","floor":35.0,"turns":2.0},{"damage":0.0,"enemies":"Orb Walker","floor":36.0,"turns":4.0},{"damage":0.0,"enemies":"4 Shapes","floor":38.0,"turns":2.0},{"damage":0.0,"enemies":"Spire Growth","floor":41.0,"turns":6.0},{"damage":0.0,"enemies":"Nemesis","floor":42.0,"turns":11.0},{"damage":0,"enemies":"Giant Head","floor":45,"turns":10},{"damage":0,"enemies":"3 Darklings","floor":46,"turns":4},{"damage":12,"enemies":"4 Shapes","floor":47,"turns":2},{"damage":17,"enemies":"Time Eater","floor":50,"turns":13}],"seed_played":"2145581713230235589","potions_obtained":[{"floor":1.0,"key":"Weak Potion"},{"floor":12.0,"key":"Fire Potion"},{"floor":14.0,"key":"LiquidBronze"},{"floor":16.0,"key":"CultistPotion"},{"floor":18.0,"key":"SkillPotion"},{"floor":20.0,"key":"EntropicBrew"},{"floor":27.0,"key":"Dexterity Potion"},{"floor":33.0,"key":"EssenceOfSteel"},{"floor":35.0,"key":"SkillPotion"},{"floor":36.0,"key":"Block Potion"},{"floor":42,"key":"SkillPotion"},{"floor":46,"key":"Swift Potion"}],"is_trial":false,"path_per_floor":["M","?","M","?","?","E","R","?","T","?","$","M","M","M","R","B",null,"M","M","M","?","M","R","M","E","T","M","$","?","?","$","R","B",null,"M","M","T","M","$","R","M","E","T","R","E","M","M","$","R","B",null],"character_chosen":"THE_SILENT","items_purchased":["Escape Plan","Backflip","Well Laid Plans","BlessingOfTheForge","Dexterity Potion"],"campfire_rested":2,"item_purchase_floors":[11,11,31,31,48],"current_hp_per_floor":[62,62,59,48,33,28,28,28,28,20,20,20,20,20,38,38,63,61,52,38,38,38,56,56,56,56,44,44,44,44,44,44,44,63,62,62,62,62,62,62,62,62,62,62,62,62,50,50,50,33],"gold":91,"neow_bonus":"TRANSFORM_TWO_CARDS","is_daily":false,"chose_seed":false,"campfire_upgraded":5,"win_rate":0.0,"timestamp":1609944368,"path_taken":["M","?","?","?","?","E","R","?","T","?","?","M","?","M","R","BOSS","M","?","M","?","M","R","M","E","T","M","$","?","?","$","R","BOSS","M","M","?","M","$","R","M","E","T","R","E","M","M","$","R","BOSS"],"items_purchased_type":["Card","Card","Card","Potion","Potion"],"build_version":"2020-12-22","purchased_purges":5,"victory":true,"max_hp_per_floor":[63,63,63,63,63,63,63,63,63,63,63,63,63,63,63,63,63,63,63,63,63,63,63,63,63,63,63,63,63,63,63,63,63,63,63,63,63,63,63,63,63,63,63,63,63,63,63,63,63,63],"card_choices":[{"not_picked":["Deflect","Caltrops"],"picked":"Calculated Gamble","floor":1.0},{"not_picked":["Flying Knee","Leg Sweep"],"picked":"Quick Slash","floor":3.0},{"not_picked":["Dagger Throw","Bane"],"picked":"Reflex","floor":6.0},{"not_picked":["Backflip","Flying Knee"],"picked":"Acrobatics","floor":12.0},{"not_picked":["Blade Dance","Skewer","Masterful Stab"],"picked":"SKIP","floor":13.0},{"not_picked":["Choke","Blade Dance","Slice"],"picked":"SKIP","floor":14.0},{"not_picked":["Dodge and Roll","Footwork","Underhanded Strike"],"picked":"SKIP","floor":18.0},{"not_picked":["Masterful Stab+1","Blade Dance"],"picked":"Deadly Poison","floor":19.0},{"not_picked":["Predator","Sucker Punch+1"],"picked":"Calculated Gamble","floor":20.0},{"not_picked":["Outmaneuver","Blade Dance","A Thousand Cuts"],"picked":"SKIP","floor":22.0},{"not_picked":["Poisoned Stab","Deflect","Blade Dance"],"picked":"SKIP","floor":24.0},{"not_picked":["Dash","Dodge and Roll+1","Flechettes"],"picked":"SKIP","floor":25.0},{"not_picked":["Prepared","Glass Knife","Choke"],"picked":"SKIP","floor":27.0},{"not_picked":["Tools of the Trade","Unload"],"picked":"Adrenaline","floor":33.0},{"not_picked":["Flechettes+1","Backflip","Blade Dance"],"picked":"SKIP","floor":35.0},{"not_picked":["Bane+1","PiercingWail+1"],"picked":"Prepared+1","floor":36.0},{"not_picked":["Dash+1","Poisoned Stab","Dodge and Roll"],"picked":"SKIP","floor":38.0},{"not_picked":["Deadly Poison+1","Dagger Throw","Masterful Stab+1"],"picked":"SKIP","floor":41.0},{"not_picked":["Flying Knee","Dash","Dagger Spray"],"picked":"SKIP","floor":42},{"not_picked":["Deflect+1","Slice","Quick Slash"],"picked":"SKIP","floor":45},{"not_picked":["Blur+1","Endless Agony","Skewer"],"picked":"SKIP","floor":46},{"not_picked":["Riddle With Holes+1","Flying Knee"],"picked":"Bouncing Flask","floor":47}],"player_experience":22399,"relics_obtained":[{"floor":6.0,"key":"Happy Flower"},{"floor":9.0,"key":"Snake Skull"},{"floor":10.0,"key":"Odd Mushroom"},{"floor":25.0,"key":"CaptainsWheel"},{"floor":26.0,"key":"HornCleat"},{"floor":37.0,"key":"Bag of Marbles"},{"floor":45,"key":"Ornamental Fan"}],"event_choices":[{"damage_healed":0.0,"max_hp_gain":0.0,"max_hp_loss":0.0,"gold_gain":0.0,"event_name":"Match and Keep!","player_choice":"3 cards matched","floor":2.0,"gold_loss":0.0,"damage_taken":0.0,"cards_obtained":["Corpse Explosion","Blur","Prepared"]},{"damage_healed":0.0,"max_hp_gain":0.0,"max_hp_loss":0.0,"gold_gain":75.0,"event_name":"World of Goop","player_choice":"Gather Gold","floor":4.0,"gold_loss":0.0,"damage_taken":11.0},{"damage_healed":0.0,"max_hp_gain":0.0,"max_hp_loss":0.0,"gold_gain":0.0,"event_name":"Golden Idol","player_choice":"Take Damage","floor":5.0,"gold_loss":0.0,"damage_taken":15.0,"relics_obtained":["Golden Idol"]},{"damage_healed":0.0,"max_hp_gain":0.0,"max_hp_loss":0.0,"gold_gain":30.0,"event_name":"Dead Adventurer","player_choice":"Searched \u00272\u0027 times","floor":8.0,"gold_loss":0.0,"damage_taken":0.0},{"damage_healed":0.0,"max_hp_gain":0.0,"max_hp_loss":0.0,"gold_gain":0.0,"event_name":"Mushrooms","player_choice":"Fought Mushrooms","floor":10.0,"gold_loss":0.0,"damage_taken":0.0},{"cards_removed":["Strike_G"],"damage_healed":0.0,"max_hp_gain":0.0,"max_hp_loss":0.0,"gold_gain":0.0,"event_name":"Back to Basics","player_choice":"Elegance","floor":21.0,"gold_loss":0.0,"damage_taken":0.0},{"damage_healed":0.0,"max_hp_gain":0.0,"max_hp_loss":0.0,"gold_gain":0.0,"event_name":"Cursed Tome","player_choice":"Ignored","floor":29.0,"gold_loss":0.0,"damage_taken":0.0},{"damage_healed":0.0,"max_hp_gain":0.0,"max_hp_loss":0.0,"gold_gain":0.0,"cards_transformed":["Strike_G"],"event_name":"Transmorgrifier","player_choice":"Transformed","floor":30.0,"gold_loss":0.0,"damage_taken":0.0,"cards_obtained":["Corpse Explosion"]}],"is_beta":false,"boss_relics":[{"not_picked":["Black Star","Runic Dome"],"picked":"Philosopher\u0027s Stone"},{"not_picked":["Cursed Key","Ring of the Serpent"],"picked":"Runic Pyramid"}],"items_purged_floors":[11,28,31,39,48],"is_endless":false,"potions_floor_spawned":[1,12,14,16,18,20,27,33,35,36,42,46],"ascension_level":2}}