{"host":"t7mx8yfj1no5p62f","time":1609903127,"event":{"mods":["BaseMod","Colored Map","Colored Powertips","Minty Spire (QoL Compilation)","Relic Stats","StSLib"],"gold_per_floor":[117,134,134,153,169,198,198,228,228,193,193,193],"floor_reached":11,"playtime":287,"items_purged":[],"score":166,"play_id":"c4849ca9-4009-46e8-a606-0e4b3e3b41be","local_time":"20210105221847","is_ascension_mode":true,"campfire_choices":[{"floor":7,"key":"REST"}],"circlet_count":0,"master_deck":["AscendersBane","Strike_B","Strike_B","Strike_B","Strike_B","Defend_B","Defend_B","Defend_B","Defend_B","Zap","Dualcast","CurseOfTheBell","Beam Cell","Genetic Algorithm","Electrodynamics","Auto Shields","Cold Snap","Conserve Battery"],"relics":["Calling Bell","Vajra","Letter Opener","Peace Pipe","Smiling Mask","Strawberry","Pen Nib"],"acts_visited":["Exordium"],"potions_floor_usage":[11],"damage_taken":[{"damage":11,"enemies":"Jaw Worm","floor":1,"turns":6},{"damage":9,"enemies":"2 Louse","floor":2,"turns":3},{"damage":0,"enemies":"Small Slimes","floor":4,"turns":3},{"damage":8,"enemies":"Red Slaver","floor":5,"turns":3},{"damage":32,"enemies":"Gremlin Nob","floor":6,"turns":4},{"damage":23,"enemies":"3 Sentries","floor":8,"turns":8},{"damage":57,"enemies":"Gremlin Nob","floor":11,"turns":4}],"seed_played":"-7770484248988474662","potions_obtained":[{"floor":4,"key":"Dexterity Potion"},{"floor":5,"key":"FearPotion"}],"is_trial":false,"path_per_floor":["M","M","?","M","M","E","R","E","T","?","E"],"character_chosen":"DEFECT","items_purchased":[],"campfire_rested":1,"item_purchase_floors":[],"current_hp_per_floor":[53,44,44,44,36,4,25,9,9,28,0,0],"gold":193,"neow_bonus":"BOSS_RELIC","is_daily":false,"chose_seed":false,"campfire_upgraded":0,"win_rate":0.0,"timestamp":1609903127,"path_taken":["M","M","?","M","M","E","R","E","T","?","E"],"items_purchased_type":[],"build_version":"2020-12-22","purchased_purges":0,"victory":false,"max_hp_per_floor":[71,71,71,71,71,71,71,78,78,78,78,78],"relic_stats":{"Peace Pipe":0,"counters":[7,31],"Pen Nib":[0],"Letter Opener":[20],"Smiling Mask":0,"obtain_stats":[{"Calling Bell":0,"Peace Pipe":0,"Strawberry":8,"Vajra":0,"Pen Nib":9,"Letter Opener":0,"Cracked Core":0,"Smiling Mask":6},{"Calling Bell":0,"Peace Pipe":0,"Strawberry":6,"Vajra":0,"Pen Nib":6,"Letter Opener":0,"Cracked Core":0,"Smiling Mask":5},{"Calling Bell":0,"Peace Pipe":0,"Strawberry":27,"Vajra":0,"Pen Nib":27,"Letter Opener":0,"Cracked Core":0,"Smiling Mask":19}]},"card_choices":[{"not_picked":["Go for the Eyes","Leap"],"picked":"Beam Cell","floor":1},{"not_picked":["Scrape","Go for the Eyes"],"picked":"Genetic Algorithm","floor":2},{"not_picked":["Rebound","Coolheaded"],"picked":"Electrodynamics","floor":4},{"not_picked":["Darkness","Go for the Eyes"],"picked":"Auto Shields","floor":5},{"not_picked":["Reboot","Go for the Eyes"],"picked":"Cold Snap","floor":6},{"not_picked":["Hologram","Scrape"],"picked":"Conserve Battery","floor":8}],"player_experience":1663991,"relics_obtained":[{"floor":0,"key":"Vajra"},{"floor":0,"key":"Letter Opener"},{"floor":0,"key":"Peace Pipe"},{"floor":6,"key":"Smiling Mask"},{"floor":8,"key":"Strawberry"},{"floor":9,"key":"Pen Nib"}],"event_choices":[{"damage_healed":0,"gold_gain":0,"player_choice":"Ignored","damage_taken":0,"max_hp_gain":0,"max_hp_loss":0,"event_name":"Shining Light","floor":3,"gold_loss":0},{"damage_healed":19,"gold_gain":0,"player_choice":"Healed","damage_taken":0,"max_hp_gain":0,"max_hp_loss":0,"event_name":"The Cleric","floor":10,"gold_loss":35}],"is_beta":false,"boss_relics":[],"items_purged_floors":[],"is_endless":false,"potions_floor_spawned":[4,5],"killed_by":"Gremlin Nob","ascension_level":20}}