{"host":"ln76an1o32p2wxtf","time":1609957796,"event":{"mods":["AchievementEnabler","Act Like it!","BaseMod","BetterRewards","Colored Powertips","Energized Spire","GifTheSpireLib","Infinite Spire","Minty Spire (QoL Compilation)","Shop Mod","StSLib"],"gold_per_floor":[160,7,17,36,53,53,85,85,166,146,165,190,23,23,23],"floor_reached":14,"playtime":647,"items_purged":["Defend_B","Strike_B"],"score":105,"play_id":"1222d812-a96a-43f5-b187-e2c22a9927e1","local_time":"20210107022956","is_ascension_mode":true,"campfire_choices":[{"data":"Loop","floor":6,"key":"SMITH"},{"floor":8,"key":"REST"}],"circlet_count":0,"master_deck":["Strike_B","Strike_B","Strike_B+1","Defend_B","Defend_B","Defend_B","Zap","Dualcast","Genetic Algorithm","Static Discharge","Loop+1","Self Repair","Loop","Seek","White Noise","Fission"],"relics":["Tiny House","Shovel","MawBank"],"acts_visited":["Exordium"],"potions_floor_usage":[14,14,14],"damage_taken":[{"damage":5,"enemies":"2 Louse","floor":1,"turns":4},{"damage":3,"enemies":"Cultist","floor":3,"turns":5},{"damage":11,"enemies":"Jaw Worm","floor":4,"turns":4},{"damage":13,"enemies":"2 Fungi Beasts","floor":5,"turns":4},{"damage":39,"enemies":"3 Sentries","floor":7,"turns":6},{"damage":16,"enemies":"Large Slime","floor":11,"turns":5},{"damage":18,"enemies":"Lagavulin","floor":12,"turns":7},{"damage":35,"enemies":"Gremlin Nob","floor":14,"turns":4}],"seed_played":"8790796065244380617","potions_obtained":[{"floor":0,"key":"BlessingOfTheForge"},{"floor":1,"key":"Swift Potion"},{"floor":5,"key":"Weak Potion"},{"floor":10,"key":"SpeedPotion"}],"is_trial":false,"path_per_floor":["M","$","M","M","M","R","E","R","T","?","M","E","$","E"],"character_chosen":"DEFECT","items_purchased":["Loop","Fission"],"campfire_rested":1,"item_purchase_floors":[2,13],"current_hp_per_floor":[75,75,72,68,62,62,30,54,54,54,45,34,34,0,0],"gold":23,"neow_bonus":"BOSS_RELIC","is_daily":false,"chose_seed":false,"campfire_upgraded":1,"win_rate":0.0,"timestamp":1609957796,"path_taken":["M","$","M","M","M","R","E","R","T","?","M","E","?","E"],"items_purchased_type":["Card","Card"],"build_version":"2020-12-22","purchased_purges":2,"victory":false,"max_hp_per_floor":[80,80,80,80,80,80,80,80,80,80,80,80,80,80,80],"card_choices":[{"not_picked":["Go for the Eyes","Cold Snap"],"picked":"Genetic Algorithm","floor":0},{"not_picked":["Stack","Barrage"],"picked":"Static Discharge","floor":1},{"not_picked":["Leap","Multi-Cast"],"picked":"Self Repair","floor":3},{"not_picked":["Beam Cell","Aggregate","BootSequence"],"picked":"SKIP","floor":4},{"not_picked":["Go for the Eyes","Ball Lightning","Sunder"],"picked":"SKIP","floor":5},{"not_picked":["Redo","Cold Snap"],"picked":"Loop","floor":7},{"not_picked":["Doom and Gloom","Turbo"],"picked":"Seek","floor":11},{"not_picked":["Rip and Tear","Lockon"],"picked":"White Noise","floor":12}],"player_experience":696503,"relics_obtained":[{"floor":7,"key":"Shovel"},{"floor":12,"key":"MawBank"}],"event_choices":[{"damage_healed":0,"gold_gain":0,"player_choice":"Bought 1 Potion","damage_taken":0,"max_hp_gain":0,"max_hp_loss":0,"event_name":"The Woman in Blue","floor":10,"gold_loss":0}],"is_beta":false,"boss_relics":[],"items_purged_floors":[2,13],"is_endless":false,"potions_floor_spawned":[1,5],"killed_by":"Gremlin Nob","ascension_level":1}}