{"host":"08z5bj28eube4vug","time":1609912333,"event":{"mods":["2.2 Compatiblity","Abigail Mod","Act Like it!","BaseMod","Beaked The Cultist","Bestiary","Friendly Minions","Gensokyo","GungeonMod","Hallownest","Kiyohime????","Koishi","Lobotomy","Marisa????????","Minty Spire (QoL Compilation)","Prisma Mod","Remilia??????","Replay The Spire","StSLib","Td1madao Mod","The Alterego","The Bug Knight","The Jungle","The Sage","The Senshi","The Servant 0.9.4","Waifu the Spire","WarShipGirlsR/????R mod","Yuri Mod"],"gold_per_floor":[119,133,153,167,167,167,186,186,186,197,232,197,220,253,253,353,353,364,376,316,316,136,136,148,180,180,180,195,195,222,239,239,334,334,345,400,400,417,153,186,40,40,64,64,64,80,80,112,122,136,136,136],"floor_reached":53,"playtime":4158,"items_purged":["Gensokyo:AllTheWorldsEvil"],"score":950,"play_id":"93d60908-05a8-484d-93ab-28a18142cd46","local_time":"20210106085213","is_ascension_mode":true,"campfire_choices":[{"data":"rmod:launchingtorpedo","floor":6,"key":"SMITH"},{"data":"rmod:basicallowance","floor":8,"key":"SMITH"},{"data":"rmod:unsinkable","floor":15,"key":"SMITH"},{"data":"rmod:abidefaith","floor":23,"key":"SMITH"},{"data":"rmod:unsinkable","floor":27,"key":"SMITH"},{"data":"rmod:smokecover","floor":29,"key":"SMITH"},{"data":"rmod:gendarmerie","floor":32,"key":"SMITH"},{"data":"Replay:BasicMightCard","floor":42,"key":"SMITH"},{"data":"rmod:circuitoustactics","floor":47,"key":"SMITH"},{"floor":51,"key":"REST"}],"circlet_count":0,"master_deck":["rmod:strick","rmod:strick","rmod:strick","rmod:strick","rmod:defend","rmod:defend","rmod:defend","rmod:defend+1","rmod:basicallowance+1","rmod:maingunfire+1","rmod:launchingtorpedo+1","rmod:diaomin+1","rmod:overbreakdown","rmod:unsinkable+1","rmod:abidefaith+1","rmod:fletcherpendant+1","rmod:gendarmerie+1","rmod:unsinkable+1","rmod:firesupport","rmod:smokecover+1","rmod:sl+1","Poisoned Strike","rmod:circuitoustactics+1","Replay:BasicMightCard+1","rmod:gendarmerie+1"],"relics":["DemoMod:Bottle","Art of War","Odd Mushroom","DemoMod:SerJunkan","Busted Crown","ReplayTheSpireMod:CursedCoin","Thread and Needle","Mango","Pocketwatch","Vajra","rmod:mogul","DemoMod:Junk","BargainBundle","theSenshi:SailorFukuRelic","DemoMod:GlassGuonStoneRelic"],"acts_visited":["Exordium","TheCity","TheBeyond"],"potions_floor_usage":[10,13,14,24,25,31,35,40,46,52,52,52],"damage_taken":[{"damage":0,"enemies":"Cultist","floor":1,"turns":4},{"damage":0,"enemies":"Small Slimes","floor":2,"turns":3},{"damage":0,"enemies":"2 Louse","floor":3,"turns":3},{"damage":1,"enemies":"Looter","floor":4,"turns":4},{"damage":3,"enemies":"3 Louse","floor":7,"turns":3},{"damage":11,"enemies":"Exordium Wildlife","floor":10,"turns":4},{"damage":17,"enemies":"Gremlin Nob","floor":11,"turns":4},{"damage":4,"enemies":"The Mushroom Lair","floor":13,"turns":5},{"damage":2,"enemies":"Lagavulin","floor":14,"turns":6},{"damage":15,"enemies":"Hexaghost","floor":16,"turns":14},{"damage":19,"enemies":"Chosen","floor":18,"turns":5},{"damage":12,"enemies":"2 Thieves","floor":19,"turns":4},{"damage":0,"enemies":"Chosen and Byrds","floor":24,"turns":8},{"damage":16,"enemies":"Book of Stabbing","floor":25,"turns":6},{"damage":2,"enemies":"Shelled Parasite and Fungi","floor":28,"turns":4},{"damage":2,"enemies":"Slavers","floor":30,"turns":9},{"damage":0,"enemies":"Snecko","floor":31,"turns":5},{"damage":2,"enemies":"Champ","floor":33,"turns":11},{"damage":13,"enemies":"3 Shapes","floor":35,"turns":5},{"damage":33,"enemies":"2 Orb Walkers","floor":36,"turns":7},{"damage":0,"enemies":"3 Darklings","floor":38,"turns":6},{"damage":0,"enemies":"HollowMod:StalkingDevout","floor":40,"turns":7},{"damage":13,"enemies":"Sphere and 2 Shapes","floor":46,"turns":6},{"damage":9,"enemies":"beaked:SuperParasite","floor":48,"turns":5},{"damage":0,"enemies":"Maw","floor":49,"turns":8},{"damage":3,"enemies":"Spire Growth","floor":50,"turns":5},{"damage":0,"enemies":"Donu and Deca","floor":52,"turns":11}],"seed_played":"5615496527423855108","potions_obtained":[{"floor":2,"key":"PowerPotion"},{"floor":3,"key":"DemoMod:LeadSkinPotion"},{"floor":13,"key":"PowerPotion"},{"floor":14,"key":"Fire Potion"},{"floor":18,"key":"LiquidMemories"},{"floor":19,"key":"Weak Potion"},{"floor":30,"key":"DuplicationPotion"},{"floor":38,"key":"BlessingOfTheForge"},{"floor":40,"key":"AttackPotion"},{"floor":49,"key":"Languid Potion"}],"is_trial":false,"path_per_floor":["M","M","M","M","?","R","M","R","T","M","E","?","?","E","R","B",null,"M","M","?","?","$","R","M","E","T","R","M","R","E","M","R","B",null,"M","?","?","M","$","E","$","R","T","PTL","PTL","M","R","E","M","M","R","B",null],"character_chosen":"PRAEFECT","items_purchased":["ReplayTheSpireMod:CursedCoin","Thread and Needle","rmod:gendarmerie","BargainBundle","Poisoned Strike","rmod:circuitoustactics","Replay:BasicMightCard","Energy Potion","Reflective Coating","Explosive Potion","theSenshi:SailorFukuRelic"],"campfire_rested":1,"item_purchase_floors":[22,22,22,39,39,39,39,39,39,39,41],"current_hp_per_floor":[75,75,75,74,59,59,56,56,56,45,34,52,54,72,72,57,75,56,50,50,50,50,50,56,60,60,60,58,58,62,68,68,72,89,76,62,62,68,68,68,68,68,68,68,68,61,61,52,52,49,75,75],"gold":136,"neow_bonus":"UPGRADE_CARD","is_daily":false,"chose_seed":false,"campfire_upgraded":9,"win_rate":0.0,"timestamp":1609912333,"path_taken":["M","?","M","M","?","R","M","R","T","M","E","?","?","E","R","BOSS","M","M","?","?","?","R","?","E","T","R","M","R","E","M","R","BOSS","M","?","?","M","$","E","$","R","T","PTL","PTL","M","R","E","M","?","R","BOSS"],"items_purchased_type":["Relic","Relic","Card","Relic","Card","Card","Card","Potion","Potion","Potion","Relic"],"build_version":"2020-12-22","purchased_purges":1,"victory":true,"max_hp_per_floor":[75,75,75,75,75,75,75,75,75,75,75,75,75,75,75,75,75,75,75,75,75,75,75,75,89,89,89,89,89,89,89,89,89,89,89,89,89,89,89,89,89,89,89,89,89,89,89,89,89,89,89,89],"card_choices":[{"not_picked":["rmod:highspeedshooting","rmod:salvage","rmod:expedition"],"picked":"SKIP","floor":1},{"not_picked":["rmod:fletcherpendant","rmod:aviationdawn"],"picked":"rmod:launchingtorpedo","floor":2},{"not_picked":["rmod:steelsupply","rmod:ammunitionsupply"],"picked":"rmod:diaomin","floor":3},{"not_picked":["rmod:launchingtorpedo","rmod:royalracing","rmod:ammunitionsupply"],"picked":"SKIP","floor":4},{"not_picked":["rmod:rockthrower","rmod:garrisonisland","rmod:launchingtorpedo"],"picked":"SKIP","floor":7},{"not_picked":["rmod:openingtorpedo","rmod:spoils"],"picked":"rmod:overbreakdown","floor":10},{"not_picked":["rmod:wife","rmod:luckystar","rmod:ridicule"],"picked":"SKIP","floor":11},{"not_picked":["rmod:fletcherpendant","rmod:highspeedshooting"],"picked":"rmod:unsinkable","floor":13},{"not_picked":["rmod:luckystar","rmod:shuttlebombing","rmod:fuelsupply"],"picked":"SKIP","floor":14},{"not_picked":["rmod:secretscript","rmod:expeditionaryescort"],"picked":"rmod:abidefaith","floor":16},{"not_picked":[],"picked":"rmod:fletcherpendant+1","floor":18},{"not_picked":["rmod:fletcherpendant"],"picked":"SKIP","floor":19},{"not_picked":[],"picked":"rmod:unsinkable","floor":24},{"not_picked":[],"picked":"rmod:firesupport","floor":25},{"not_picked":[],"picked":"rmod:smokecover","floor":28},{"not_picked":[],"picked":"rmod:sl","floor":30},{"not_picked":["rmod:robin"],"picked":"SKIP","floor":31},{"not_picked":["rmod:highspeedshooting+1"],"picked":"SKIP","floor":35},{"not_picked":["rmod:diaomin"],"picked":"SKIP","floor":38},{"not_picked":["rmod:victimresponsibility+1"],"picked":"SKIP","floor":40},{"not_picked":["rmod:steelsupply"],"picked":"SKIP","floor":46},{"not_picked":["rmod:aviationdawn"],"picked":"SKIP","floor":48},{"not_picked":["rmod:fletcherpendant+1"],"picked":"SKIP","floor":49},{"not_picked":[],"picked":"rmod:gendarmerie+1","floor":50}],"player_experience":745860,"relics_obtained":[{"floor":9,"key":"DemoMod:Bottle"},{"floor":11,"key":"Art of War"},{"floor":13,"key":"Odd Mushroom"},{"floor":14,"key":"DemoMod:SerJunkan"},{"floor":25,"key":"Mango"},{"floor":26,"key":"Pocketwatch"},{"floor":30,"key":"Vajra"},{"floor":36,"key":"DemoMod:Junk"},{"floor":40,"key":"DemoMod:Junk"},{"floor":48,"key":"DemoMod:Junk"}],"event_choices":[{"damage_healed":0,"gold_gain":0,"player_choice":"Entered Light","damage_taken":15,"max_hp_gain":0,"max_hp_loss":0,"event_name":"Shining Light","floor":5,"gold_loss":0,"cards_upgraded":["rmod:defend","rmod:diaomin"]},{"damage_healed":18,"gold_gain":0,"player_choice":"Healed","damage_taken":0,"max_hp_gain":0,"max_hp_loss":0,"event_name":"The Cleric","floor":12,"gold_loss":35},{"damage_healed":0,"gold_gain":0,"player_choice":"Fought Mushrooms","damage_taken":0,"max_hp_gain":0,"max_hp_loss":0,"event_name":"Mushrooms","floor":13,"gold_loss":0},{"damage_healed":0,"gold_gain":0,"player_choice":"Fight","damage_taken":0,"max_hp_gain":0,"max_hp_loss":0,"event_name":"Mysterious Sphere","floor":36,"gold_loss":0},{"damage_healed":0,"gold_gain":0,"player_choice":"Upgraded","damage_taken":0,"max_hp_gain":0,"max_hp_loss":0,"event_name":"Upgrade Shrine","floor":37,"gold_loss":0,"cards_upgraded":["rmod:sl"]}],"is_beta":false,"boss_relics":[{"not_picked":["ChewingGum","Runic Pyramid"],"picked":"Busted Crown"},{"not_picked":["Ring of Chaos","Fusion Hammer"],"picked":"rmod:mogul"}],"items_purged_floors":[39],"is_endless":false,"potions_floor_spawned":[2,3,13,14,18,19,30,38,40,49],"ascension_level":4}}