{"host":"os7ajuuouznx3pj7","time":1609954079,"event":{"mods":["AchievementEnabler","BaseMod","Bestiary","Block Reminder","Colored Map","Colored Powertips","Keyboard Shortcuts","Minty Spire (QoL Compilation)","Quick Restart","Relic Sorter","Relic Stats","SuperFastMode"],"gold_per_floor":[119,119,139,153,164,198,198,273,297,340,352,364,404,434,446,562,574,597,609,85,103,20,47,58,85,137,164,18,18,33,60,60,164,164,181,198,208,221,221,251,251,278,303,303,303,328,344,17,17,17],"floor_reached":51,"playtime":7139,"items_purged":["Pain","Flying Knee"],"score":1224,"play_id":"83c209d9-d154-4646-a532-e3b0f10dff29","local_time":"20210106152759","is_ascension_mode":true,"campfire_choices":[{"data":"Dash","floor":7.0,"key":"SMITH"},{"data":"Bullet Time","floor":11.0,"key":"SMITH"},{"floor":15.0,"key":"REST"},{"data":"Tactician","floor":29.0,"key":"SMITH"},{"data":"Madness","floor":32.0,"key":"SMITH"},{"data":"Envenom","floor":41.0,"key":"SMITH"},{"data":"Acrobatics","floor":45,"key":"SMITH"},{"data":"Catalyst","floor":49,"key":"SMITH"}],"circlet_count":0,"master_deck":["Survivor","Neutralize","Bullet Time+1","Dash+1","Heel Hook","Underhanded Strike","Noxious Fumes","Crippling Poison","Reflex","Caltrops","Dagger Throw","Noxious Fumes","Escape Plan","Night Terror","Acrobatics","PiercingWail","Envenom","Leg Sweep","Acrobatics+1","Madness+1","Tactician+1","Deflect","Envenom+1","Backstab","Adrenaline","Deflect+1","A Thousand Cuts","Reflex","Concentrate","Blur","Madness","Madness","Flechettes","A Thousand Cuts","Impatience","Dodge and Roll+1","Catalyst+1"],"relics":["Pandora\u0027s Box","Snake Skull","MawBank","WarpedTongs","Bronze Scales","Anchor","Akabeko","Runic Pyramid","Gremlin Horn","Potion Belt","Ornamental Fan","MealTicket","Eternal Feather","Letter Opener","Sozu","Blue Candle","Boot","Strawberry","Bag of Marbles","Pen Nib"],"acts_visited":["Exordium","TheCity","TheBeyond"],"potions_floor_usage":[50],"damage_taken":[{"damage":0.0,"enemies":"Cultist","floor":1.0,"turns":3.0},{"damage":0.0,"enemies":"2 Louse","floor":3.0,"turns":2.0},{"damage":2.0,"enemies":"Jaw Worm","floor":4.0,"turns":2.0},{"damage":5.0,"enemies":"Exordium Wildlife","floor":5.0,"turns":3.0},{"damage":16.0,"enemies":"Gremlin Nob","floor":6.0,"turns":4.0},{"damage":9.0,"enemies":"Lagavulin","floor":10.0,"turns":5.0},{"damage":14.0,"enemies":"3 Sentries","floor":13.0,"turns":4.0},{"damage":0.0,"enemies":"3 Louse","floor":14.0,"turns":2.0},{"damage":14.0,"enemies":"The Guardian","floor":16.0,"turns":8.0},{"damage":0.0,"enemies":"3 Byrds","floor":18.0,"turns":3.0},{"damage":0.0,"enemies":"Shell Parasite","floor":21.0,"turns":4.0},{"damage":8.0,"enemies":"Slavers","floor":23.0,"turns":6.0},{"damage":0.0,"enemies":"Sentry and Sphere","floor":24.0,"turns":5.0},{"damage":4.0,"enemies":"Book of Stabbing","floor":25.0,"turns":4.0},{"damage":0.0,"enemies":"Gremlin Leader","floor":27.0,"turns":5.0},{"damage":0.0,"enemies":"Chosen and Byrds","floor":30.0,"turns":5.0},{"damage":0.0,"enemies":"Slavers","floor":31.0,"turns":4.0},{"damage":0.0,"enemies":"Automaton","floor":33.0,"turns":6.0},{"damage":0.0,"enemies":"3 Darklings","floor":35.0,"turns":3.0},{"damage":1.0,"enemies":"Orb Walker","floor":36.0,"turns":3.0},{"damage":11.0,"enemies":"3 Darklings","floor":37.0,"turns":4.0},{"damage":38.0,"enemies":"Jaw Worm Horde","floor":38.0,"turns":4.0},{"damage":0.0,"enemies":"Reptomancer","floor":40.0,"turns":5.0},{"damage":19,"enemies":"Nemesis","floor":42,"turns":5},{"damage":12,"enemies":"Sphere and 2 Shapes","floor":47,"turns":4},{"damage":24,"enemies":"Donu and Deca","floor":50,"turns":6}],"seed_played":"1767613739028312994","potions_obtained":[{"floor":1.0,"key":"ColorlessPotion"},{"floor":5.0,"key":"SpeedPotion"},{"floor":6.0,"key":"AttackPotion"},{"floor":16.0,"key":"PowerPotion"},{"floor":21.0,"key":"SkillPotion"},{"floor":23.0,"key":"SkillPotion"},{"floor":24.0,"key":"FearPotion"}],"is_trial":false,"path_per_floor":["M","?","M","M","M","E","R","?","T","E","R","?","E","M","R","B",null,"M","?","$","M","$","E","M","E","T","E","$","R","M","E","R","B",null,"M","M","M","M","?","E","R","E","T","?","R","T","M","$","R","B",null],"character_chosen":"THE_SILENT","items_purchased":["Snake Skull","Gremlin Horn","Acrobatics","Madness","Adrenaline","Catalyst","Pen Nib"],"campfire_rested":1,"item_purchase_floors":[20,20,20,22,28,48,48],"current_hp_per_floor":[63,68,68,66,61,45,45,34,34,25,25,18,4,4,26,12,59,59,59,59,59,59,51,51,47,47,47,62,75,75,75,75,75,75,75,74,63,25,16,16,34,15,22,22,43,43,31,46,67,43],"gold":17,"neow_bonus":"BOSS_RELIC","is_daily":false,"chose_seed":false,"campfire_upgraded":7,"win_rate":0.0,"timestamp":1609954079,"path_taken":["M","?","M","M","M","E","R","?","T","E","R","?","E","M","R","BOSS","M","?","$","M","?","E","M","E","T","E","$","R","M","E","R","BOSS","M","M","M","M","?","E","R","E","T","?","R","?","?","$","R","BOSS"],"items_purchased_type":["Relic","Relic","Card","Card","Card","Card","Relic"],"build_version":"2020-12-22","purchased_purges":2,"victory":true,"max_hp_per_floor":[70,75,75,75,75,75,75,75,75,75,75,75,75,75,75,75,75,75,75,75,75,75,75,75,75,75,75,75,75,75,75,75,75,75,75,75,75,75,75,75,75,75,82,82,82,82,82,82,82,82],"relic_stats":{"Gremlin Horn":[20,25],"counters":[26,109],"Blue Candle":[0],"Eternal Feather":73,"Snake Skull":[197],"Pen Nib":[1],"Letter Opener":[278],"MawBank":132,"Boot":[25],"WarpedTongs":[73],"Sozu":4,"Ornamental Fan":[72],"Bronze Scales":[312],"Pandora\u0027s Box":["Bullet Time","Dash","Heel Hook","Flying Knee","Underhanded Strike","Noxious Fumes","Crippling Poison","Storm of Steel","Reflex","Caltrops"],"MealTicket":30,"obtain_stats":[{"Potion Belt":23,"Gremlin Horn":20,"Blue Candle":40,"Eternal Feather":27,"Snake Skull":20,"Pen Nib":48,"Letter Opener":31,"MawBank":9,"Boot":42,"Akabeko":6,"WarpedTongs":19,"Sozu":34,"Anchor":13,"Ornamental Fan":25,"Bronze Scales":10,"Strawberry":43,"Pandora\u0027s Box":0,"MealTicket":26,"Bag of Marbles":46,"Ring of the Snake":0,"Runic Pyramid":17},{"Potion Belt":12,"Gremlin Horn":10,"Blue Candle":23,"Eternal Feather":15,"Snake Skull":10,"Pen Nib":25,"Letter Opener":17,"MawBank":5,"Boot":24,"Akabeko":5,"WarpedTongs":10,"Sozu":18,"Anchor":7,"Ornamental Fan":14,"Bronze Scales":6,"Strawberry":24,"Pandora\u0027s Box":0,"MealTicket":14,"Bag of Marbles":24,"Ring of the Snake":0,"Runic Pyramid":9},{"Potion Belt":46,"Gremlin Horn":36,"Blue Candle":94,"Eternal Feather":60,"Snake Skull":36,"Pen Nib":103,"Letter Opener":69,"MawBank":14,"Boot":99,"Akabeko":14,"WarpedTongs":36,"Sozu":75,"Anchor":23,"Ornamental Fan":55,"Bronze Scales":19,"Strawberry":99,"Pandora\u0027s Box":0,"MealTicket":55,"Bag of Marbles":99,"Ring of the Snake":0,"Runic Pyramid":33}]},"card_choices":[{"not_picked":["Eviscerate","Dagger Spray"],"picked":"Dagger Throw","floor":1.0},{"not_picked":["Deadly Poison","Outmaneuver","Slice"],"picked":"SKIP","floor":3.0},{"not_picked":["Sucker Punch","Crippling Poison"],"picked":"Noxious Fumes","floor":4.0},{"not_picked":["Infinite Blades","Blade Dance"],"picked":"Escape Plan","floor":5.0},{"not_picked":["Flying Knee","Deadly Poison","Setup"],"picked":"SKIP","floor":6.0},{"not_picked":["All Out Attack","Bane"],"picked":"Night Terror","floor":10.0},{"not_picked":["Skewer","Infinite Blades"],"picked":"Acrobatics","floor":13.0},{"not_picked":["Outmaneuver","Footwork"],"picked":"PiercingWail","floor":14.0},{"not_picked":["Bullet Time","Unload"],"picked":"Envenom","floor":16.0},{"not_picked":["Dagger Spray","Poisoned Stab"],"picked":"Leg Sweep","floor":18.0},{"not_picked":["Poisoned Stab","Dagger Spray","Blade Dance"],"picked":"SKIP","floor":21.0},{"not_picked":["Storm of Steel","Concentrate"],"picked":"Tactician","floor":23.0},{"not_picked":["Poisoned Stab","Cloak And Dagger+1"],"picked":"Deflect","floor":24.0},{"not_picked":["Bane","Dodge and Roll"],"picked":"Envenom","floor":25.0},{"not_picked":["Sucker Punch+1","Choke"],"picked":"Backstab","floor":27.0},{"not_picked":["Footwork","Dodge and Roll","Sucker Punch"],"picked":"SKIP","floor":30.0},{"not_picked":["Slice","Blade Dance"],"picked":"Deflect+1","floor":31.0},{"not_picked":["After Image","Bullet Time"],"picked":"A Thousand Cuts","floor":33.0},{"not_picked":["All Out Attack+1","Cloak And Dagger"],"picked":"Reflex","floor":35.0},{"not_picked":["Deadly Poison+1","Terror"],"picked":"Concentrate","floor":36.0},{"not_picked":["Blade Dance","Leg Sweep+1"],"picked":"Blur","floor":37.0},{"not_picked":["Bane+1","Caltrops","Dagger Spray+1"],"picked":"SKIP","floor":38.0},{"not_picked":["Skewer+1","Dagger Spray"],"picked":"Flechettes","floor":40.0},{"not_picked":["Dash+1","Quick Slash+1"],"picked":"A Thousand Cuts","floor":42},{"not_picked":["Swift Strike","Discovery"],"picked":"Impatience","floor":44},{"not_picked":["Crippling Poison","Underhanded Strike"],"picked":"Dodge and Roll+1","floor":47}],"player_experience":813630,"relics_obtained":[{"floor":6.0,"key":"Akabeko"},{"floor":9.0,"key":"MawBank"},{"floor":10.0,"key":"Bronze Scales"},{"floor":13.0,"key":"Anchor"},{"floor":23.0,"key":"Potion Belt"},{"floor":25.0,"key":"Ornamental Fan"},{"floor":26.0,"key":"MealTicket"},{"floor":27.0,"key":"Eternal Feather"},{"floor":31.0,"key":"Letter Opener"},{"floor":40.0,"key":"Blue Candle"},{"floor":42,"key":"Boot"},{"floor":43,"key":"Strawberry"},{"floor":46,"key":"Bag of Marbles"}],"event_choices":[{"damage_healed":0.0,"max_hp_gain":5.0,"max_hp_loss":0.0,"gold_gain":0.0,"event_name":"Big Fish","player_choice":"Donut","floor":2.0,"gold_loss":0.0,"damage_taken":0.0},{"damage_healed":0.0,"max_hp_gain":0.0,"max_hp_loss":0.0,"gold_gain":75.0,"event_name":"World of Goop","player_choice":"Gather Gold","floor":8.0,"gold_loss":0.0,"damage_taken":11.0},{"cards_removed":["Storm of Steel"],"damage_healed":0.0,"max_hp_gain":0.0,"max_hp_loss":0.0,"gold_gain":0.0,"event_name":"Golden Wing","player_choice":"Card Removal","floor":12.0,"gold_loss":0.0,"damage_taken":7.0},{"damage_healed":0.0,"max_hp_gain":0.0,"max_hp_loss":0.0,"gold_gain":0.0,"event_name":"Accursed Blacksmith","player_choice":"Rummage","floor":19.0,"gold_loss":0.0,"damage_taken":0.0,"relics_obtained":["WarpedTongs"],"cards_obtained":["Pain"]},{"damage_healed":0.0,"max_hp_gain":0.0,"max_hp_loss":0.0,"gold_gain":0.0,"event_name":"Winding Halls","player_choice":"Embrace Madness","floor":39.0,"gold_loss":0.0,"damage_taken":9.0,"cards_obtained":["Madness","Madness"]},{"damage_healed":0,"gold_gain":0,"player_choice":"Memory 1","damage_taken":0,"max_hp_gain":0,"max_hp_loss":0,"event_name":"SensoryStone","floor":44,"gold_loss":0}],"is_beta":false,"boss_relics":[{"not_picked":["Astrolabe","Philosopher\u0027s Stone"],"picked":"Runic Pyramid"},{"not_picked":["Empty Cage","WristBlade"],"picked":"Sozu"}],"items_purged_floors":[20,48],"is_endless":false,"potions_floor_spawned":[1,5,6,16,21,23,24,38,40,42,47],"ascension_level":6}}