{"host":"qxeepl7ydvsgmfdb","time":1609936981,"event":{"mods":["AchievementEnabler","BaseMod","Colored Powertips","Minty Spire (QoL Compilation)","Quick Restart","slay the spire mod where everything is the same but ironclad has a cowboy hat"],"gold_per_floor":[111,111,34,34,46,46,80,80,134,167,186,186,212,231,231,331,331,346,56,56,68,93,118,133,133,133,152,172,172,199,211,223,334,346,374,386,398,410,422,434,477,489,501,527,539,570,582,607,619,631],"floor_reached":51,"playtime":1580,"items_purged":["Defend_B"],"score":882,"play_id":"93318cb4-3bcf-41c2-be4e-eef18b399795","local_time":"20210106074301","is_ascension_mode":true,"campfire_choices":[{"data":"Zap","floor":6.0,"key":"SMITH"},{"data":"Melter","floor":8.0,"key":"SMITH"},{"floor":15.0,"key":"REST"},{"data":"White Noise","floor":29.0,"key":"SMITH"},{"floor":32.0,"key":"REST"},{"data":"Zap","floor":40,"key":"SMITH"},{"floor":42,"key":"REST"},{"data":"Defragment","floor":45,"key":"SMITH"},{"data":"Defragment","floor":49,"key":"SMITH"}],"circlet_count":0,"master_deck":["Strike_B+1","Strike_B+1","Defend_B+1","Defend_B+1","Defend_B+1","Zap+1","Dualcast+1","Cold Snap","Melter+1","Loop","Coolheaded","Ball Lightning","Leap","Electrodynamics","BootSequence","Defragment+1","Darkness","White Noise+1","Ball Lightning","Defragment+1","BootSequence+1","Zap+1"],"relics":["Cracked Core","NeowsBlessing","Bag of Preparation","Tiny Chest","Anchor","DataDisk","PreservedInsect","Happy Flower","Gremlin Horn","Shuriken","MawBank","Black Star","Pear","Dream Catcher","Ice Cream","Kunai","Bird Faced Urn"],"acts_visited":["Exordium","TheCity","TheBeyond"],"potions_floor_usage":[33,41,50,50,50],"damage_taken":[{"damage":0.0,"enemies":"2 Louse","floor":1.0,"turns":1.0},{"damage":0.0,"enemies":"Small Slimes","floor":5.0,"turns":1.0},{"damage":0.0,"enemies":"3 Sentries","floor":7.0,"turns":1.0},{"damage":4.0,"enemies":"Lagavulin","floor":10.0,"turns":5.0},{"damage":0.0,"enemies":"Cultist","floor":11.0,"turns":2.0},{"damage":22.0,"enemies":"3 Sentries","floor":13.0,"turns":5.0},{"damage":0.0,"enemies":"Lots of Slimes","floor":14.0,"turns":3.0},{"damage":26.0,"enemies":"Slime Boss","floor":16.0,"turns":12.0},{"damage":0.0,"enemies":"3 Byrds","floor":18.0,"turns":3.0},{"damage":0.0,"enemies":"Chosen","floor":21.0,"turns":4.0},{"damage":0.0,"enemies":"Gremlin Leader","floor":23.0,"turns":4.0},{"damage":0.0,"enemies":"Snake Plant","floor":24.0,"turns":4.0},{"damage":12.0,"enemies":"Snecko","floor":27.0,"turns":4.0},{"damage":0.0,"enemies":"Sentry and Sphere","floor":28.0,"turns":2.0},{"damage":9.0,"enemies":"Book of Stabbing","floor":30.0,"turns":4.0},{"damage":38,"enemies":"Champ","floor":33,"turns":9},{"damage":30,"enemies":"3 Darklings","floor":35,"turns":3},{"damage":0,"enemies":"Reptomancer","floor":41,"turns":4},{"damage":0,"enemies":"3 Shapes","floor":44,"turns":2},{"damage":0,"enemies":"Jaw Worm Horde","floor":46,"turns":2},{"damage":0,"enemies":"Maw","floor":48,"turns":6},{"damage":60,"enemies":"Time Eater","floor":50,"turns":10}],"seed_played":"1688216354879332131","potions_obtained":[{"floor":1.0,"key":"Weak Potion"},{"floor":10.0,"key":"DuplicationPotion"},{"floor":13.0,"key":"GamblersBrew"},{"floor":33,"key":"Fire Potion"},{"floor":44,"key":"EssenceOfDarkness"}],"is_trial":false,"path_per_floor":["M","?","$","?","M","R","E","R","T","E","M","?","E","M","R","B",null,"M","$","?","M","T","E","M","$","T","M","M","R","E","?","R","B",null,"M","?","T","?","?","R","E","R","T","M","R","M","T","M","R","B",null],"character_chosen":"DEFECT","items_purchased":["Melter","PreservedInsect","Defragment"],"campfire_rested":3,"item_purchase_floors":[3,19,19],"current_hp_per_floor":[75,75,75,68,68,68,68,68,68,64,64,64,42,42,64,38,75,75,75,75,75,75,75,75,75,75,63,63,63,54,54,75,37,75,45,45,55,55,55,55,55,80,80,80,80,80,80,85,85,29],"gold":643,"neow_bonus":"THREE_ENEMY_KILL","is_daily":false,"chose_seed":false,"campfire_upgraded":6,"win_rate":0.0,"timestamp":1609936981,"path_taken":["M","?","$","?","M","R","E","R","T","E","M","?","E","M","R","BOSS","M","$","?","?","?","E","M","?","T","M","M","R","E","?","R","BOSS","M","?","?","?","?","R","E","R","T","?","R","M","?","M","R","BOSS"],"items_purchased_type":["Card","Relic","Card"],"build_version":"2020-12-22","purchased_purges":1,"victory":true,"max_hp_per_floor":[75,75,75,75,75,75,75,75,75,75,75,75,75,75,75,75,75,75,75,75,75,75,75,75,75,75,75,75,75,75,75,75,75,75,75,75,85,85,85,85,85,85,85,85,85,85,85,85,85,85],"card_choices":[{"not_picked":["Force Field","Rip and Tear"],"picked":"Cold Snap","floor":1.0},{"not_picked":["Skim","Rip and Tear"],"picked":"Loop","floor":5.0},{"not_picked":["Barrage","Rebound"],"picked":"Coolheaded","floor":7.0},{"not_picked":["Storm","All For One","Beam Cell"],"picked":"SKIP","floor":10.0},{"not_picked":["Lockon","Streamline"],"picked":"Ball Lightning","floor":11.0},{"not_picked":["Stack","Coolheaded"],"picked":"Leap","floor":13.0},{"not_picked":["Leap","Compile Driver","Coolheaded"],"picked":"SKIP","floor":14.0},{"not_picked":["Meteor Strike","Amplify"],"picked":"Electrodynamics","floor":16.0},{"not_picked":["Lockon","Barrage"],"picked":"BootSequence","floor":18.0},{"not_picked":["Conserve Battery","Force Field+1"],"picked":"Darkness","floor":21.0},{"not_picked":["Streamline+1","Go for the Eyes"],"picked":"White Noise","floor":23.0},{"not_picked":["Steam","Gash"],"picked":"Sweeping Beam","floor":24.0},{"not_picked":["Conserve Battery","Coolheaded"],"picked":"Ball Lightning","floor":27.0},{"not_picked":["Hologram","Genetic Algorithm"],"picked":"Defragment","floor":28.0},{"not_picked":["Hologram+1","Sunder+1","Multi-Cast"],"picked":"SKIP","floor":30.0},{"not_picked":["Barrage","Streamline+1"],"picked":"BootSequence+1","floor":35},{"not_picked":["Reboot","Stack","Rebound"],"picked":"SKIP","floor":41},{"not_picked":["Conserve Battery+1","Compile Driver","Sweeping Beam+1"],"picked":"SKIP","floor":44},{"not_picked":["Steam+1","Beam Cell+1","Machine Learning"],"picked":"SKIP","floor":46},{"not_picked":["Reprogram+1","Beam Cell","Turbo"],"picked":"SKIP","floor":48}],"player_experience":374445,"relics_obtained":[{"floor":7.0,"key":"Bag of Preparation"},{"floor":9.0,"key":"Tiny Chest"},{"floor":10.0,"key":"Anchor"},{"floor":13.0,"key":"DataDisk"},{"floor":22.0,"key":"Happy Flower"},{"floor":23.0,"key":"Gremlin Horn"},{"floor":26.0,"key":"Shuriken"},{"floor":30.0,"key":"MawBank"},{"floor":37,"key":"Pear"},{"floor":41,"key":"Dream Catcher"},{"floor":41,"key":"Ice Cream"},{"floor":43,"key":"Kunai"},{"floor":47,"key":"Bird Faced Urn"}],"event_choices":[{"damage_healed":0.0,"max_hp_gain":0.0,"max_hp_loss":0.0,"gold_gain":0.0,"event_name":"The Cleric","player_choice":"Leave","floor":2.0,"gold_loss":0.0,"damage_taken":0.0},{"cards_removed":["Strike_B"],"damage_healed":0.0,"max_hp_gain":0.0,"max_hp_loss":0.0,"gold_gain":0.0,"event_name":"Golden Wing","player_choice":"Card Removal","floor":4.0,"gold_loss":0.0,"damage_taken":7.0},{"damage_healed":0.0,"max_hp_gain":0.0,"max_hp_loss":0.0,"gold_gain":0.0,"event_name":"Accursed Blacksmith","player_choice":"Forge","floor":12.0,"gold_loss":0.0,"damage_taken":0.0,"cards_upgraded":["Dualcast"]},{"cards_removed":["Strike_B"],"damage_healed":0.0,"max_hp_gain":0.0,"max_hp_loss":0.0,"gold_gain":0.0,"event_name":"Purifier","player_choice":"Purged","floor":20.0,"gold_loss":0.0,"damage_taken":0.0},{"damage_healed":0.0,"max_hp_gain":0.0,"max_hp_loss":0.0,"gold_gain":0.0,"event_name":"Back to Basics","player_choice":"Simplicity","floor":31.0,"gold_loss":0.0,"damage_taken":0.0,"cards_upgraded":["Strike_B","Strike_B","Defend_B","Defend_B","Defend_B"]},{"damage_healed":0,"gold_gain":0,"player_choice":"Ignored","damage_taken":0,"max_hp_gain":0,"max_hp_loss":0,"event_name":"Tomb of Lord Red Mask","floor":36,"gold_loss":0},{"cards_removed":["Sweeping Beam"],"damage_healed":0,"gold_gain":0,"player_choice":"Removed Attack","damage_taken":0,"max_hp_gain":0,"max_hp_loss":0,"event_name":"Falling","floor":38,"gold_loss":0},{"damage_healed":0,"gold_gain":0,"player_choice":"1 cards matched","damage_taken":0,"max_hp_gain":0,"max_hp_loss":0,"event_name":"Match and Keep!","floor":39,"gold_loss":0,"cards_obtained":["Zap"]}],"is_beta":false,"boss_relics":[{"not_picked":["Sozu","FrozenCore","Cursed Key"]},{"not_picked":["Velvet Choker","Fusion Hammer"],"picked":"Black Star"}],"items_purged_floors":[19],"is_endless":false,"potions_floor_spawned":[1,10,13,21,23,24,28,33,35,44,48],"ascension_level":2}}