{"host":"b995t17pt6d05w8c","time":1609941798,"event":{"mods":["AchievementEnabler","BaseMod","Colored Map","Minty Spire (QoL Compilation)","SuperFastMode"],"gold_per_floor":[113,131,131,143,155,187,208,208,208,242,242,254,285,385,385,485,485,495,515,238,238,258,258,277,150,150,65,0,0,99,112,112,209,209,224,97,97,116,66,66,80,90,90,90,104,115,135,43,43,43],"floor_reached":51,"playtime":1754,"items_purged":["Strike_R","Strike_R","Defend_R","Strike_R"],"score":758,"play_id":"28054c0b-3150-4045-9d49-f552bbb7ff7e","local_time":"20210106230318","is_ascension_mode":true,"campfire_choices":[{"data":"Blood for Blood","floor":8.0,"key":"SMITH"},{"floor":15.0,"key":"REST"},{"floor":23.0,"key":"REST"},{"data":"Pommel Strike","floor":29.0,"key":"SMITH"},{"data":"Dark Embrace","floor":32.0,"key":"SMITH"},{"data":"Evolve","floor":40,"key":"SMITH"},{"floor":49,"key":"REST"}],"circlet_count":0,"master_deck":["Defend_R","Defend_R","Defend_R","Bash","Wild Strike","Inflame","Headbutt","Shockwave","Blood for Blood+1","True Grit+1","Pommel Strike+1","Immolate","Fiend Fire","Shrug It Off+1","Dark Embrace+1","True Grit+1","Seeing Red+1","Evolve+1","Offering+1","Warcry+1","Feel No Pain","Power Through+1","Purity+1"],"relics":["Black Blood","Sundial","Odd Mushroom","Toxic Egg 2","Question Card","Smiling Mask","Empty Cage","Medical Kit","Darkstone Periapt","Omamori","Lantern"],"acts_visited":["Exordium","TheCity","TheBeyond"],"potions_floor_usage":[50],"damage_taken":[{"damage":2.0,"enemies":"Jaw Worm","floor":1.0,"turns":3.0},{"damage":2.0,"enemies":"2 Louse","floor":2.0,"turns":2.0},{"damage":2.0,"enemies":"Small Slimes","floor":4.0,"turns":3.0},{"damage":7.0,"enemies":"3 Louse","floor":5.0,"turns":3.0},{"damage":6.0,"enemies":"Gremlin Nob","floor":6.0,"turns":3.0},{"damage":29.0,"enemies":"The Mushroom Lair","floor":7.0,"turns":4.0},{"damage":21.0,"enemies":"Lagavulin","floor":10.0,"turns":6.0},{"damage":28.0,"enemies":"Exordium Thugs","floor":12.0,"turns":4.0},{"damage":13.0,"enemies":"3 Sentries","floor":13.0,"turns":4.0},{"damage":17.0,"enemies":"Slime Boss","floor":16.0,"turns":8.0},{"damage":36.0,"enemies":"3 Byrds","floor":18.0,"turns":4.0},{"damage":24.0,"enemies":"Spheric Guardian","floor":19.0,"turns":4.0},{"damage":17.0,"enemies":"Shelled Parasite and Fungi","floor":22.0,"turns":8.0},{"damage":18.0,"enemies":"Snecko","floor":24.0,"turns":5.0},{"damage":11.0,"enemies":"Centurion and Healer","floor":31.0,"turns":6.0},{"damage":28.0,"enemies":"Automaton","floor":33.0,"turns":7.0},{"damage":30.0,"enemies":"3 Darklings","floor":35.0,"turns":5.0},{"damage":11,"enemies":"Orb Walker","floor":38,"turns":4},{"damage":6,"enemies":"Spire Growth","floor":41,"turns":5},{"damage":23,"enemies":"4 Shapes","floor":42,"turns":7},{"damage":6,"enemies":"3 Darklings","floor":45,"turns":2},{"damage":26,"enemies":"Jaw Worm Horde","floor":46,"turns":4},{"damage":11,"enemies":"Sphere and 2 Shapes","floor":47,"turns":5},{"damage":29,"enemies":"Awakened One","floor":50,"turns":6}],"seed_played":"-1617844365217517217","potions_obtained":[{"floor":1.0,"key":"DuplicationPotion"},{"floor":2.0,"key":"ColorlessPotion"},{"floor":10.0,"key":"LiquidMemories"},{"floor":13.0,"key":"ColorlessPotion"},{"floor":16.0,"key":"PowerPotion"},{"floor":18.0,"key":"Weak Potion"},{"floor":24.0,"key":"ElixirPotion"},{"floor":31.0,"key":"SpeedPotion"},{"floor":33.0,"key":"LiquidMemories"},{"floor":35.0,"key":"SneckoOil"}],"is_trial":false,"path_per_floor":["M","M","?","M","M","E","?","R","T","E","?","M","E","?","R","B",null,"M","M","$","?","M","R","M","$","T","?","?","R","?","M","R","B",null,"M","$","?","M","$","R","M","M","T","?","M","M","M","$","R","B",null],"character_chosen":"IRONCLAD","items_purchased":["Medical Kit","Dark Embrace","Evolve","Feel No Pain","Purity+1"],"campfire_rested":3,"item_purchase_floors":[20,20,25,36,48],"current_hp_per_floor":[80,80,80,80,79,79,56,56,56,41,46,24,17,17,42,31,85,55,37,37,37,26,51,39,39,39,39,39,39,39,34,34,12,85,67,67,67,68,68,68,74,63,63,63,69,55,56,56,81,64],"gold":43,"neow_bonus":"THREE_CARDS","is_daily":false,"chose_seed":false,"campfire_upgraded":4,"win_rate":0.0,"timestamp":1609941798,"path_taken":["M","M","?","M","M","E","?","R","T","E","?","M","E","?","R","BOSS","M","M","$","?","?","R","M","$","T","?","?","R","?","M","R","BOSS","M","$","?","M","$","R","M","?","T","?","M","M","M","$","R","BOSS"],"items_purchased_type":["Relic","Card","Card","Card","Card"],"build_version":"2020-12-22","purchased_purges":4,"victory":true,"max_hp_per_floor":[80,80,80,80,80,80,80,80,80,80,85,85,85,85,85,85,85,85,85,85,85,85,85,85,85,85,85,85,85,85,85,85,85,85,85,85,85,85,85,85,85,85,85,85,85,85,85,85,85,85],"card_choices":[{"not_picked":["Dual Wield","Headbutt"],"picked":"Wild Strike","floor":0.0},{"not_picked":["Dark Embrace","Intimidate"],"picked":"Inflame","floor":1.0},{"not_picked":["Metallicize","Sword Boomerang"],"picked":"Headbutt","floor":2.0},{"not_picked":["Twin Strike","Cleave"],"picked":"Perfected Strike","floor":4.0},{"not_picked":["Sword Boomerang","Headbutt","Searing Blow"],"picked":"SKIP","floor":5.0},{"not_picked":["Iron Wave","Heavy Blade","Rupture"],"picked":"SKIP","floor":6.0},{"not_picked":["Combust","Cleave"],"picked":"Blood for Blood","floor":7.0},{"not_picked":["Reaper","Pommel Strike"],"picked":"True Grit+1","floor":10.0},{"not_picked":["Entrench+1","Rampage","Feel No Pain"],"picked":"Pommel Strike","floor":12.0},{"not_picked":["True Grit+1","Iron Wave","Twin Strike"],"picked":"Immolate","floor":13.0},{"not_picked":["Immolate","Impervious+1","Limit Break+1"],"picked":"Fiend Fire","floor":16.0},{"not_picked":["Shockwave+1","Iron Wave","Twin Strike","Pommel Strike"],"picked":"SKIP","floor":18.0},{"not_picked":["Anger","Body Slam","Wild Strike"],"picked":"Shrug It Off+1","floor":19.0},{"not_picked":["Headbutt+1","Anger","Iron Wave"],"picked":"Seeing Red+1","floor":22.0},{"not_picked":["Thunderclap","Flame Barrier+1","Flex+1","Clash"],"picked":"SKIP","floor":24.0},{"not_picked":["Clothesline","Bludgeon","Thunderclap","Flex+1"],"picked":"SKIP","floor":31.0},{"not_picked":["Impervious+1","Feed","Bludgeon"],"picked":"Offering+1","floor":33.0},{"not_picked":["Infernal Blade+1","Pommel Strike","Perfected Strike"],"picked":"Warcry+1","floor":35.0},{"not_picked":["Anger+1","Flex+1","Heavy Blade"],"picked":"Power Through+1","floor":38},{"not_picked":["Iron Wave+1","Pummel","Wild Strike","Reckless Charge"],"picked":"SKIP","floor":41},{"not_picked":["Headbutt","Twin Strike+1","Shrug It Off+1","Blood for Blood"],"picked":"SKIP","floor":42},{"not_picked":["Twin Strike","Headbutt+1","Anger+1","Clothesline+1"],"picked":"SKIP","floor":45},{"not_picked":["Carnage","Reckless Charge+1","Brutality","Body Slam"],"picked":"SKIP","floor":46},{"not_picked":["Perfected Strike","Thunderclap","Heavy Blade","Fire Breathing"],"picked":"SKIP","floor":47}],"player_experience":20645,"relics_obtained":[{"floor":6.0,"key":"Sundial"},{"floor":7.0,"key":"Odd Mushroom"},{"floor":9.0,"key":"Toxic Egg 2"},{"floor":10.0,"key":"Question Card"},{"floor":13.0,"key":"Smiling Mask"},{"floor":26.0,"key":"Darkstone Periapt"},{"floor":43,"key":"Lantern"}],"event_choices":[{"damage_healed":0.0,"max_hp_gain":0.0,"max_hp_loss":0.0,"gold_gain":0.0,"cards_transformed":["Strike_R"],"event_name":"Living Wall","player_choice":"Change","floor":3.0,"gold_loss":0.0,"damage_taken":0.0,"cards_obtained":["Shockwave"]},{"damage_healed":0.0,"max_hp_gain":0.0,"max_hp_loss":0.0,"gold_gain":0.0,"event_name":"Mushrooms","player_choice":"Fought Mushrooms","floor":7.0,"gold_loss":0.0,"damage_taken":0.0},{"damage_healed":0.0,"max_hp_gain":5.0,"max_hp_loss":0.0,"gold_gain":0.0,"event_name":"Big Fish","player_choice":"Donut","floor":11.0,"gold_loss":0.0,"damage_taken":0.0},{"damage_healed":0.0,"max_hp_gain":0.0,"max_hp_loss":0.0,"gold_gain":100.0,"event_name":"Wheel of Change","player_choice":"Gold","floor":14.0,"gold_loss":0.0,"damage_taken":0.0},{"damage_healed":0.0,"max_hp_gain":0.0,"max_hp_loss":0.0,"gold_gain":0.0,"event_name":"Duplicator","player_choice":"Copied","floor":21.0,"gold_loss":0.0,"damage_taken":0.0,"cards_obtained":["True Grit"]},{"damage_healed":0.0,"max_hp_gain":0.0,"max_hp_loss":0.0,"gold_gain":0.0,"event_name":"Addict","player_choice":"Obtained Relic","floor":27.0,"gold_loss":85.0,"damage_taken":0.0,"relics_obtained":["Omamori"]},{"damage_healed":0.0,"max_hp_gain":0.0,"max_hp_loss":0.0,"gold_gain":0.0,"event_name":"Masked Bandits","player_choice":"Paid Fearfully","floor":28.0,"gold_loss":65.0,"damage_taken":0.0},{"damage_healed":0.0,"max_hp_gain":0.0,"max_hp_loss":0.0,"gold_gain":99.0,"event_name":"Nest","player_choice":"Stole From Cult","floor":30.0,"gold_loss":0.0,"damage_taken":0.0},{"damage_healed":0,"gold_gain":0,"player_choice":"Cursed","damage_taken":0,"max_hp_gain":0,"max_hp_loss":0,"event_name":"Wheel of Change","floor":37,"gold_loss":0,"cards_obtained":["Decay"]},{"damage_healed":0,"gold_gain":0,"player_choice":"Ignored","damage_taken":0,"max_hp_gain":0,"max_hp_loss":0,"event_name":"Tomb of Lord Red Mask","floor":44,"gold_loss":0}],"is_beta":false,"boss_relics":[{"not_picked":["Ectoplasm","Mark of Pain"],"picked":"Empty Cage"},{"not_picked":["SacredBark","Runic Cube"],"picked":"Black Blood"}],"items_purged_floors":[20,25,36,39],"is_endless":false,"potions_floor_spawned":[1,2,10,13,16,18,24,31,33,35],"ascension_level":2}}