{"host":"2p2urjtdoqk7wfo5","time":1609916157,"event":{"mods":["AchievementEnabler","BaseMod","Colored Powertips","Minty Spire (QoL Compilation)"],"gold_per_floor":[110,128,128,148,166,193,193,218,242,242,254,11,11,25,25,120,120,136,146,161,5,5,104,104,130,130,130,155,170,190,190,190],"floor_reached":31,"playtime":4726,"items_purged":["Strike_G"],"score":337,"play_id":"359bcaef-9a14-41d1-b748-20a11db2032b","local_time":"20210105225557","is_ascension_mode":false,"campfire_choices":[{"data":"Dash","floor":7,"key":"SMITH"},{"floor":15,"key":"REST"},{"floor":24,"key":"REST"}],"circlet_count":0,"master_deck":["Strike_G","Strike_G","Defend_G","Defend_G","Survivor","Neutralize","Calculated Gamble+1","Night Terror+1","Footwork+1","Dash+1","Blur","Eviscerate","Noxious Fumes","Dagger Throw","Adrenaline","Blur","Noxious Fumes","Swift Strike","Escape Plan","Envenom","Riddle With Holes","Unload","After Image+1","Tactician","Crippling Poison+1","Catalyst","Bouncing Flask"],"relics":["Astrolabe","Strawberry","Pen Nib","Centennial Puzzle","Potion Belt","SacredBark","TwistedFunnel","Frozen Egg 2","Ice Cream","Bottled Lightning"],"acts_visited":["Exordium","TheCity"],"potions_floor_usage":[6,16,25,28,28,28,28,29,29,30],"damage_taken":[{"damage":8,"enemies":"Jaw Worm","floor":1,"turns":6},{"damage":1,"enemies":"Cultist","floor":2,"turns":5},{"damage":0,"enemies":"2 Louse","floor":4,"turns":3},{"damage":9,"enemies":"2 Fungi Beasts","floor":5,"turns":4},{"damage":15,"enemies":"3 Sentries","floor":6,"turns":8},{"damage":28,"enemies":"Gremlin Nob","floor":8,"turns":5},{"damage":5,"enemies":"Looter","floor":11,"turns":3},{"damage":0,"enemies":"Large Slime","floor":14,"turns":2},{"damage":0,"enemies":"The Guardian","floor":16,"turns":10},{"damage":11,"enemies":"Shell Parasite","floor":18,"turns":7},{"damage":10,"enemies":"Chosen","floor":19,"turns":6},{"damage":22,"enemies":"Snake Plant","floor":20,"turns":5},{"damage":24,"enemies":"Book of Stabbing","floor":25,"turns":6},{"damage":15,"enemies":"Slavers","floor":28,"turns":4},{"damage":0,"enemies":"Centurion and Healer","floor":29,"turns":7},{"damage":0,"enemies":"Sentry and Sphere","floor":30,"turns":7},{"damage":8,"enemies":"Snake Plant","floor":31,"turns":2}],"seed_played":"8460909488318597051","potions_obtained":[{"floor":2,"key":"ColorlessPotion"},{"floor":4,"key":"ColorlessPotion"},{"floor":5,"key":"SteroidPotion"},{"floor":16,"key":"EntropicBrew"},{"floor":18,"key":"GamblersBrew"},{"floor":20,"key":"PowerPotion"}],"is_trial":false,"path_per_floor":["M","M","?","M","M","E","R","E","T","?","M","$","?","M","R","B",null,"M","M","M","$","?","?","R","E","T","?","E","M","M","M"],"character_chosen":"THE_SILENT","items_purchased":["Noxious Fumes","Swift Strike","TwistedFunnel"],"campfire_rested":2,"item_purchase_floors":[12,12,21],"current_hp_per_floor":[62,61,61,61,52,44,44,16,16,16,11,11,11,11,34,34,77,66,56,34,34,20,20,44,20,20,20,5,5,5,0,0],"gold":190,"neow_bonus":"BOSS_RELIC","is_daily":false,"chose_seed":false,"campfire_upgraded":1,"win_rate":0.0,"timestamp":1609916157,"path_taken":["M","M","?","M","?","E","R","E","T","?","M","$","?","M","R","BOSS","M","M","M","$","?","?","R","E","T","?","E","M","M","M"],"items_purchased_type":["Card","Card","Relic"],"build_version":"2020-12-22","purchased_purges":1,"victory":false,"max_hp_per_floor":[70,70,70,70,70,77,77,77,77,77,77,77,77,77,77,77,77,77,77,77,77,82,82,82,82,82,82,82,82,82,82,82],"card_choices":[{"not_picked":["Underhanded Strike","Prepared"],"picked":"Dash","floor":1},{"not_picked":["Quick Slash","Masterful Stab"],"picked":"Blur","floor":2},{"not_picked":["Outmaneuver","Poisoned Stab"],"picked":"Eviscerate","floor":4},{"not_picked":["Sucker Punch","Catalyst"],"picked":"Noxious Fumes","floor":5},{"not_picked":["Prepared","Underhanded Strike"],"picked":"Dagger Throw","floor":6},{"not_picked":["Outmaneuver","Flechettes"],"picked":"Adrenaline","floor":8},{"not_picked":["Backflip","Bane"],"picked":"Blur","floor":11},{"not_picked":["Backflip","Dagger Throw"],"picked":"Escape Plan","floor":14},{"not_picked":["Night Terror","Corpse Explosion"],"picked":"Envenom","floor":16},{"not_picked":["Acrobatics","Underhanded Strike"],"picked":"Riddle With Holes","floor":18},{"not_picked":["Flying Knee","PiercingWail+1","Quick Slash"],"picked":"SKIP","floor":19},{"not_picked":["Deflect","Poisoned Stab"],"picked":"Unload","floor":20},{"not_picked":["Catalyst","Outmaneuver"],"picked":"After Image+1","floor":25},{"not_picked":["Footwork+1","Slice"],"picked":"Crippling Poison+1","floor":28},{"not_picked":["Deadly Poison","Backflip"],"picked":"Catalyst","floor":29},{"not_picked":["Outmaneuver","Predator+1"],"picked":"Bouncing Flask","floor":30}],"player_experience":77329,"relics_obtained":[{"floor":6,"key":"Strawberry"},{"floor":8,"key":"Pen Nib"},{"floor":9,"key":"Centennial Puzzle"},{"floor":25,"key":"Frozen Egg 2"},{"floor":26,"key":"Ice Cream"},{"floor":28,"key":"Bottled Lightning"}],"event_choices":[{"cards_removed":["Defend_G"],"damage_healed":0,"gold_gain":0,"player_choice":"Offered Basic","damage_taken":0,"max_hp_gain":0,"max_hp_loss":0,"event_name":"Bonfire Elementals","floor":3,"gold_loss":0},{"damage_healed":0,"gold_gain":0,"player_choice":"Searched \u00271\u0027 times","damage_taken":0,"relics_obtained":["Potion Belt"],"max_hp_gain":0,"max_hp_loss":0,"event_name":"Dead Adventurer","floor":10,"gold_loss":0},{"damage_healed":0,"gold_gain":0,"player_choice":"Ignored","damage_taken":0,"max_hp_gain":0,"max_hp_loss":0,"event_name":"Liars Game","floor":13,"gold_loss":0},{"damage_healed":0,"gold_gain":0,"player_choice":"Shed Blood","damage_taken":19,"max_hp_gain":5,"max_hp_loss":0,"event_name":"Forgotten Altar","floor":22,"gold_loss":0},{"damage_healed":0,"gold_gain":99,"player_choice":"Stole From Cult","damage_taken":0,"max_hp_gain":0,"max_hp_loss":0,"event_name":"Nest","floor":23,"gold_loss":0},{"damage_healed":0,"gold_gain":0,"cards_transformed":["Strike_G"],"player_choice":"Transformed","damage_taken":0,"max_hp_gain":0,"max_hp_loss":0,"event_name":"Transmorgrifier","floor":27,"gold_loss":0,"cards_obtained":["Tactician"]}],"is_beta":false,"boss_relics":[{"not_picked":["Empty Cage","Calling Bell"],"picked":"SacredBark"}],"items_purged_floors":[12],"is_endless":false,"potions_floor_spawned":[2,4,5,16,18,20],"killed_by":"Snake Plant","ascension_level":0}}