{"host":"fjaupvxe7fzqrf4j","time":1609949107,"event":{"mods":["ATMod(°¢èªMod)","BaseMod","Minty Spire (QoL Compilation)","StSLib"],"gold_per_floor":[419,419,23,23,40,74,74,108,108,137,164,164,197,34,34,108,108,122,147,147,147,159,192,224,254,301,334,368,397,429,429,429,504,504,520,121,168,168,0,35,63,107,144,186,198,241,288,330,342,354,366,378,390,57,87,87],"floor_reached":57,"playtime":1024,"items_purged":["Acrobatics","Acrobatics"],"score":4840,"play_id":"601704d2-10dc-46b5-8125-d66648331ece","local_time":"20210107000507","daily_mods":["SealedDeck","Heirloom","Time Dilation","Flight","Elite Swarm"],"is_ascension_mode":true,"campfire_choices":[{"data":"Prepared","floor":7.0,"key":"SMITH"},{"data":"Adrenaline","floor":12.0,"key":"SMITH"},{"data":"Acrobatics","floor":15.0,"key":"SMITH"},{"data":"AT_Desolate","floor":32.0,"key":"SMITH"},{"data":"Reflex","floor":45.0,"key":"SMITH"},{"floor":49.0,"key":"RECALL"},{"data":"1","floor":53.0,"key":"LIFT"}],"circlet_count":0,"master_deck":["AscendersBane","Concentrate+1","Eviscerate+1","AT_Desolate+1","Acrobatics+1","Escape Plan","Prepared+1","Grand Finale+1","Adrenaline+1","Calculated Gamble+1","After Image","Reflex+1"],"relics":["Ring of the Snake","AT_ATBox","Old Coin","Medical Kit","Calipers","Kunai","Ornamental Fan","AT_SunfireAegis","AT_BellDemon","StrikeDummy","Empty Cage","Tough Bandages","Red Mask","Sundial","MutagenicStrength","AT_Kusabimaru","Shuriken","Whetstone","AT_ChloranthyRing","Tingsha","Bird Faced Urn","Toy Ornithopter","Anchor","AT_EbonyIvory","Orichalcum","Prayer Wheel","White Beast Statue","Art of War","CeramicFish","AT_BladeRuinedKing","Tiny Chest","AT_GuinsooRageblade","SacredBark","TungstenRod","Gremlin Horn","Lizard Tail","Oddly Smooth Stone","HornCleat","Lantern","Pantograph","Girya","MawBank","Blue Candle","Happy Flower","Pen Nib","AT_RedTearstoneRing","Pocketwatch","Dream Catcher","The Specimen","AT_DeathDance","Singing Bowl","Letter Opener","Gambling Chip","Eternal Feather","AT_Manta","Thread and Needle","Mango"],"acts_visited":["Exordium","TheCity","TheBeyond","TheEnding"],"potions_floor_usage":[56,56],"damage_taken":[{"damage":0.0,"enemies":"2 Louse","floor":1.0,"turns":1.0},{"damage":0.0,"enemies":"Jaw Worm","floor":5.0,"turns":1.0},{"damage":0.0,"enemies":"Gremlin Nob","floor":6.0,"turns":1.0},{"damage":0.0,"enemies":"3 Sentries","floor":8.0,"turns":1.0},{"damage":0.0,"enemies":"Lagavulin","floor":10.0,"turns":1.0},{"damage":0.0,"enemies":"Gremlin Nob","floor":11.0,"turns":1.0},{"damage":0.0,"enemies":"3 Sentries","floor":13.0,"turns":1.0},{"damage":0.0,"enemies":"Hexaghost","floor":16.0,"turns":1.0},{"damage":0.0,"enemies":"3 Byrds","floor":18.0,"turns":1.0},{"damage":0.0,"enemies":"Masked Bandits","floor":19.0,"turns":1.0},{"damage":0.0,"enemies":"Shell Parasite","floor":22.0,"turns":1.0},{"damage":0.0,"enemies":"Book of Stabbing","floor":23.0,"turns":1.0},{"damage":0.0,"enemies":"Gremlin Leader","floor":24.0,"turns":1.0},{"damage":0.0,"enemies":"Book of Stabbing","floor":25.0,"turns":1.0},{"damage":0.0,"enemies":"Gremlin Leader","floor":27.0,"turns":1.0},{"damage":0.0,"enemies":"Book of Stabbing","floor":28.0,"turns":1.0},{"damage":0.0,"enemies":"Slavers","floor":29.0,"turns":1.0},{"damage":0.0,"enemies":"Gremlin Leader","floor":30.0,"turns":1.0},{"damage":0.0,"enemies":"Collector","floor":33.0,"turns":1.0},{"damage":0.0,"enemies":"3 Darklings","floor":35.0,"turns":1.0},{"damage":0.0,"enemies":"2 Orb Walkers","floor":37.0,"turns":1.0},{"damage":0.0,"enemies":"Giant Head","floor":40.0,"turns":1.0},{"damage":0.0,"enemies":"Nemesis","floor":41.0,"turns":1.0},{"damage":0.0,"enemies":"Giant Head","floor":42.0,"turns":1.0},{"damage":0.0,"enemies":"Reptomancer","floor":44.0,"turns":1.0},{"damage":0.0,"enemies":"Giant Head","floor":46.0,"turns":1.0},{"damage":0.0,"enemies":"Nemesis","floor":47.0,"turns":1.0},{"damage":0.0,"enemies":"Giant Head","floor":48.0,"turns":1.0},{"damage":0.0,"enemies":"Donu and Deca","floor":50.0,"turns":1.0},{"damage":0.0,"enemies":"Time Eater","floor":51.0,"turns":1.0},{"damage":0.0,"enemies":"Shield and Spear","floor":55.0,"turns":1.0},{"damage":0,"enemies":"The Heart","floor":56,"turns":4}],"seed_played":"3459772351301127396","potions_obtained":[{"floor":1.0,"key":"GamblersBrew"},{"floor":6.0,"key":"Strength Potion"},{"floor":18.0,"key":"DistilledChaos"},{"floor":33.0,"key":"PowerPotion"},{"floor":55.0,"key":"DuplicationPotion"}],"is_trial":true,"path_per_floor":["M","?","$","?","M","E","R","E","T","E","E","R","E","$","R","B",null,"M","?","?","?","M","E","E","E","T","E","E","E","E","?","R","B",null,"M","$","?","T","$","E","E","E","T","E","R","E","E","E","R","B","B",null,"R","$","E","B",null],"character_chosen":"THE_SILENT","items_purchased":["Medical Kit","Grand Finale","AT_BellDemon","Reflex","Gremlin Horn","Lantern","AT_Manta"],"campfire_rested":0,"item_purchase_floors":[3,3,14,36,36,39,54],"current_hp_per_floor":[59,52,52,52,52,52,52,52,52,52,52,52,52,52,52,52,63,63,63,63,63,63,63,63,63,63,66,66,66,66,66,66,66,66,66,66,66,66,66,66,66,66,66,66,66,66,68,70,70,70,70,70,70,70,86,86],"gold":87,"neow_bonus":"","is_daily":false,"chose_seed":false,"campfire_upgraded":5,"win_rate":0.0,"timestamp":1609949107,"path_taken":["M","?","$","?","M","E","R","E","T","E","E","R","E","?","R","BOSS","M","?","?","?","?","E","E","E","T","E","E","E","E","?","R","BOSS","M","?","?","?","?","E","E","E","T","E","R","E","E","E","R","BOSS","BOSS","R","$","E","BOSS"],"items_purchased_type":["Relic","Card","Relic","Card","Relic","Relic","Relic"],"build_version":"2020-12-22","purchased_purges":2,"victory":true,"max_hp_per_floor":[66,66,66,66,66,66,66,66,66,66,66,66,66,66,66,66,66,66,66,66,66,66,66,66,66,66,66,66,66,66,66,66,66,66,66,66,66,66,66,66,66,66,66,66,66,66,68,70,70,70,70,70,70,70,86,86],"card_choices":[{"not_picked":["AT_FocusSwordFire","Dagger Throw"],"picked":"Prepared","floor":1.0},{"not_picked":["Cloak And Dagger","Flying Knee","Setup"],"picked":"SKIP","floor":5.0},{"not_picked":["Doppelganger","Unload","Grand Finale"],"picked":"SKIP","floor":6.0},{"not_picked":["AT_EssenceShift","Glass Knife","Storm of Steel"],"picked":"SKIP","floor":8.0},{"not_picked":["Burst","Storm of Steel"],"picked":"Adrenaline","floor":10.0},{"not_picked":["Envenom","Bullet Time","Wraith Form v2"],"picked":"SKIP","floor":11.0},{"not_picked":["Wraith Form v2","Burst","Unload"],"picked":"SKIP","floor":13.0},{"not_picked":["Deflect","PiercingWail","Outmaneuver"],"picked":"SKIP","floor":18.0},{"not_picked":["Underhanded Strike","AT_FocusSwordFire"],"picked":"Calculated Gamble","floor":19.0},{"not_picked":["Dodge and Roll","Flechettes+1","Deflect"],"picked":"SKIP","floor":22.0},{"not_picked":["Die Die Die","Tools of the Trade","AT_MyraUnstableElement"],"picked":"SKIP","floor":23.0},{"not_picked":["Venomology","AT_EssenceShift","Night Terror"],"picked":"SKIP","floor":24.0},{"not_picked":["Tools of the Trade","Doppelganger"],"picked":"After Image","floor":25.0},{"not_picked":["After Image","Burst","Adrenaline"],"picked":"SKIP","floor":27.0},{"not_picked":["Adrenaline","AT_EssenceShift","Envenom"],"picked":"SKIP","floor":28.0},{"not_picked":["AT_MyraUnstableElement","Night Terror","Storm of Steel"],"picked":"SKIP","floor":29.0},{"not_picked":["AT_MyraUnstableElement","Adrenaline","Bullet Time"],"picked":"SKIP","floor":30.0},{"not_picked":["Masterful Stab","Acrobatics","Outmaneuver+1"],"picked":"SKIP","floor":35.0},{"not_picked":["Blade Dance","Calculated Gamble","Prepared"],"picked":"SKIP","floor":35.0},{"not_picked":["Malaise","Storm of Steel","Glass Knife"],"picked":"SKIP","floor":40.0},{"not_picked":["AT_EssenceShift","Bullet Time","Glass Knife"],"picked":"SKIP","floor":41.0},{"not_picked":["Grand Finale","Glass Knife","Corpse Explosion"],"picked":"SKIP","floor":42.0},{"not_picked":["AT_EssenceShift","Night Terror","A Thousand Cuts"],"picked":"SKIP","floor":44.0},{"not_picked":["Venomology","Burst","Storm of Steel"],"picked":"SKIP","floor":46.0},{"not_picked":["Venomology","A Thousand Cuts","After Image"],"picked":"Singing Bowl","floor":47.0},{"not_picked":["Night Terror","Wraith Form v2","Phantasmal Killer"],"picked":"Singing Bowl","floor":48.0},{"not_picked":["AT_KingSlayer","Corpse Explosion","Die Die Die"],"picked":"Singing Bowl","floor":55.0}],"player_experience":354640,"relics_obtained":[{"floor":6.0,"key":"Calipers"},{"floor":8.0,"key":"Kunai"},{"floor":10.0,"key":"Ornamental Fan"},{"floor":11.0,"key":"AT_SunfireAegis"},{"floor":16.0,"key":"StrikeDummy"},{"floor":18.0,"key":"Tough Bandages"},{"floor":19.0,"key":"Red Mask"},{"floor":19.0,"key":"Sundial"},{"floor":22.0,"key":"AT_Kusabimaru"},{"floor":23.0,"key":"Shuriken"},{"floor":23.0,"key":"Whetstone"},{"floor":24.0,"key":"AT_ChloranthyRing"},{"floor":24.0,"key":"Tingsha"},{"floor":25.0,"key":"Bird Faced Urn"},{"floor":25.0,"key":"Toy Ornithopter"},{"floor":26.0,"key":"Anchor"},{"floor":27.0,"key":"AT_EbonyIvory"},{"floor":27.0,"key":"Orichalcum"},{"floor":28.0,"key":"Prayer Wheel"},{"floor":28.0,"key":"White Beast Statue"},{"floor":29.0,"key":"Art of War"},{"floor":29.0,"key":"CeramicFish"},{"floor":30.0,"key":"AT_BladeRuinedKing"},{"floor":30.0,"key":"Tiny Chest"},{"floor":33.0,"key":"AT_GuinsooRageblade"},{"floor":35.0,"key":"TungstenRod"},{"floor":37.0,"key":"Lizard Tail"},{"floor":37.0,"key":"Oddly Smooth Stone"},{"floor":38.0,"key":"HornCleat"},{"floor":40.0,"key":"Pantograph"},{"floor":40.0,"key":"Girya"},{"floor":41.0,"key":"MawBank"},{"floor":41.0,"key":"Blue Candle"},{"floor":42.0,"key":"Happy Flower"},{"floor":42.0,"key":"Pen Nib"},{"floor":43.0,"key":"AT_RedTearstoneRing"},{"floor":44.0,"key":"Pocketwatch"},{"floor":44.0,"key":"Dream Catcher"},{"floor":46.0,"key":"The Specimen"},{"floor":46.0,"key":"AT_DeathDance"},{"floor":47.0,"key":"Singing Bowl"},{"floor":47.0,"key":"Letter Opener"},{"floor":48.0,"key":"Gambling Chip"},{"floor":48.0,"key":"Eternal Feather"},{"floor":55.0,"key":"Thread and Needle"},{"floor":55.0,"key":"Mango"}],"event_choices":[{"cards_removed":["Dodge and Roll"],"damage_healed":0.0,"max_hp_gain":0.0,"max_hp_loss":0.0,"gold_gain":0.0,"event_name":"Golden Wing","player_choice":"Card Removal","floor":2.0,"gold_loss":0.0,"damage_taken":7.0},{"damage_healed":0.0,"max_hp_gain":0.0,"max_hp_loss":0.0,"gold_gain":0.0,"event_name":"Living Wall","player_choice":"Grow","floor":4.0,"gold_loss":0.0,"damage_taken":0.0,"cards_upgraded":["Concentrate"]},{"damage_healed":0.0,"max_hp_gain":0.0,"max_hp_loss":0.0,"gold_gain":0.0,"event_name":"Masked Bandits","player_choice":"Fought Bandits","floor":19.0,"gold_loss":0.0,"damage_taken":0.0},{"damage_healed":0.0,"max_hp_gain":0.0,"max_hp_loss":0.0,"gold_gain":0.0,"event_name":"Drug Dealer","player_choice":"Inject Mutagens","floor":20.0,"gold_loss":0.0,"damage_taken":0.0,"relics_obtained":["MutagenicStrength"]},{"damage_healed":0.0,"max_hp_gain":0.0,"max_hp_loss":0.0,"gold_gain":0.0,"event_name":"Upgrade Shrine","player_choice":"Upgraded","floor":21.0,"gold_loss":0.0,"damage_taken":0.0,"cards_upgraded":["Calculated Gamble"]},{"damage_healed":0.0,"max_hp_gain":0.0,"max_hp_loss":0.0,"gold_gain":0.0,"event_name":"Match and Keep!","player_choice":"0 cards matched","floor":31.0,"gold_loss":0.0,"damage_taken":0.0,"cards_obtained":[]},{"damage_healed":0.0,"max_hp_gain":0.0,"max_hp_loss":0.0,"gold_gain":0.0,"event_name":"Mysterious Sphere","player_choice":"Fight","floor":37.0,"gold_loss":0.0,"damage_taken":0.0}],"is_beta":false,"boss_relics":[{"not_picked":["Cursed Key","Velvet Choker"],"picked":"Empty Cage"},{"not_picked":["WristBlade","SlaversCollar"],"picked":"SacredBark"}],"items_purged_floors":[3,36],"is_endless":false,"potions_floor_spawned":[1,6,10,13,18,24,28,29,30,33,35,37,40,41,42,44,46,47,48,55],"ascension_level":20}}