{"host":"2lo6hma6kymb0g9i","time":1609964250,"event":{"mods":["BaseMod","Colored Map","DeckTracker","Minty Spire (QoL Compilation)"],"gold_per_floor":[113,113,123,73,92,92,127,127,151,179,254,264,264,162,162,262,262,277,288,45,57,57,57,77,77,77,77,2,2,12,31,31,131,131,151,26,36,49,49,49,61,61,86,97,109,124,124,124],"floor_reached":47,"playtime":3379,"items_purged":["Strike_B","Strike_B","Defend_B"],"score":617,"play_id":"b2fdea2e-23c2-462e-b44e-f4f71c89eb38","local_time":"20210107051730","is_ascension_mode":true,"campfire_choices":[{"data":"Chaos","floor":6.0,"key":"SMITH"},{"data":"Sunder","floor":8.0,"key":"SMITH"},{"data":"Glacier","floor":13.0,"key":"SMITH"},{"data":"Hologram","floor":15.0,"key":"SMITH"},{"data":"Hologram","floor":23.0,"key":"SMITH"},{"data":"Redo","floor":25.0,"key":"SMITH"},{"data":"Blizzard","floor":32.0,"key":"SMITH"},{"data":"Glacier","floor":40.0,"key":"SMITH"},{"data":"Hologram","floor":42,"key":"SMITH"}],"circlet_count":0,"master_deck":["Defend_B","Dualcast","Melter","Sunder+1","Chaos+1","Glacier+1","Blizzard+1","Hologram+1","Hologram+1","Machine Learning","Glacier+1","Coolheaded+1","Redo+1","Hologram+1","Undo+1","Blizzard","Coolheaded+1","Parasite"],"relics":["Cracked Core","NeowsBlessing","Boot","Regal Pillow","Singing Bowl","Runic Dome","Oddly Smooth Stone","Ancient Tea Set","Empty Cage","Pen Nib"],"acts_visited":["Exordium","TheCity","TheBeyond"],"potions_floor_usage":[46],"damage_taken":[{"damage":0.0,"enemies":"2 Louse","floor":1.0,"turns":1.0},{"damage":0.0,"enemies":"Cultist","floor":3.0,"turns":1.0},{"damage":0.0,"enemies":"Small Slimes","floor":5.0,"turns":1.0},{"damage":15.0,"enemies":"3 Sentries","floor":7.0,"turns":6.0},{"damage":15.0,"enemies":"Gremlin Nob","floor":10.0,"turns":4.0},{"damage":2.0,"enemies":"Exordium Wildlife","floor":12.0,"turns":3.0},{"damage":12.0,"enemies":"Slime Boss","floor":16.0,"turns":9.0},{"damage":17.0,"enemies":"2 Thieves","floor":18.0,"turns":4.0},{"damage":3.0,"enemies":"Shell Parasite","floor":19.0,"turns":6.0},{"damage":12.0,"enemies":"Cultist and Chosen","floor":21.0,"turns":5.0},{"damage":8.0,"enemies":"Centurion and Healer","floor":24.0,"turns":6.0},{"damage":5.0,"enemies":"Snake Plant","floor":30.0,"turns":6.0},{"damage":0.0,"enemies":"Chosen and Byrds","floor":31.0,"turns":5.0},{"damage":0.0,"enemies":"Champ","floor":33.0,"turns":19.0},{"damage":0.0,"enemies":"Orb Walker","floor":35.0,"turns":6.0},{"damage":15.0,"enemies":"3 Darklings","floor":37.0,"turns":3.0},{"damage":0.0,"enemies":"4 Shapes","floor":38.0,"turns":3.0},{"damage":20,"enemies":"Writhing Mass","floor":41,"turns":8},{"damage":1,"enemies":"3 Darklings","floor":44,"turns":4},{"damage":47,"enemies":"Maw","floor":45,"turns":10},{"damage":0,"enemies":"Sphere and 2 Shapes","floor":46,"turns":3},{"damage":6,"enemies":"Reptomancer","floor":47,"turns":2}],"seed_played":"-2631866590270699969","potions_obtained":[{"floor":1.0,"key":"Swift Potion"},{"floor":5.0,"key":"SkillPotion"},{"floor":10.0,"key":"PowerPotion"},{"floor":16.0,"key":"Dexterity Potion"},{"floor":18.0,"key":"EssenceOfSteel"},{"floor":19.0,"key":"FearPotion"},{"floor":35.0,"key":"SteroidPotion"},{"floor":39.0,"key":"Block Potion"},{"floor":39.0,"key":"PotionOfCapacity"},{"floor":46,"key":"GamblersBrew"}],"is_trial":false,"path_per_floor":["M","?","M","?","M","R","E","R","T","E","?","M","R","$","R","B",null,"M","M","$","M","?","R","M","R","T","$","?","$","M","M","R","B",null,"M","$","M","M","?","R","M","R","T","M","M","M","E"],"character_chosen":"DEFECT","items_purchased":["Hologram","Oddly Smooth Stone"],"campfire_rested":0,"item_purchase_floors":[14,20],"current_hp_per_floor":[75,75,75,75,75,75,60,60,60,45,34,32,32,32,32,20,75,60,57,57,45,45,45,37,37,37,37,37,37,32,32,32,34,79,79,79,66,66,66,66,48,48,48,49,4,6,0,0],"gold":124,"neow_bonus":"THREE_ENEMY_KILL","is_daily":false,"chose_seed":false,"campfire_upgraded":9,"win_rate":0.0,"timestamp":1609964250,"path_taken":["M","?","?","?","M","R","E","R","T","E","?","M","R","?","R","BOSS","M","?","$","M","?","R","M","R","T","?","?","$","M","M","R","BOSS","M","$","M","M","?","R","M","R","T","M","M","?","E"],"items_purchased_type":["Card","Relic"],"build_version":"2020-12-22","purchased_purges":3,"victory":false,"max_hp_per_floor":[75,75,75,75,75,75,75,75,75,75,75,75,75,75,75,75,75,77,77,77,77,77,77,77,77,77,77,77,77,77,77,77,79,79,79,79,81,81,81,81,83,83,83,85,87,89,89,89],"card_choices":[{"not_picked":["Go for the Eyes","Static Discharge"],"picked":"Melter","floor":1.0},{"not_picked":["Rebound","Glacier"],"picked":"Sunder","floor":3.0},{"not_picked":["Glacier","Gash"],"picked":"Chaos","floor":5.0},{"not_picked":["Heatsinks","Coolheaded"],"picked":"Glacier","floor":7.0},{"not_picked":["Reprogram","Genetic Algorithm"],"picked":"Blizzard","floor":10.0},{"not_picked":["Fusion","Beam Cell"],"picked":"Hologram","floor":12.0},{"not_picked":["Rainbow","All For One"],"picked":"Machine Learning","floor":16.0},{"not_picked":["Ball Lightning","Consume+1","Conserve Battery"],"picked":"Singing Bowl","floor":18.0},{"not_picked":["Turbo","Defragment"],"picked":"Glacier","floor":19.0},{"not_picked":["Compile Driver+1","Leap"],"picked":"Coolheaded+1","floor":21.0},{"not_picked":["Barrage","Streamline"],"picked":"Redo","floor":24.0},{"not_picked":["Melter","Reinforced Body"],"picked":"Hologram","floor":30.0},{"not_picked":["Scrape","Redo"],"picked":"Undo+1","floor":31.0},{"not_picked":["Hyperbeam","Rainbow","Electrodynamics"],"picked":"Singing Bowl","floor":33.0},{"not_picked":["Go for the Eyes+1","Reinforced Body"],"picked":"Blizzard","floor":35.0},{"not_picked":["Stack","Blizzard","Genetic Algorithm+1"],"picked":"Singing Bowl","floor":37.0},{"not_picked":["Reinforced Body","Go for the Eyes+1"],"picked":"Coolheaded+1","floor":38.0},{"not_picked":["Steam+1","Heatsinks","Self Repair"],"picked":"Singing Bowl","floor":41},{"not_picked":["Fusion","Recycle+1","Hologram+1"],"picked":"Singing Bowl","floor":44},{"not_picked":["Melter+1","Ball Lightning+1","Leap"],"picked":"Singing Bowl","floor":45},{"not_picked":["Aggregate","Leap+1","Hyperbeam"],"picked":"Singing Bowl","floor":46}],"player_experience":933970,"relics_obtained":[{"floor":7.0,"key":"Boot"},{"floor":9.0,"key":"Regal Pillow"},{"floor":10.0,"key":"Singing Bowl"},{"floor":26.0,"key":"Ancient Tea Set"},{"floor":43,"key":"Pen Nib"}],"event_choices":[{"cards_removed":["Strike_B"],"damage_healed":0.0,"max_hp_gain":0.0,"max_hp_loss":0.0,"gold_gain":0.0,"event_name":"Purifier","player_choice":"Purged","floor":2.0,"gold_loss":0.0,"damage_taken":0.0},{"cards_removed":["Strike_B"],"damage_healed":0.0,"max_hp_gain":0.0,"max_hp_loss":0.0,"gold_gain":0.0,"event_name":"The Cleric","player_choice":"Card Removal","floor":4.0,"gold_loss":50.0,"damage_taken":0.0},{"damage_healed":0.0,"max_hp_gain":0.0,"max_hp_loss":0.0,"gold_gain":75.0,"event_name":"World of Goop","player_choice":"Gather Gold","floor":11.0,"gold_loss":0.0,"damage_taken":11.0},{"cards_removed":["Zap"],"damage_healed":0.0,"max_hp_gain":0.0,"max_hp_loss":0.0,"gold_gain":0.0,"event_name":"Beggar","player_choice":"Gave Gold","floor":28.0,"gold_loss":75.0,"damage_taken":0.0},{"damage_healed":0.0,"max_hp_gain":0.0,"max_hp_loss":0.0,"gold_gain":0.0,"event_name":"Lab","player_choice":"Got Potions","floor":39.0,"gold_loss":0.0,"damage_taken":0.0}],"is_beta":false,"boss_relics":[{"not_picked":["Tiny House","Busted Crown"],"picked":"Runic Dome"},{"not_picked":["Astrolabe","FrozenCore"],"picked":"Empty Cage"}],"items_purged_floors":[14,20,36],"is_endless":false,"potions_floor_spawned":[1,5,10,16,18,19,35,44,46],"killed_by":"Reptomancer","ascension_level":4}}