{"host":"s6mlqkqtr3ey2mm2","time":1609901110,"event":{"mods":["2.2 Compatiblity","AchievementEnabler","Aspiration","Bard","BaseMod","Beaked The Cultist","Better Note","Better Vampires","BetterRewards","Challenge The Spire","Colored Map","Colored Powertips","Conspire","Curses Come First","Downfall","Emptier Cage","Energized Spire","GifTheSpireLib","GungeonMod","Halation","Hermit","Hubris","Infinite Spire","Ironclad Rager","Marked Mod","Minty Spire (QoL Compilation)","Quick Restart","RatMod","Replay The Spire","Retaliation","Robot Space Explorer","Shade Mod","Somnambulant","Spicy Shops","StSLib","Stuff the Spire","The Blue Laboratory","The Construct","The Druid","The IronCluck","The Mystic","The Necromancer","The Poker Player","The Runesmith","The Sage","The Valiant","vexMod"],"gold_per_floor":[99,118,130,130,130,145,145,70,170,181,181,191,205,205,216,216,216,216],"floor_reached":16,"playtime":1376,"items_purged":[],"score":94,"play_id":"9ac34b93-b9cd-403a-9a40-e0c1b0a4302a","local_time":"20210105214510","is_ascension_mode":false,"campfire_choices":[{"floor":1,"key":"RECALL"},{"data":"Guardian:DecasProtection","floor":8,"key":"SMITH"},{"floor":11,"key":"REST"}],"circlet_count":0,"master_deck":["Guardian:Strike_Guardian","Guardian:Strike_Guardian","Guardian:Strike_Guardian","Guardian:Strike_Guardian","Guardian:Defend_Guardian","Guardian:Defend_Guardian","Guardian:Defend_Guardian","Guardian:Defend_Guardian","Guardian:CurlUp","Guardian:TwinSlam+1","Guardian:DecasProtection+1","BasicCrystalCard+1","Guardian:Planning","Guardian:ShieldSpikes","Guardian:ShieldCharger","Guardian:Reroute","Guardian:Harden"],"relics":["Guardian:ModeShifter","hubris:Towel","halation:SwordOfLegend","downfall:HeartBlessingRed","downfall:GremlinWheel"],"acts_visited":["Exordium"],"potions_floor_usage":[9],"damage_taken":[{"damage":2,"enemies":"2 Louse","floor":2,"turns":2},{"damage":7,"enemies":"Small Slimes","floor":3,"turns":4},{"damage":5,"enemies":"Cultist","floor":6,"turns":3},{"damage":49,"enemies":"Cultist","floor":9,"turns":7},{"damage":10,"enemies":"2 Fungi Beasts","floor":10,"turns":4},{"damage":22,"enemies":"Gremlin Gang","floor":12,"turns":5},{"damage":8,"enemies":"Red Slaver","floor":13,"turns":3},{"damage":5,"enemies":"Exordium Wildlife","floor":15,"turns":2},{"damage":13,"enemies":"downfall:Silent","floor":16,"turns":2}],"seed_played":"7306200147033311503","potions_obtained":[{"floor":2,"key":"Swift Potion"},{"floor":9,"key":"Adrenaline Potion"},{"floor":10,"key":"DDmod:CleansePotion"},{"floor":12,"key":"blueLaboratory:NullPotion"},{"floor":15,"key":"SkillPotion"}],"is_trial":false,"path_per_floor":["R","M","M","?","?","M","T","R","?","M","R","M","M","?","M","B"],"character_chosen":"GUARDIAN","items_purchased":[],"campfire_rested":1,"item_purchase_floors":[],"current_hp_per_floor":[88,86,79,79,79,74,74,73,24,14,43,21,13,13,8,0,0,0],"gold":216,"neow_bonus":"TEN_PERCENT_HP_BONUS","is_daily":false,"chose_seed":false,"campfire_upgraded":1,"win_rate":0.0,"timestamp":1609901110,"path_taken":["R","M","M","?","?","?","T","R","?","M","R","?","M","?","M","BOSS"],"items_purchased_type":[],"build_version":"2020-12-22","purchased_purges":0,"victory":false,"max_hp_per_floor":[88,88,88,88,88,88,88,88,88,88,88,88,88,88,88,88,88,88],"card_choices":[{"not_picked":["Guardian:Recover","Guardian:Gem_Green"],"picked":"Guardian:Gem_Crimson","floor":2},{"not_picked":["Guardian:BaubleBeam","Guardian:Gem_Purple"],"picked":"Guardian:DecasProtection","floor":3},{"not_picked":["Guardian:Recover","Guardian:PiercingHide"],"picked":"Guardian:Planning","floor":6},{"not_picked":["Guardian:CrystalBeam","Guardian:PrismaticBeam"],"picked":"Guardian:ShieldSpikes","floor":10},{"not_picked":["Guardian:PrimingBeam","Guardian:WalkerClaw"],"picked":"Guardian:ShieldCharger","floor":12},{"not_picked":["Guardian:PrismaticBarrier","Guardian:BronzeArmor"],"picked":"Guardian:Reroute","floor":13},{"not_picked":["Guardian:MultiBeam","Guardian:Reroute"],"picked":"Guardian:Harden","floor":15}],"player_experience":62474,"relics_obtained":[{"floor":7,"key":"halation:SwordOfLegend"},{"floor":9,"key":"downfall:GremlinWheel"}],"event_choices":[{"cards_removed":["Guardian:DecasProtection"],"damage_healed":0,"gold_gain":0,"player_choice":"Take \u0026 Give","damage_taken":0,"max_hp_gain":0,"max_hp_loss":0,"event_name":"betterNote:BetterNote","floor":5,"gold_loss":0,"cards_obtained":["BasicCrystalCard"]}],"is_beta":false,"boss_relics":[],"items_purged_floors":[],"is_endless":false,"potions_floor_spawned":[2,9,10,12,15],"killed_by":"downfall:Silent","ascension_level":0}}