{"host":"l84l8xigz5v5foa2","time":1609895050,"event":{"mods":["2.2 Compatiblity","AchievementEnabler","BaseMod","Better Note","Better Vampires","Card Filter","Colored Map","DeckTracker","Downfall","Gremlin Skip","Highlight Path","Keyboard Shortcuts","Minty Spire (QoL Compilation)","Permanent Neow","Quick Restart","Relic Filter","Relic Stats","StSLib","SuperFastMode","Transform Curses","Unknown Chances"],"gold_per_floor":[99,116,127,141,158,158,158,158,158,158,176,41,53,86,100,178,178,178,178,178,88,102,137,137,62,82,100,100,100,117,117,128,203,203,53,69,82,82,11,11,11,31,276,276,289,289,289,289],"floor_reached":46,"playtime":2398,"items_purged":["hexamod:Sear","hexamod:Defend"],"score":884,"play_id":"7c087927-7824-4c67-93c3-b5d33d227f70","local_time":"20210106100410","is_ascension_mode":true,"campfire_choices":[{"data":"hexamod:Float","floor":1.0,"key":"SMITH"},{"data":"hexamod:CatchUp","floor":6.0,"key":"SMITH"},{"data":"hexamod:FastForward","floor":8.0,"key":"SMITH"},{"floor":10.0,"key":"RECALL"},{"data":"hexamod:GhostOfSpirePast","floor":18.0,"key":"SMITH"},{"data":"hexamod:Rewind","floor":25.0,"key":"SMITH"},{"data":"hexamod:Strike","floor":29.0,"key":"PURGE"},{"data":"hexamod:Strike","floor":35.0,"key":"PURGE"},{"data":"hexamod:Defend","floor":40.0,"key":"PURGE"},{"data":"hexamod:Defend","floor":44,"key":"PURGE"}],"circlet_count":0,"master_deck":["AscendersBane","hexamod:Strike","hexamod:Strike","hexamod:Defend","hexamod:Float+1","hexamod:FlamesFromBeyond","hexamod:FastForward+1","hexamod:CatchUp+1","hexamod:AdvancingGuard+1","hexamod:SpectralSpark","hexamod:Hexaguard","hexamod:GhostOfSpirePast+1","hexamod:StepThrough","hexamod:HauntingEcho","hexamod:SpectersWail","hexamod:EmpoweringStance","hexamod:Rewind+1","hexamod:RetreatToShadows+1","hexamod:GhostOfSpireFuture+1","hexamod:Hexaguard+1","hexamod:TimeWarp","hexamod:GhostShield+1","hexamod:InspiringFlames"],"relics":["hexamod:SpiritBrand","Turnip","Pear","Sozu","Blood Vial","Peace Pipe","downfall:HeartBlessingGreen","Nilry\u0027s Codex","Philosopher\u0027s Stone","downfall:HeartBlessingRed","downfall:HeartBlessingBlue","Bottled Flame"],"acts_visited":["Exordium","TheCity","TheBeyond"],"potions_floor_usage":[45],"damage_taken":[{"damage":0.0,"enemies":"Jaw Worm","floor":2.0,"turns":4.0},{"damage":0.0,"enemies":"Cultist","floor":3.0,"turns":4.0},{"damage":3.0,"enemies":"2 Louse","floor":4.0,"turns":2.0},{"damage":0.0,"enemies":"Exordium Wildlife","floor":5.0,"turns":3.0},{"damage":7.0,"enemies":"Blue Slaver","floor":11.0,"turns":3.0},{"damage":0.0,"enemies":"downfall:FleeingMerchant","floor":12.0,"turns":4.0},{"damage":2.0,"enemies":"Large Slime","floor":13.0,"turns":3.0},{"damage":4.0,"enemies":"3 Sentries","floor":14.0,"turns":7.0},{"damage":1.0,"enemies":"3 Louse","floor":15.0,"turns":3.0},{"damage":39.0,"enemies":"downfall:Silent","floor":16.0,"turns":11.0},{"damage":4.0,"enemies":"downfall:FleeingMerchant","floor":21.0,"turns":4.0},{"damage":10.0,"enemies":"Chosen","floor":22.0,"turns":5.0},{"damage":19.0,"enemies":"Gremlin Leader","floor":23.0,"turns":9.0},{"damage":0.0,"enemies":"3 Byrds","floor":26.0,"turns":4.0},{"damage":0.0,"enemies":"Shelled Parasite and Fungi","floor":27.0,"turns":6.0},{"damage":3.0,"enemies":"Centurion and Healer","floor":30.0,"turns":5.0},{"damage":1.0,"enemies":"Snake Plant","floor":32.0,"turns":4.0},{"damage":4.0,"enemies":"downfall:Watcher","floor":33.0,"turns":10.0},{"damage":0.0,"enemies":"3 Shapes","floor":36.0,"turns":4.0},{"damage":16.0,"enemies":"Orb Walker","floor":37.0,"turns":4.0},{"damage":0.0,"enemies":"downfall:FleeingMerchant","floor":39.0,"turns":4.0},{"damage":40.0,"enemies":"4 Shapes","floor":42.0,"turns":4.0},{"damage":5,"enemies":"downfall:FleeingMerchant","floor":43,"turns":4},{"damage":6,"enemies":"Jaw Worm Horde","floor":45,"turns":4},{"damage":25,"enemies":"Writhing Mass","floor":46,"turns":1}],"seed_played":"-6772026262839270626","potions_obtained":[{"floor":5.0,"key":"SpeedPotion"},{"floor":11.0,"key":"sneckomod:MuddlingPotion"},{"floor":13.0,"key":"AttackPotion"},{"floor":14.0,"key":"Ancient Potion"},{"floor":16.0,"key":"hexamod:EctoCoolerPotion"}],"is_trial":false,"path_per_floor":["R","M","M","M","M","R","T","R","?","R","M","$","M","E","M","B",null,"R","?","?","$","M","E","T","R","M","M","?","R","M","?","M","B",null,"R","M","M","?","$","R","T","M","?","R","M","M"],"character_chosen":"THE_SPIRIT","items_purchased":["hexamod:GhostOfSpirePast","hexamod:StepThrough","hexamod:InspiringFlames"],"campfire_rested":0,"item_purchase_floors":[12,12,39],"current_hp_per_floor":[57,57,57,54,54,54,54,54,54,54,47,47,45,51,50,11,53,53,53,53,49,39,20,20,20,22,24,24,24,23,2,3,1,51,61,63,49,49,51,51,51,13,10,10,6,0,0,0],"gold":289,"neow_bonus":"ONE_RARE_RELIC","is_daily":false,"chose_seed":false,"campfire_upgraded":5,"win_rate":0.0,"timestamp":1609895050,"path_taken":["R","M","M","M","M","R","T","R","?","R","M","$","?","E","M","BOSS","R","?","?","$","M","E","T","R","M","M","?","R","?","?","M","BOSS","R","M","M","?","$","R","T","M","?","R","M","M"],"items_purchased_type":["Card","Card","Card"],"build_version":"2020-12-22","purchased_purges":2,"victory":false,"max_hp_per_floor":[57,57,57,57,57,57,57,57,57,57,57,57,57,67,67,67,67,67,67,67,67,67,67,67,67,67,67,67,67,67,67,67,67,67,77,77,77,77,77,77,77,77,77,77,77,77,77,77],"relic_stats":{"Sozu":7,"Blood Vial":24,"Peace Pipe":4,"counters":[25,116],"Turnip":[7],"obtain_stats":[{"Sozu":17,"Blood Vial":23,"Peace Pipe":24,"Bottled Flame":41,"Pear":14,"downfall:HeartBlessingRed":35,"Nilry\u0027s Codex":31,"downfall:HeartBlessingBlue":35,"downfall:HeartBlessingGreen":25,"Philosopher\u0027s Stone":34,"Turnip":0,"hexamod:SpiritBrand":0},{"Sozu":10,"Blood Vial":13,"Peace Pipe":13,"Bottled Flame":21,"Pear":8,"downfall:HeartBlessingRed":18,"Nilry\u0027s Codex":16,"downfall:HeartBlessingBlue":18,"downfall:HeartBlessingGreen":13,"Philosopher\u0027s Stone":18,"Turnip":0,"hexamod:SpiritBrand":0},{"Sozu":44,"Blood Vial":62,"Peace Pipe":62,"Bottled Flame":103,"Pear":30,"downfall:HeartBlessingRed":91,"Nilry\u0027s Codex":77,"downfall:HeartBlessingBlue":91,"downfall:HeartBlessingGreen":62,"Philosopher\u0027s Stone":91,"Turnip":0,"hexamod:SpiritBrand":0}]},"card_choices":[{"not_picked":["hexamod:SwordOfDarkness","hexamod:NightmareGuise"],"picked":"hexamod:FlamesFromBeyond","floor":2.0},{"not_picked":["hexamod:GhostLash","hexamod:SoulSteal"],"picked":"hexamod:FastForward","floor":3.0},{"not_picked":["hexamod:NightmareStrike","hexamod:Hexaguard"],"picked":"hexamod:CatchUp","floor":4.0},{"not_picked":["hexamod:BurningTouch","hexamod:GhostShield"],"picked":"hexamod:AdvancingGuard","floor":5.0},{"not_picked":["hexamod:FastForward","hexamod:ApocalypticArmor"],"picked":"hexamod:SpectralSpark","floor":11.0},{"not_picked":["hexamod:BurningTouch","hexamod:EtherealExpedition"],"picked":"hexamod:Hexaguard","floor":12.0},{"not_picked":["hexamod:SpectersWail","hexamod:SpectralAdrenaline"],"picked":"hexamod:HauntingEcho","floor":13.0},{"not_picked":["hexamod:GhostOfSpireFuture","hexamod:DynamicBlow","hexamod:GhostShield"],"picked":"SKIP","floor":14.0},{"not_picked":["hexamod:FlamesFromBeyond","hexamod:RainOfEmbers"],"picked":"hexamod:SpectersWail","floor":15.0},{"not_picked":["hexamod:ApocalypticArmor","hexamod:ParanormalForm"],"picked":"hexamod:EmpoweringStance","floor":16.0},{"not_picked":["hexamod:SpectersWail","hexamod:NightmareGuise","hexamod:Haunt"],"picked":"SKIP","floor":21.0},{"not_picked":["hexamod:HeatShield","hexamod:NightmareStrike"],"picked":"hexamod:RetreatToShadows+1","floor":22.0},{"not_picked":["hexamod:CrushingStance","hexamod:Haunt+1"],"picked":"hexamod:GhostOfSpireFuture+1","floor":23.0},{"not_picked":["hexamod:AdvancingGuard","hexamod:GhostLash","hexamod:HauntingEcho"],"picked":"SKIP","floor":26.0},{"not_picked":["hexamod:BacktrackSmack+1","hexamod:SkipABeat+1","hexamod:CatchUp"],"picked":"SKIP","floor":27.0},{"not_picked":["hexamod:GhostOfSpireFuture","hexamod:SpectersWail","hexamod:GiftsFromTheDead"],"picked":"SKIP","floor":30.0},{"not_picked":["hexamod:FastForward","hexamod:RainOfEmbers"],"picked":"hexamod:Hexaguard+1","floor":32.0},{"not_picked":["hexamod:HexaLevel","hexamod:ParanormalForm"],"picked":"hexamod:TimeWarp","floor":33.0},{"not_picked":["hexamod:AdvancingGuard+1","hexamod:NightmareGuise","hexamod:GhostLash"],"picked":"SKIP","floor":36.0},{"not_picked":["hexamod:CatchUp+1","hexamod:BacktrackSmack","hexamod:FastForward"],"picked":"SKIP","floor":37.0},{"not_picked":["hexamod:SpectersWail","hexamod:HauntingEcho"],"picked":"hexamod:GhostShield+1","floor":39.0},{"not_picked":["hexamod:Hexaguard+1","hexamod:SwordOfDarkness","hexamod:RadiantFlame"],"picked":"SKIP","floor":42.0},{"not_picked":["hexamod:FlamesFromBeyond","hexamod:BacktrackSmack","hexamod:Haunt"],"picked":"SKIP","floor":43},{"not_picked":["hexamod:ThermalTransfer","hexamod:Firestarter+1","hexamod:NightmareStrike"],"picked":"SKIP","floor":45}],"player_experience":2905383,"relics_obtained":[{"floor":14.0,"key":"Pear"},{"floor":23.0,"key":"Blood Vial"},{"floor":24.0,"key":"Peace Pipe"},{"floor":31.0,"key":"Nilry\u0027s Codex"},{"floor":41.0,"key":"Bottled Flame"}],"event_choices":[{"damage_healed":0.0,"max_hp_gain":0.0,"max_hp_loss":0.0,"gold_gain":0.0,"event_name":"Upgrade Shrine","player_choice":"Upgraded","floor":9.0,"gold_loss":0.0,"damage_taken":0.0,"cards_upgraded":["hexamod:AdvancingGuard"]},{"damage_healed":0.0,"max_hp_gain":0.0,"max_hp_loss":0.0,"gold_gain":0.0,"event_name":"The Library","player_choice":"Read","floor":19.0,"gold_loss":0.0,"damage_taken":0.0,"cards_obtained":["hexamod:Rewind"]}],"is_beta":false,"boss_relics":[{"not_picked":["Calling Bell","Busted Crown"],"picked":"Sozu"},{"not_picked":["Cursed Key","SacredBark"],"picked":"Philosopher\u0027s Stone"}],"items_purged_floors":[21,43],"is_endless":false,"potions_floor_spawned":[5,11,13,14,16,22,27,30,33,42,45],"killed_by":"Writhing Mass","ascension_level":20}}