{"host":"xrbxyo513dr24h85","time":1609923644,"event":{"mods":["BaseMod","Better Third Choice","Colored Map","Downfall","Googly Eyes","Halation","Hubris","Lobotomy","Minty Spire (QoL Compilation)","Random Character Button","Relic Stats","Replay The Spire","Retaliation","StSLib","The Blue Laboratory"],"gold_per_floor":[117,135,210,63,63,91,112,126,126,153,167,167,88,148,148,248,248,261,261,277,297,48,48,66,66,66,97,115,115,18,38,38,135,135,155,55,67,67,67,67,83,103,103,115,115,147,147,163,163,163,163,163,51,85,85],"floor_reached":56,"playtime":1524,"items_purged":["Regret"],"score":1472,"play_id":"003182d6-80d4-49f0-801c-9a1eed20eed4","local_time":"20210106010044","is_ascension_mode":false,"campfire_choices":[{"data":"expansioncontent:GuardianWhirl","floor":12,"key":"SMITH"},{"floor":15,"key":"DIG"},{"floor":23,"key":"REST"},{"floor":29,"key":"REST"},{"floor":32,"key":"REST"},{"data":"Inflame","floor":40,"key":"SMITH"},{"floor":45,"key":"RECALL"},{"data":"Limit Break","floor":47,"key":"SMITH"},{"data":"Limit Break","floor":49,"key":"SMITH"},{"data":"Flex","floor":52,"key":"SMITH"}],"circlet_count":0,"master_deck":["Strike_R+1","Strike_R+1","Strike_R+1","Strike_R+1","Strike_R+1","Defend_R","Defend_R","Defend_R","Defend_R","Bash","expansioncontent:GuardianWhirl+1","Pummel","Clash","Reaper","Flex+1","Cleave","Flex","Inflame+1","Sword Boomerang","Limit Break+1","Pummel","hubris:SharpeningStone","ReplayTheSpireMod:Strike From Hell","Limit Break+1","Inflame+1","Cleave","Reaper","ReplayTheSpireMod:Limb From Limb","Replay:Undeath\u0027s Touch+1","Heavy Blade+1","DDmod:SpikedSkill","DDmod:SpikedSkill"],"relics":["Burning Blood","ReplayFunnel","hubris:OldNail","Odd Mushroom","Happy Flower","InkBottle","Bag of Preparation","halation:Risk","Shuriken","Garlic","ReplayTheSpireMod:Spearhead","Philosopher\u0027s Stone","Replay:Bottled Steam","hubris:CrystalStatue","Replay:Bottled Eggs"],"acts_visited":["Exordium","TheCity","TheBeyond","TheEnding"],"potions_floor_usage":[6,6,14,21,27,28,31,31,33,42,55],"damage_taken":[{"damage":10,"enemies":"Jaw Worm","floor":1,"turns":4},{"damage":0,"enemies":"2 Louse","floor":2,"turns":2},{"damage":36,"enemies":"3 Sentries","floor":6,"turns":14},{"damage":12,"enemies":"The Mushroom Lair","floor":7,"turns":4},{"damage":1,"enemies":"Small Slimes","floor":8,"turns":2},{"damage":6,"enemies":"Blue Slaver","floor":11,"turns":4},{"damage":5,"enemies":"3 Sentries","floor":14,"turns":3},{"damage":19,"enemies":"Fading Forest","floor":16,"turns":11},{"damage":24,"enemies":"Shell Parasite","floor":18,"turns":4},{"damage":32,"enemies":"2 Thieves","floor":20,"turns":3},{"damage":21,"enemies":"Snake Plant","floor":21,"turns":3},{"damage":35,"enemies":"Sentry and Sphere","floor":24,"turns":4},{"damage":38,"enemies":"Slavers","floor":27,"turns":4},{"damage":30,"enemies":"Chosen and Byrds","floor":28,"turns":7},{"damage":32,"enemies":"Centurion and Healer","floor":31,"turns":5},{"damage":6,"enemies":"Pondfish","floor":33,"turns":6},{"damage":0,"enemies":"3 Darklings","floor":35,"turns":2},{"damage":0,"enemies":"Orb Walker","floor":37,"turns":1},{"damage":30,"enemies":"Maw","floor":41,"turns":4},{"damage":10,"enemies":"Spire Growth","floor":42,"turns":2},{"damage":0,"enemies":"3 Darklings","floor":44,"turns":1},{"damage":0,"enemies":"Nemesis","floor":46,"turns":1},{"damage":4,"enemies":"Writhing Mass","floor":48,"turns":3},{"damage":36,"enemies":"Donu and Deca","floor":50,"turns":3},{"damage":7,"enemies":"Shield and Spear","floor":54,"turns":2},{"damage":79,"enemies":"The Heart","floor":55,"turns":5}],"seed_played":"-3591564053118966592","potions_obtained":[{"floor":1,"key":"ColorlessPotion"},{"floor":2,"key":"blueLaboratory:HorrorPotion"},{"floor":11,"key":"blueLaboratory:PhilterOfMotion"},{"floor":20,"key":"blueLaboratory:PyrophylliteBrew"},{"floor":24,"key":"Ancient Potion"},{"floor":27,"key":"SteroidPotion"},{"floor":28,"key":"SkillPotion"},{"floor":33,"key":"blueLaboratory:NullPotion"},{"floor":41,"key":"blueLaboratory:HorrorPotion"},{"floor":42,"key":"champ:CounterPotion"},{"floor":44,"key":"blueLaboratory:NullPotion"}],"is_trial":false,"path_per_floor":["M","M","?","$","?","E","?","M","T","T","M","R","$","?","R_BF","B",null,"M","?","M","M","$","R","M","?","T","E","M","R","$","M","R","B",null,"M","NS","M","?","?","R","M","M","T","M","R","E","R","M","R","B",null,"R","$","E","B",null],"character_chosen":"IRONCLAD","items_purchased":["Reaper","Inflame","Shuriken","Energy Potion","Energy Potion","DDmod:SpikedSkill"],"campfire_rested":3,"item_purchase_floors":[4,13,22,30,30,53],"current_hp_per_floor":[76,80,80,80,80,58,52,57,57,57,57,57,57,58,58,71,80,62,62,36,21,21,45,35,35,35,12,10,34,34,8,32,32,80,80,80,80,80,80,80,56,52,52,58,58,64,64,80,80,62,80,80,80,79,80],"gold":85,"neow_bonus":"RANDOM_COLORLESS","is_daily":false,"chose_seed":false,"campfire_upgraded":5,"win_rate":0.0,"timestamp":1609923644,"path_taken":["M","M","?","$","?","E","?","M","T","?","M","R","$","?","R_BF","BOSS","M","?","M","?","$","R","M","?","T","E","M","R","$","M","R","BOSS","M","NS","M","?","?","R","?","M","T","M","R","E","R","M","R","BOSS","R","$","E","BOSS"],"items_purchased_type":["Card","Card","Relic","Potion","Potion","Card"],"build_version":"2020-12-22","purchased_purges":1,"victory":true,"max_hp_per_floor":[80,80,80,80,80,80,80,80,80,80,80,80,80,80,80,80,80,80,80,80,80,80,80,80,80,80,80,80,80,80,80,80,80,80,80,80,80,80,80,80,80,80,80,80,80,80,80,80,80,80,80,80,80,80,80],"relic_stats":{"Happy Flower":[26],"counters":[26,104],"Shuriken":[25],"Bag of Preparation":[38],"obtain_stats":[{"ReplayFunnel":5,"hubris:CrystalStatue":46,"Happy Flower":10,"Bag of Preparation":15,"Odd Mushroom":7,"Burning Blood":0,"ReplayTheSpireMod:Spearhead":27,"Shuriken":22,"Philosopher\u0027s Stone":34,"Garlic":26,"Replay:Bottled Eggs":54,"hubris:OldNail":6,"InkBottle":14,"halation:Risk":17,"Replay:Bottled Steam":43},{"ReplayFunnel":2,"hubris:CrystalStatue":22,"Happy Flower":5,"Bag of Preparation":7,"Odd Mushroom":4,"Burning Blood":0,"ReplayTheSpireMod:Spearhead":13,"Shuriken":11,"Philosopher\u0027s Stone":16,"Garlic":12,"Replay:Bottled Eggs":25,"hubris:OldNail":3,"InkBottle":7,"halation:Risk":8,"Replay:Bottled Steam":20},{"ReplayFunnel":6,"hubris:CrystalStatue":91,"Happy Flower":26,"Bag of Preparation":33,"Odd Mushroom":24,"Burning Blood":0,"ReplayTheSpireMod:Spearhead":62,"Shuriken":54,"Philosopher\u0027s Stone":80,"Garlic":58,"Replay:Bottled Eggs":99,"hubris:OldNail":20,"InkBottle":33,"halation:Risk":44,"Replay:Bottled Steam":89}],"Burning Blood":133,"InkBottle":[21]},"card_choices":[{"not_picked":["Discovery","Purity"],"picked":"expansioncontent:GuardianWhirl","floor":0},{"not_picked":["Reckless Charge","Headbutt"],"picked":"Pummel","floor":1},{"not_picked":["DDmod:CallousedSkill","DDmod:EasePowerCard"],"picked":"Clash","floor":2},{"not_picked":["Run Through","Flame Barrier"],"picked":"Flex","floor":6},{"not_picked":["Wild Strike","DDmod:RechargeSkill"],"picked":"True Grit","floor":7},{"not_picked":["Sever Soul","ReplayTheSpireMod:Muscle Training"],"picked":"Cleave","floor":8},{"not_picked":["Anger","hubris:SharpeningStone"],"picked":"Flex","floor":11},{"not_picked":["Dark Embrace","Run Through"],"picked":"Sword Boomerang","floor":14},{"not_picked":["Replay:Many Hands","DDmod:RechargeSkill"],"picked":"Limit Break","floor":16},{"not_picked":["Clothesline","Clash"],"picked":"Pummel","floor":18},{"not_picked":["Havoc","DDmod:BurningFumesPowerCard"],"picked":"hubris:SharpeningStone","floor":20},{"not_picked":["DDmod:SpikedSkill+1","hubris:CleavingFinish","Carnage"],"picked":"SKIP","floor":21},{"not_picked":["Run Through","Perfected Strike"],"picked":"DDmod:UnstoppableAttack+1","floor":24},{"not_picked":["Reckless Charge","Havoc","Massacre"],"picked":"SKIP","floor":27},{"not_picked":["Dropkick","Abandon"],"picked":"Sentinel+1","floor":28},{"not_picked":["Blood for Blood","Berserk","Pommel Strike"],"picked":"SKIP","floor":31},{"not_picked":["DDmod:AllInSkill","Brutality"],"picked":"Limit Break","floor":33},{"not_picked":["Pommel Strike","DDmod:SpikedSkill","Searing Blow"],"picked":"SKIP","floor":35},{"not_picked":["hubris:ReadiedAction+1","Warcry+1"],"picked":"Inflame","floor":37},{"not_picked":["Warcry","Burning Pact"],"picked":"Cleave","floor":41},{"not_picked":["Heavy Blade","DDmod:SpikedSkill+1"],"picked":"Reaper","floor":42},{"not_picked":["hubris:ReadiedAction+1","Wild Strike"],"picked":"ReplayTheSpireMod:Limb From Limb","floor":44},{"not_picked":["hubris:SharpeningStone","Clash"],"picked":"Replay:Undeath\u0027s Touch+1","floor":46},{"not_picked":["Anger","Pommel Strike+1"],"picked":"Heavy Blade+1","floor":48},{"not_picked":["Iron Wave+1","Power Through+1","Demon Form"],"picked":"SKIP","floor":54}],"player_experience":1168278,"relics_obtained":[{"floor":6,"key":"hubris:OldNail"},{"floor":7,"key":"Odd Mushroom"},{"floor":10,"key":"Happy Flower"},{"floor":14,"key":"InkBottle"},{"floor":15,"key":"Bag of Preparation"},{"floor":26,"key":"Garlic"},{"floor":27,"key":"ReplayTheSpireMod:Spearhead"},{"floor":43,"key":"Replay:Bottled Steam"},{"floor":46,"key":"hubris:CrystalStatue"},{"floor":54,"key":"Replay:Bottled Eggs"}],"event_choices":[{"damage_healed":0,"gold_gain":75,"player_choice":"Gained Gold","damage_taken":0,"max_hp_gain":0,"max_hp_loss":0,"event_name":"Golden Wing","floor":3,"gold_loss":0},{"damage_healed":0,"gold_gain":0,"player_choice":"Box","damage_taken":0,"relics_obtained":["ReplayFunnel"],"max_hp_gain":0,"max_hp_loss":0,"event_name":"Big Fish","floor":5,"gold_loss":0,"cards_obtained":["Regret"]},{"damage_healed":0,"gold_gain":0,"player_choice":"Fought Mushrooms","damage_taken":0,"max_hp_gain":0,"max_hp_loss":0,"event_name":"Mushrooms","floor":7,"gold_loss":0},{"damage_healed":0,"gold_gain":30,"player_choice":"Searched \u00272\u0027 times","damage_taken":0,"max_hp_gain":0,"max_hp_loss":0,"event_name":"Dead Adventurer","floor":14,"gold_loss":0},{"damage_healed":0,"gold_gain":0,"player_choice":"Forge","damage_taken":0,"max_hp_gain":0,"max_hp_loss":0,"event_name":"Accursed Blacksmith","floor":19,"gold_loss":0,"cards_upgraded":["Inflame"]},{"cards_removed":["True Grit"],"damage_healed":0,"gold_gain":0,"player_choice":"Removed Skill","damage_taken":0,"max_hp_gain":0,"max_hp_loss":0,"event_name":"Falling","floor":38,"gold_loss":0},{"damage_healed":0,"gold_gain":0,"player_choice":"Ignored","damage_taken":0,"max_hp_gain":0,"max_hp_loss":0,"event_name":"Purifier","floor":39,"gold_loss":0}],"is_beta":false,"boss_relics":[{"not_picked":["halation:Prosthetics","Coffee Dripper"],"picked":"halation:Risk"},{"not_picked":["Fusion Hammer","Tiny House"],"picked":"Philosopher\u0027s Stone"}],"items_purged_floors":[53],"is_endless":false,"potions_floor_spawned":[1,2,11,20,24,27,28,33,41,42,44,54],"ascension_level":0}}