{"host":"irrk4zqlyqwf1lii","time":1609950817,"event":{"mods":["BaseMod","Minty Spire (QoL Compilation)","Say the Spire","StSLib"],"gold_per_floor":[115,135,9,9,23,23,41,41,41,55,5,19,68,80,80,175,175,192,45,63,63,63,63,63,76,76,76,76,104,104,124,124,124,124],"floor_reached":33,"playtime":840,"items_purged":[],"score":257,"play_id":"64faa3ef-6cc4-4297-a0bf-012decc6961e","local_time":"20210107003337","is_ascension_mode":false,"campfire_choices":[{"data":"Twin Strike","floor":6,"key":"SMITH"},{"data":"Perfected Strike","floor":8,"key":"SMITH"},{"data":"Seeing Red","floor":15,"key":"SMITH"},{"data":"Double Tap","floor":23,"key":"SMITH"},{"data":"Twin Strike","floor":32,"key":"SMITH"}],"circlet_count":0,"master_deck":["Strike_R","Strike_R","Strike_R","Strike_R","Strike_R","Defend_R","Defend_R","Bash","Twin Strike+1","Inflame+1","Perfected Strike+1","Twin Strike","Seeing Red+1","Double Tap+1","Cleave","Cleave","Iron Wave","Perfected Strike+1","Twin Strike+1","Havoc+1"],"relics":["Black Blood","NeowsBlessing","StrikeDummy","Juzu Bracelet","HandDrill","Magic Flower"],"acts_visited":["Exordium","TheCity"],"potions_floor_usage":[12,16,16,25,25,33,33],"damage_taken":[{"damage":0,"enemies":"2 Louse","floor":1,"turns":1},{"damage":0,"enemies":"Cultist","floor":2,"turns":1},{"damage":0,"enemies":"Jaw Worm","floor":5,"turns":1},{"damage":9,"enemies":"Blue Slaver","floor":7,"turns":3},{"damage":4,"enemies":"2 Fungi Beasts","floor":10,"turns":2},{"damage":1,"enemies":"Exordium Thugs","floor":12,"turns":3},{"damage":7,"enemies":"3 Louse","floor":14,"turns":2},{"damage":43,"enemies":"The Guardian","floor":16,"turns":5},{"damage":5,"enemies":"Chosen","floor":18,"turns":2},{"damage":10,"enemies":"3 Byrds","floor":20,"turns":4},{"damage":21,"enemies":"Snake Plant","floor":25,"turns":2},{"damage":30,"enemies":"Book of Stabbing","floor":29,"turns":3},{"damage":10,"enemies":"Sentry and Sphere","floor":31,"turns":3},{"damage":66,"enemies":"Collector","floor":33,"turns":6}],"seed_played":"4020394263484892709","potions_obtained":[{"floor":1,"key":"ColorlessPotion"},{"floor":10,"key":"Energy Potion"},{"floor":12,"key":"FearPotion"},{"floor":16,"key":"SneckoOil"},{"floor":20,"key":"LiquidBronze"},{"floor":29,"key":"Strength Potion"},{"floor":31,"key":"Explosive Potion"}],"is_trial":false,"path_per_floor":["M","M","$","?","M","R","M","R","T","M","?","M","T","M","R","B",null,"M","$","M","?","$","R","$","M","T","?","?","E","$","M","R","B"],"character_chosen":"IRONCLAD","items_purchased":["Inflame","Perfected Strike","HandDrill"],"campfire_rested":0,"item_purchase_floors":[3,3,19],"current_hp_per_floor":[80,80,80,80,80,80,77,77,77,79,79,80,80,79,79,42,80,80,80,80,80,80,80,80,71,71,71,71,53,53,61,61,0,0],"gold":124,"neow_bonus":"THREE_ENEMY_KILL","is_daily":false,"chose_seed":false,"campfire_upgraded":5,"win_rate":0.0,"timestamp":1609950817,"path_taken":["M","M","$","?","M","R","?","R","T","M","?","M","?","M","R","BOSS","M","$","M","?","?","R","$","M","T","?","?","E","$","M","R","BOSS"],"items_purchased_type":["Card","Card","Relic"],"build_version":"2020-12-22","purchased_purges":0,"victory":false,"max_hp_per_floor":[80,80,80,80,80,80,80,80,80,80,80,80,80,80,80,80,80,80,80,80,80,80,80,80,80,80,80,80,80,80,80,80,80,80],"card_choices":[{"not_picked":["Infernal Blade","Reckless Charge"],"picked":"Twin Strike","floor":1},{"not_picked":["Second Wind","Iron Wave","Burning Pact"],"picked":"SKIP","floor":2},{"not_picked":["Havoc","Headbutt","True Grit"],"picked":"SKIP","floor":5},{"not_picked":["Sword Boomerang","Heavy Blade","Power Through"],"picked":"SKIP","floor":7},{"not_picked":["Wild Strike","Dual Wield"],"picked":"Twin Strike","floor":10},{"not_picked":["Havoc","Reckless Charge","Shrug It Off"],"picked":"SKIP","floor":12},{"not_picked":["Clothesline","Havoc"],"picked":"Seeing Red","floor":14},{"not_picked":["Brutality","Barricade"],"picked":"Double Tap","floor":16},{"not_picked":["Armaments","Shrug It Off"],"picked":"Cleave","floor":18},{"not_picked":["Iron Wave","Inflame"],"picked":"Cleave","floor":20},{"not_picked":["Combust+1","Thunderclap","Shrug It Off+1"],"picked":"SKIP","floor":25},{"not_picked":["Pummel+1","Pommel Strike"],"picked":"Havoc+1","floor":29},{"not_picked":["Havoc","Pummel","Pommel Strike"],"picked":"SKIP","floor":31}],"player_experience":130252,"relics_obtained":[{"floor":9,"key":"StrikeDummy"},{"floor":13,"key":"Juzu Bracelet"},{"floor":29,"key":"Magic Flower"}],"event_choices":[{"damage_healed":0,"gold_gain":0,"player_choice":"Forge","damage_taken":0,"max_hp_gain":0,"max_hp_loss":0,"event_name":"Accursed Blacksmith","floor":4,"gold_loss":0,"cards_upgraded":["Inflame"]},{"cards_removed":["Defend_R"],"damage_healed":0,"gold_gain":0,"player_choice":"Card Removal","damage_taken":0,"max_hp_gain":0,"max_hp_loss":0,"event_name":"The Cleric","floor":11,"gold_loss":50},{"cards_removed":["Defend_R"],"damage_healed":0,"gold_gain":0,"player_choice":"Took Card","damage_taken":0,"max_hp_gain":0,"max_hp_loss":0,"event_name":"NoteForYourself","floor":21,"gold_loss":0,"cards_obtained":["Iron Wave"]},{"damage_healed":0,"gold_gain":0,"player_choice":"Copied","damage_taken":0,"max_hp_gain":0,"max_hp_loss":0,"event_name":"Duplicator","floor":27,"gold_loss":0,"cards_obtained":["Perfected Strike"]},{"damage_healed":0,"gold_gain":0,"player_choice":"Read","damage_taken":0,"max_hp_gain":0,"max_hp_loss":0,"event_name":"The Library","floor":28,"gold_loss":0,"cards_obtained":["Twin Strike"]}],"is_beta":false,"boss_relics":[{"not_picked":["Fusion Hammer","Snecko Eye"],"picked":"Black Blood"}],"items_purged_floors":[],"is_endless":false,"potions_floor_spawned":[1,10,12,16,20,29,31],"killed_by":"Collector","ascension_level":0}}