{"host":"n4fty02wqqi95laq","time":1609924455,"event":{"mods":["BaseMod","Highlight Path","Minty Spire (QoL Compilation)","Quick Restart","Rare Cards Sparkle","StSLib"],"gold_per_floor":[118,118,43,43,43,43,77,97,97,97,107,124,140,65,65,139,139,157,76,76,126,144,144,159,159,240,165,177,177,177],"floor_reached":29,"playtime":569,"items_purged":["Defend_P"],"score":496,"play_id":"f932fa72-ecc9-4614-9315-422a6983db09","local_time":"20210106171415","is_ascension_mode":true,"campfire_choices":[{"data":"Eruption","floor":6.0,"key":"SMITH"},{"data":"CrushJoints","floor":10.0,"key":"SMITH"},{"data":"MentalFortress","floor":15.0,"key":"SMITH"},{"data":"SandsOfTime","floor":23.0,"key":"SMITH"}],"circlet_count":0,"master_deck":["AscendersBane","Strike_P","Strike_P","Defend_P","Defend_P","Eruption+1","Vigilance","CrushJoints+1","FlyingSleeves","MentalFortress+1","FlurryOfBlows","SandsOfTime+1","Scrawl","Adaptation","FearNoEvil","Necronomicurse","Devotion"],"relics":["PureWater","NeowsBlessing","InkBottle","FossilizedHelix","Calipers","Snecko Eye","Necronomicon","Mummified Hand"],"acts_visited":["Exordium","TheCity"],"potions_floor_usage":[29,29],"damage_taken":[{"damage":0.0,"enemies":"Jaw Worm","floor":1.0,"turns":1.0},{"damage":0.0,"enemies":"3 Sentries","floor":7.0,"turns":1.0},{"damage":0.0,"enemies":"Small Slimes","floor":8.0,"turns":1.0},{"damage":7.0,"enemies":"2 Louse","floor":11.0,"turns":2.0},{"damage":6.0,"enemies":"Looter","floor":12.0,"turns":3.0},{"damage":0.0,"enemies":"2 Fungi Beasts","floor":13.0,"turns":3.0},{"damage":18.0,"enemies":"Hexaghost","floor":16.0,"turns":8.0},{"damage":0.0,"enemies":"Shell Parasite","floor":18.0,"turns":2.0},{"damage":12.0,"enemies":"2 Thieves","floor":22.0,"turns":4.0},{"damage":22.0,"enemies":"Snake Plant","floor":24.0,"turns":3.0},{"damage":0.0,"enemies":"Centurion and Healer","floor":28.0,"turns":3.0},{"damage":0,"enemies":"Slavers","floor":29,"turns":1}],"seed_played":"2019222875009659983","potions_obtained":[{"floor":8.0,"key":"SkillPotion"},{"floor":12.0,"key":"SneckoOil"},{"floor":22.0,"key":"SkillPotion"}],"is_trial":false,"path_per_floor":["M","?","$","?","?","R","E","M","T","R","M","M","M","?","R","B",null,"M","$","?","?","M","R","M","?","T","?","M","E"],"character_chosen":"WATCHER","items_purchased":["Adaptation"],"campfire_rested":0,"item_purchase_floors":[19],"current_hp_per_floor":[61,43,43,48,48,48,48,48,48,48,41,35,35,35,35,17,59,59,59,59,59,47,47,25,4,4,4,4,4,4],"gold":177,"neow_bonus":"THREE_ENEMY_KILL","is_daily":false,"chose_seed":false,"campfire_upgraded":4,"win_rate":0.0,"timestamp":1609924455,"path_taken":["M","?","$","?","?","R","E","M","T","R","M","M","?","?","R","BOSS","M","$","?","?","M","R","M","?","T","?","M","E"],"items_purchased_type":["Card"],"build_version":"2020-12-22","purchased_purges":1,"victory":false,"max_hp_per_floor":[68,68,68,73,73,73,73,73,73,73,73,73,73,73,73,73,73,73,73,73,73,73,73,73,73,73,73,73,73,73],"card_choices":[{"not_picked":["FlyingSleeves","JustLucky"],"picked":"CrushJoints","floor":1.0},{"not_picked":["ThirdEye","Vengeance"],"picked":"MentalFortress","floor":7.0},{"not_picked":["Protect","Crescendo"],"picked":"FlurryOfBlows","floor":8.0},{"not_picked":["Worship","CrushJoints","WreathOfFlame"],"picked":"SKIP","floor":11.0},{"not_picked":["JustLucky","Evaluate"],"picked":"SandsOfTime","floor":12.0},{"not_picked":["Perseverance","EmptyBody","ThirdEye"],"picked":"SKIP","floor":13.0},{"not_picked":["Brilliance","Omniscience"],"picked":"Scrawl","floor":16.0},{"not_picked":["Protect","FlurryOfBlows","BattleHymn"],"picked":"SKIP","floor":18.0},{"not_picked":["ClearTheMind","Consecrate"],"picked":"FearNoEvil","floor":22.0},{"not_picked":["PathToVictory","CutThroughFate","CrushJoints"],"picked":"SKIP","floor":24.0},{"not_picked":["SashWhip","BowlingBash"],"picked":"Devotion","floor":28.0}],"player_experience":654166,"relics_obtained":[{"floor":7.0,"key":"FossilizedHelix"},{"floor":9.0,"key":"Calipers"},{"floor":25.0,"key":"Necronomicon"},{"floor":26.0,"key":"Mummified Hand"}],"event_choices":[{"damage_healed":0.0,"max_hp_gain":0.0,"max_hp_loss":0.0,"gold_gain":0.0,"event_name":"Scrap Ooze","player_choice":"Success","floor":2.0,"gold_loss":0.0,"damage_taken":18.0,"relics_obtained":["InkBottle"]},{"damage_healed":0.0,"max_hp_gain":5.0,"max_hp_loss":0.0,"gold_gain":0.0,"event_name":"Big Fish","player_choice":"Donut","floor":4.0,"gold_loss":0.0,"damage_taken":0.0},{"damage_healed":0.0,"max_hp_gain":0.0,"max_hp_loss":0.0,"gold_gain":0.0,"cards_transformed":["Strike_P"],"event_name":"Living Wall","player_choice":"Change","floor":5.0,"gold_loss":0.0,"damage_taken":0.0,"cards_obtained":["FlyingSleeves"]},{"cards_removed":["Strike_P"],"damage_healed":0.0,"max_hp_gain":0.0,"max_hp_loss":0.0,"gold_gain":0.0,"event_name":"The Cleric","player_choice":"Card Removal","floor":14.0,"gold_loss":75.0,"damage_taken":0.0},{"damage_healed":0.0,"max_hp_gain":0.0,"max_hp_loss":0.0,"gold_gain":0.0,"event_name":"The Mausoleum","player_choice":"Ignored","floor":20.0,"gold_loss":0.0,"damage_taken":0.0},{"damage_healed":0.0,"max_hp_gain":0.0,"max_hp_loss":0.0,"gold_gain":50.0,"event_name":"Nest","player_choice":"Stole From Cult","floor":21.0,"gold_loss":0.0,"damage_taken":0.0},{"damage_healed":0.0,"max_hp_gain":0.0,"max_hp_loss":0.0,"gold_gain":0.0,"event_name":"Cursed Tome","player_choice":"Obtained Book","floor":25.0,"gold_loss":0.0,"damage_taken":21.0},{"cards_removed":["Defend_P"],"damage_healed":0.0,"max_hp_gain":0.0,"max_hp_loss":0.0,"gold_gain":0.0,"event_name":"Beggar","player_choice":"Gave Gold","floor":27.0,"gold_loss":75.0,"damage_taken":0.0}],"is_beta":false,"boss_relics":[{"not_picked":["Ectoplasm","Tiny House"],"picked":"Snecko Eye"}],"items_purged_floors":[3],"is_endless":false,"potions_floor_spawned":[8,12,13,22],"killed_by":"Slavers","ascension_level":20}}