{"host":"rolltorest","time":1609895051,"event":{"mods":["BaseMod","Minty Spire (QoL Compilation)","Relic Stats","Robot Space Explorer","Slay the Relics Exporter","StSLib"],"gold_per_floor":[111,111,125,52,2,33,53,53,53,117,146,6,6,21,21,117,117,132,150,1,1,1,1],"floor_reached":22,"playtime":554,"items_purged":[],"score":400,"play_id":"4dc8cd87-706f-4840-a9ed-ae14b006a6bc","local_time":"20210105170411","is_ascension_mode":true,"campfire_choices":[{"data":"RobotSpaceExplorer:FrostMissile","floor":8,"key":"SMITH"},{"data":"RobotSpaceExplorer:ShockMissile","floor":15,"key":"SMITH"}],"circlet_count":0,"master_deck":["AscendersBane","RobotSpaceExplorer:Strike","RobotSpaceExplorer:Strike","RobotSpaceExplorer:Defend","RobotSpaceExplorer:Defend","RobotSpaceExplorer:Defend","RobotSpaceExplorer:Defend","RobotSpaceExplorer:Scan","RobotSpaceExplorer:MiniLasers","RobotSpaceExplorer:FrostMissile+1","RobotSpaceExplorer:Electropulse","RobotSpaceExplorer:Autoloader","RobotSpaceExplorer:FrostMissile","RobotSpaceExplorer:TurboDodge","RobotSpaceExplorer:ShockMissile+1","RobotSpaceExplorer:HighVoltage","RobotSpaceExplorer:ScrapMissile+1","Ghostly","Ghostly","Ghostly","Ghostly","Ghostly"],"relics":["RobotSpaceExplorer:RoboCore","NeowsBlessing","Blue Candle","Singing Bowl","StrikeDummy","Letter Opener","SlaversCollar","Membership Card"],"acts_visited":["Exordium","TheCity"],"potions_floor_usage":[16],"damage_taken":[{"damage":0,"enemies":"Jaw Worm","floor":1,"turns":1},{"damage":0,"enemies":"Cultist","floor":3,"turns":1},{"damage":0,"enemies":"3 Sentries","floor":6,"turns":1},{"damage":0,"enemies":"Small Slimes","floor":7,"turns":3},{"damage":29,"enemies":"Lagavulin Event","floor":10,"turns":6},{"damage":0,"enemies":"Lagavulin","floor":11,"turns":7},{"damage":14,"enemies":"Looter","floor":14,"turns":3},{"damage":28,"enemies":"Hexaghost","floor":16,"turns":14},{"damage":36,"enemies":"Spheric Guardian","floor":18,"turns":5},{"damage":17,"enemies":"Shell Parasite","floor":19,"turns":6},{"damage":21,"enemies":"Centurion and Healer","floor":22,"turns":3}],"seed_played":"-946393029399377018","potions_obtained":[{"floor":10,"key":"FairyPotion"},{"floor":11,"key":"RobotSpaceExplorer:RecyclePotion"},{"floor":18,"key":"FearPotion"}],"is_trial":false,"path_per_floor":["M","?","M","$","?","E","M","R","T","?","E","$","$","M","R","B",null,"M","M","$","?","M"],"character_chosen":"RobotSpaceExplorer","items_purchased":["RobotSpaceExplorer:Electropulse","RobotSpaceExplorer:ShockMissile","Membership Card"],"campfire_rested":0,"item_purchase_floors":[4,12,20],"current_hp_per_floor":[68,68,68,68,68,68,68,68,68,39,41,41,41,29,29,1,60,24,9,9,9,2,2],"gold":1,"neow_bonus":"THREE_ENEMY_KILL","is_daily":false,"chose_seed":false,"campfire_upgraded":2,"win_rate":0.0,"timestamp":1609895051,"path_taken":["M","?","M","?","?","E","M","R","T","?","E","?","$","M","R","BOSS","M","M","$","?","M"],"items_purchased_type":["Card","Card","Relic"],"build_version":"2020-12-18","purchased_purges":0,"victory":false,"max_hp_per_floor":[75,75,75,75,75,75,75,75,75,75,77,77,77,79,79,79,79,79,81,81,40,40,40],"relic_stats":{"Singing Bowl":6,"counters":[11,50],"Blue Candle":[0],"Letter Opener":[5],"obtain_stats":[{"SlaversCollar":17,"NeowsBlessing":0,"Singing Bowl":9,"Blue Candle":6,"RobotSpaceExplorer:RoboCore":0,"Letter Opener":11,"Membership Card":20,"StrikeDummy":10},{"SlaversCollar":8,"NeowsBlessing":0,"Singing Bowl":4,"Blue Candle":3,"RobotSpaceExplorer:RoboCore":0,"Letter Opener":6,"Membership Card":10,"StrikeDummy":5},{"SlaversCollar":36,"NeowsBlessing":0,"Singing Bowl":6,"Blue Candle":3,"RobotSpaceExplorer:RoboCore":0,"Letter Opener":19,"Membership Card":47,"StrikeDummy":12}]},"card_choices":[{"not_picked":["RobotSpaceExplorer:GlueShot","RobotSpaceExplorer:MiniBoosters","RobotSpaceExplorer:MiniDrones"],"picked":"SKIP","floor":1},{"not_picked":["RobotSpaceExplorer:Counterblock","RobotSpaceExplorer:SlimeMissile"],"picked":"RobotSpaceExplorer:FrostMissile","floor":3},{"not_picked":["RobotSpaceExplorer:Ammunition","RobotSpaceExplorer:StarLightning"],"picked":"RobotSpaceExplorer:Autoloader","floor":6},{"not_picked":["RobotSpaceExplorer:SwiftStep","RobotSpaceExplorer:Discharger"],"picked":"RobotSpaceExplorer:FrostMissile","floor":7},{"not_picked":["RobotSpaceExplorer:ToxicBomb","RobotSpaceExplorer:Probe"],"picked":"RobotSpaceExplorer:TurboDodge","floor":10},{"not_picked":["RobotSpaceExplorer:Ammunition","RobotSpaceExplorer:MetalStrike","RobotSpaceExplorer:FranticSearch"],"picked":"Singing Bowl","floor":11},{"not_picked":["RobotSpaceExplorer:Probe","RobotSpaceExplorer:Ammunition","RobotSpaceExplorer:ScrapShield"],"picked":"Singing Bowl","floor":14},{"not_picked":["RobotSpaceExplorer:Comet","RobotSpaceExplorer:ChargingLaser"],"picked":"RobotSpaceExplorer:HighVoltage","floor":16},{"not_picked":["RobotSpaceExplorer:Pulsar","RobotSpaceExplorer:Ammunition"],"picked":"RobotSpaceExplorer:ScrapMissile+1","floor":18},{"not_picked":["RobotSpaceExplorer:FrostMissile+1","RobotSpaceExplorer:SlimeMissile","RobotSpaceExplorer:SwiftStep"],"picked":"Singing Bowl","floor":19}],"player_experience":1758480,"relics_obtained":[{"floor":6,"key":"Blue Candle"},{"floor":9,"key":"Singing Bowl"},{"floor":10,"key":"StrikeDummy"},{"floor":11,"key":"Letter Opener"}],"event_choices":[{"cards_removed":["RobotSpaceExplorer:Strike"],"damage_healed":0,"gold_gain":0,"player_choice":"Offered Basic","damage_taken":0,"max_hp_gain":0,"max_hp_loss":0,"event_name":"Bonfire Elementals","floor":2,"gold_loss":0},{"cards_removed":["RobotSpaceExplorer:Strike"],"damage_healed":0,"gold_gain":0,"player_choice":"Card Removal","damage_taken":0,"max_hp_gain":0,"max_hp_loss":0,"event_name":"The Cleric","floor":5,"gold_loss":50},{"damage_healed":0,"gold_gain":0,"player_choice":"Searched \u00272\u0027 times","damage_taken":0,"max_hp_gain":0,"max_hp_loss":0,"event_name":"Dead Adventurer","floor":10,"gold_loss":0},{"damage_healed":0,"gold_gain":0,"player_choice":"Became a Ghost","damage_taken":0,"max_hp_gain":0,"max_hp_loss":41,"event_name":"Ghosts","floor":21,"gold_loss":0,"cards_obtained":["Ghostly","Ghostly","Ghostly","Ghostly","Ghostly"]}],"is_beta":true,"boss_relics":[{"not_picked":["Tiny House","Coffee Dripper"],"picked":"SlaversCollar"}],"items_purged_floors":[],"is_endless":false,"potions_floor_spawned":[10,11,18],"killed_by":"Centurion and Healer","ascension_level":11}}