{"host":"8ps3pfk2b2drr3ex","time":1609956346,"event":{"mods":["2.2 Compatiblity","AchievementEnabler","Act Like it!","BaseMod","Bestiary","Better Match","BetterRewards","Colored Map","Colored Powertips","Conspire","Downfall","Evolution","GifTheSpireLib","Gold Saver","Hallownest","Hubris","Minty Spire (QoL Compilation)","Permanent Neow","Relic Filter","Replay The Spire","Shop Mod","StSLib","Stuff the Spire","The Animator"],"gold_per_floor":[812,825,838,856,677,677,718,729,811,811,831,831,851,413,413,511,511,523,523,137,119,137,137,137],"floor_reached":23,"playtime":4114,"items_purged":["animator:ShinjiMatou"],"score":310,"play_id":"ad39644b-f052-4be2-aa1c-9e9f0758b96f","local_time":"20210106130546","is_ascension_mode":true,"campfire_choices":[{"data":"animator:Kaijin","floor":6,"key":"SMITH"},{"data":"animator:Layla","floor":10,"key":"SMITH"},{"data":"animator:Nanami","floor":12,"key":"SMITH"}],"circlet_count":0,"master_deck":["animator:Spearman","animator:Chung","animator:Vanir","animator:DolaSchwi","animator:KyokoSakura","animator:Shuna","animator:Shinoa","animator:ElricEdward","animator:ElricAlphonse","animator:Nanami+1","animator:ChaikaBohdan","animator:Archer","animator:Kaijin+1","animator:Layla+1","animator:WinryRockbell","animator:Fredrika+1","animator:Mikaela","animator:Kaijin","animator:Cirno","animator:Yuuichirou","animator:Rimuru","animator:Greed","animator:Curse_Nutcracker","CommonCold","hubris:Wrath","animator:Shimakaze","animator:YachiyoNanami","animator:Viivi","animator:Mitsuba"],"relics":["animator:LivingPicture","animator:TheMissingPiece","EVO:Axolotl","Centennial Puzzle","Mirror","PreservedInsect","Replay:Ancient Bell","Ancient Tea Set","Paper Crane","Counterbalance","DataDisk","Potion Belt"],"acts_visited":["TheCity"],"potions_floor_usage":[21,22],"damage_taken":[{"damage":0,"enemies":"Cultist","floor":1,"turns":3},{"damage":0,"enemies":"conspire:RoseBush","floor":2,"turns":2},{"damage":0,"enemies":"2 Louse","floor":3,"turns":2},{"damage":8,"enemies":"Exordium Wildlife","floor":4,"turns":3},{"damage":10,"enemies":"Gremlin Nob","floor":7,"turns":3},{"damage":3,"enemies":"Red Slaver","floor":8,"turns":3},{"damage":0,"enemies":"2 Fungi Beasts","floor":11,"turns":3},{"damage":11,"enemies":"3 Louse","floor":13,"turns":2},{"damage":4,"enemies":"Fading Forest","floor":16,"turns":11},{"damage":10,"enemies":"Chosen","floor":18,"turns":3},{"damage":28,"enemies":"2 Thieves","floor":21,"turns":4},{"damage":2,"enemies":"Snecko","floor":22,"turns":5},{"damage":19,"enemies":"Slavers","floor":23,"turns":1}],"seed_played":"-430272428700773942","potions_obtained":[{"floor":2,"key":"Slimebound:ThreeZeroPotion"},{"floor":3,"key":"SteroidPotion"},{"floor":7,"key":"BlessingOfTheForge"}],"is_trial":false,"path_per_floor":["M","M","M","M","$","R","E","M","T","R","M","R","M","$","R_BF","B",null,"M","?","$","M","M","E"],"character_chosen":"THE_ANIMATOR","items_purchased":["animator:Kaijin","animator:Layla","animator:Cirno","animator:Yuuichirou","PreservedInsect","animator:Rimuru","DataDisk","animator:YachiyoNanami","Potion Belt"],"campfire_rested":0,"item_purchase_floors":[5,5,14,14,14,14,20,20,20],"current_hp_per_floor":[66,66,66,58,58,58,48,45,45,45,45,45,34,34,53,50,67,57,45,45,17,15,0,0],"gold":137,"neow_bonus":"","is_daily":false,"chose_seed":false,"campfire_upgraded":3,"win_rate":0.0,"timestamp":1609956346,"path_taken":["M","?","M","?","$","R","E","M","T","R","M","R","M","$","R_BF","BOSS","M","?","$","M","M","E"],"items_purchased_type":["Card","Card","Card","Card","Relic","Card","Relic","Card","Relic"],"build_version":"2020-12-22","purchased_purges":1,"victory":false,"max_hp_per_floor":[66,66,66,66,66,66,66,66,66,66,66,66,66,66,66,67,67,67,67,67,67,67,67,67],"card_choices":[{"not_picked":["animator:KyokoSakura","animator:YuiTsuruno"],"picked":"animator:Nanami","floor":1},{"not_picked":["animator:Benimaru","animator:Konayuki"],"picked":"animator:ChaikaBohdan","floor":2},{"not_picked":["animator:Millim","animator:Scar"],"picked":"animator:Archer","floor":3},{"not_picked":["animator:Biyorigo","animator:Gillette"],"picked":"animator:WinryRockbell","floor":7},{"not_picked":["animator:Yoichi","animator:MamiTomoe"],"picked":"animator:Fredrika","floor":8},{"not_picked":["animator:Guy","animator:YuiTsuruno"],"picked":"animator:Mikaela","floor":11},{"not_picked":["animator:Hakurou","animator:Shuna"],"picked":"animator:Kaijin","floor":13},{"not_picked":["animator:Kyubey","animator:HomuraAkemi"],"picked":"animator:Greed","floor":16},{"not_picked":["Decay","ReplayTheSpireMod:Splinters"],"picked":"animator:Curse_Nutcracker","floor":17},{"not_picked":["hubris:Gluttony","Looming Evil"],"picked":"CommonCold","floor":17},{"not_picked":["Parasite","animator:Curse_GriefSeed"],"picked":"hubris:Wrath","floor":17},{"not_picked":["animator:Scar","animator:OrikoMikuni","animator:KyokoSakura"],"picked":"SKIP","floor":18},{"not_picked":["animator:Vesta+1","animator:Guy+1"],"picked":"animator:Viivi","floor":21},{"not_picked":["animator:Gillette","animator:Sloth"],"picked":"animator:Mitsuba","floor":22}],"player_experience":1054899,"relics_obtained":[{"floor":7,"key":"Centennial Puzzle"},{"floor":9,"key":"Mirror"}],"event_choices":[{"damage_healed":0,"gold_gain":0,"player_choice":"CARD ","damage_taken":12,"max_hp_gain":0,"max_hp_loss":0,"event_name":"Knowing Skull","floor":19,"potions_obtained":[],"gold_loss":0,"cards_obtained":["animator:Shimakaze"]}],"is_beta":false,"boss_relics":[{"not_picked":["animator:RacePiece","Velvet Choker"],"picked":"Replay:Ancient Bell"},{"not_picked":["Bag of Marbles","StuffTheSpire:Barrel"],"picked":"Ancient Tea Set"},{"not_picked":["conspire:Flyswatter","StuffTheSpire:RubySignet"],"picked":"Paper Crane"},{"not_picked":["Ginger","FossilizedHelix"],"picked":"Counterbalance"}],"items_purged_floors":[5],"is_endless":false,"potions_floor_spawned":[2,3,7,13,18],"killed_by":"Slavers","ascension_level":1}}