{"host":"szp1d6dso4pv7ddl","time":1609895492,"event":{"mods":["AchievementEnabler","Alarm Clock","BaseMod","Bestiary","Block Reminder","Colored Map","Colored Powertips","Curses Come First","Displayed Cursed Tome","Highlight Path","Minty Spire (QoL Compilation)","Permanent Neow","Quick Restart","Relic Sorter","Relic Stats","StSLib","Synergy Search"],"gold_per_floor":[15,15,15,190,209,209,230,230,256,256,275,314,314,337,337,337,337],"floor_reached":16,"playtime":523,"items_purged":[],"score":170,"play_id":"14b73e9c-57bd-4fcc-8b7a-d63e4384e556","local_time":"20210105171132","is_ascension_mode":true,"campfire_choices":[{"data":"Bash","floor":6.0,"key":"SMITH"},{"data":"Shrug It Off","floor":8.0,"key":"SMITH"},{"data":"Shrug It Off","floor":10.0,"key":"SMITH"},{"data":"Heavy Blade","floor":15,"key":"SMITH"}],"circlet_count":0,"master_deck":["AscendersBane","Strike_R","Strike_R","Strike_R","Defend_R","Defend_R","Defend_R","Bash+1","Immolate","Heavy Blade+1","Shrug It Off+1","Doubt","Shrug It Off+1","Twin Strike","Cleave","Heavy Blade","Thunderclap"],"relics":["Burning Blood","Golden Idol","Nunchaku","Bottled Lightning"],"acts_visited":["Exordium"],"potions_floor_usage":[],"damage_taken":[{"damage":6.0,"enemies":"Cultist","floor":1.0,"turns":3.0},{"damage":1.0,"enemies":"2 Louse","floor":5.0,"turns":3.0},{"damage":7.0,"enemies":"Small Slimes","floor":7.0,"turns":4.0},{"damage":12.0,"enemies":"Looter","floor":11.0,"turns":3.0},{"damage":30.0,"enemies":"3 Sentries","floor":12.0,"turns":5.0},{"damage":0,"enemies":"Exordium Thugs","floor":14,"turns":3},{"damage":88,"enemies":"Hexaghost","floor":16,"turns":11}],"seed_played":"2106422599369328135","potions_obtained":[{"floor":1.0,"key":"BloodPotion"},{"floor":7.0,"key":"Swift Potion"}],"is_trial":false,"path_per_floor":["M","?","?","?","M","R","M","R","T","R","M","E","?","M","R","B"],"character_chosen":"IRONCLAD","items_purchased":[],"campfire_rested":0,"item_purchase_floors":[],"current_hp_per_floor":[68,68,50,50,55,55,54,54,54,54,48,39,85,85,85,0,0],"gold":337,"neow_bonus":"TRANSFORM_TWO_CARDS","is_daily":false,"chose_seed":false,"campfire_upgraded":4,"win_rate":0.0,"timestamp":1609895492,"path_taken":["M","?","?","?","M","R","M","R","T","R","M","E","?","M","R","BOSS"],"items_purchased_type":[],"build_version":"2020-12-22","purchased_purges":0,"victory":false,"max_hp_per_floor":[75,75,75,75,75,75,75,75,75,75,75,75,85,85,85,85,85],"relic_stats":{"Nunchaku":[3],"counters":[7,32],"Golden Idol":33,"obtain_stats":[{"Nunchaku":9,"Golden Idol":3,"Bottled Lightning":12,"Burning Blood":0},{"Nunchaku":3,"Golden Idol":1,"Bottled Lightning":5,"Burning Blood":0},{"Nunchaku":10,"Golden Idol":3,"Bottled Lightning":18,"Burning Blood":0}],"Burning Blood":30},"card_choices":[{"not_picked":["Warcry","Evolve"],"picked":"Shrug It Off","floor":1.0},{"not_picked":["Armaments","True Grit"],"picked":"Shrug It Off","floor":5.0},{"not_picked":["Bloodletting","Pommel Strike"],"picked":"Twin Strike","floor":7.0},{"not_picked":["Bloodletting","Bludgeon"],"picked":"Cleave","floor":11.0},{"not_picked":["Shrug It Off","Dark Embrace"],"picked":"Heavy Blade","floor":12},{"not_picked":["Cleave","Havoc"],"picked":"Thunderclap","floor":14}],"player_experience":1129676,"relics_obtained":[{"floor":9.0,"key":"Nunchaku"},{"floor":12,"key":"Bottled Lightning"}],"event_choices":[{"damage_healed":0.0,"max_hp_gain":0.0,"max_hp_loss":0.0,"gold_gain":0.0,"cards_transformed":["Strike_R"],"event_name":"Living Wall","player_choice":"Change","floor":2.0,"gold_loss":0.0,"damage_taken":0.0,"cards_obtained":["Brutality"]},{"damage_healed":0.0,"max_hp_gain":0.0,"max_hp_loss":0.0,"gold_gain":0.0,"event_name":"Golden Idol","player_choice":"Take Damage","floor":3.0,"gold_loss":0.0,"damage_taken":18.0,"relics_obtained":["Golden Idol"]},{"damage_healed":0.0,"max_hp_gain":0.0,"max_hp_loss":0.0,"gold_gain":175.0,"event_name":"Liars Game","player_choice":"AGREE","floor":4.0,"gold_loss":0.0,"damage_taken":0.0,"cards_obtained":["Doubt"]},{"cards_removed":["Brutality"],"damage_healed":36,"gold_gain":0,"player_choice":"Offered Rare","damage_taken":0,"max_hp_gain":10,"max_hp_loss":0,"event_name":"Bonfire Elementals","floor":13,"gold_loss":0}],"is_beta":false,"boss_relics":[],"items_purged_floors":[],"is_endless":false,"potions_floor_spawned":[1,7,11],"killed_by":"Hexaghost","ascension_level":14}}