{"host":"sav7uxregyirlf69","time":1609940760,"event":{"mods":["AchievementEnabler","BaseMod","Colored Map","DeckTracker","Keyboard Shortcuts","Minty Spire (QoL Compilation)","READ ME - Guardian Mod","StSLib","SuperFastMode"],"gold_per_floor":[114,131,131,145,156,156,187,205,228,228,228,228,246,260,260,339,339,349,67,67,67,85,119,119,137,188,88,113,113,113,30,30,107,107,122,122,134,145,214,214,228,228,251,268,295,295,315,348,348,348,348,348],"floor_reached":51,"playtime":1339,"items_purged":["Strike_B","Strike_B"],"score":1394,"play_id":"645181ea-99ff-430d-b82f-47e5649c0b02","local_time":"20210106224600","is_ascension_mode":true,"campfire_choices":[{"data":"Zap","floor":6,"key":"SMITH"},{"data":"Defragment","floor":10,"key":"SMITH"},{"data":"Dualcast","floor":12,"key":"SMITH"},{"data":"Rip and Tear","floor":15,"key":"SMITH"},{"floor":24,"key":"REST"},{"floor":30,"key":"REST"},{"data":"Consume","floor":32,"key":"SMITH"},{"data":"Turbo","floor":40,"key":"SMITH"},{"data":"Coolheaded","floor":42,"key":"SMITH"},{"floor":46,"key":"REST"},{"floor":49,"key":"RECALL"}],"circlet_count":0,"master_deck":["AscendersBane","Zap+1","Dualcast+1","Reboot","Melter","Rip and Tear+1","Ball Lightning","BootSequence","Defragment+1","Chill","Cold Snap","Biased Cognition","Compile Driver","Undo","Consume+1","Go for the Eyes+1","Defragment","Self Repair","Go for the Eyes","Barrage","Machine Learning","Turbo+1","Coolheaded+1","Recycle+1","Conserve Battery+1","Defragment+1"],"relics":["Cracked Core","Bag of Preparation","Inserter","Anchor","Tiny Chest","Boot","Potion Belt","Pandora\u0027s Box","Question Card","The Courier","Lantern","Bronze Scales","Bag of Marbles"],"acts_visited":["Exordium","TheCity","TheBeyond"],"potions_floor_usage":[7,16,28,33,33,33,44,45,45],"damage_taken":[{"damage":0,"enemies":"2 Louse","floor":1,"turns":1},{"damage":0,"enemies":"Cultist","floor":2,"turns":2},{"damage":2,"enemies":"Jaw Worm","floor":4,"turns":2},{"damage":6,"enemies":"Exordium Wildlife","floor":5,"turns":4},{"damage":25,"enemies":"Lagavulin","floor":7,"turns":4},{"damage":0,"enemies":"2 Fungi Beasts","floor":8,"turns":2},{"damage":1,"enemies":"Exordium Thugs","floor":13,"turns":3},{"damage":0,"enemies":"Red Slaver","floor":14,"turns":2},{"damage":2,"enemies":"Slime Boss","floor":16,"turns":6},{"damage":0,"enemies":"Chosen","floor":18,"turns":3},{"damage":0,"enemies":"Spheric Guardian","floor":22,"turns":3},{"damage":42,"enemies":"Gremlin Leader","floor":23,"turns":8},{"damage":0,"enemies":"Chosen and Byrds","floor":25,"turns":5},{"damage":14,"enemies":"Book of Stabbing","floor":28,"turns":6},{"damage":4,"enemies":"Automaton","floor":33,"turns":11},{"damage":1,"enemies":"3 Darklings","floor":35,"turns":6},{"damage":3,"enemies":"Orb Walker","floor":37,"turns":3},{"damage":12,"enemies":"3 Darklings","floor":38,"turns":5},{"damage":15,"enemies":"Writhing Mass","floor":41,"turns":6},{"damage":3,"enemies":"Transient","floor":44,"turns":6},{"damage":41,"enemies":"Reptomancer","floor":45,"turns":6},{"damage":17,"enemies":"Maw","floor":47,"turns":7},{"damage":27,"enemies":"Giant Head","floor":48,"turns":11},{"damage":12,"enemies":"Awakened One","floor":50,"turns":17},{"damage":34,"enemies":"Donu and Deca","floor":51,"turns":2}],"seed_played":"-1894288080012699321","potions_obtained":[{"floor":1,"key":"ColorlessPotion"},{"floor":4,"key":"SkillPotion"},{"floor":16,"key":"Dexterity Potion"},{"floor":22,"key":"Strength Potion"},{"floor":28,"key":"Explosive Potion"},{"floor":29,"key":"Energy Potion"},{"floor":29,"key":"Swift Potion"},{"floor":33,"key":"DuplicationPotion"},{"floor":37,"key":"FairyPotion"},{"floor":41,"key":"SkillPotion"},{"floor":47,"key":"EssenceOfDarkness"}],"is_trial":false,"path_per_floor":["M","M","?","M","M","R","E","M","T","R","?","R","M","M","R","B",null,"M","$","?","?","M","E","R","M","T","$","E","?","R","$","R","B",null,"M","T","M","M","T","R","M","R","T","M","E","R","M","E","R","B","B"],"character_chosen":"DEFECT","items_purchased":["Undo","Anchor","Self Repair"],"campfire_rested":3,"item_purchase_floors":[19,19,31],"current_hp_per_floor":[64,64,64,62,56,56,31,31,31,31,31,31,30,30,30,28,55,55,55,55,55,55,13,32,32,32,32,18,18,37,37,37,40,58,64,64,64,59,59,59,51,51,51,55,21,40,30,10,10,26,0,0],"gold":348,"neow_bonus":"TRANSFORM_TWO_CARDS","is_daily":false,"chose_seed":false,"campfire_upgraded":7,"win_rate":0.0,"timestamp":1609940760,"path_taken":["M","M","?","M","M","R","E","?","T","R","?","R","M","M","R","BOSS","M","$","?","?","?","E","R","M","T","$","E","?","R","$","R","BOSS","M","?","M","?","?","R","M","R","T","M","E","R","M","E","R","BOSS","BOSS"],"items_purchased_type":["Card","Relic","Card"],"build_version":"2020-12-22","purchased_purges":2,"victory":false,"max_hp_per_floor":[64,64,64,64,64,64,64,64,64,64,64,64,64,64,64,64,64,64,64,64,64,64,64,64,64,64,64,64,64,64,64,64,64,64,64,64,64,64,64,64,64,64,64,64,64,64,64,64,64,64,64,64],"card_choices":[{"not_picked":["Barrage","Force Field"],"picked":"Rip and Tear","floor":1},{"not_picked":["Static Discharge","Stack"],"picked":"Ball Lightning","floor":2},{"not_picked":["Steam","Go for the Eyes"],"picked":"BootSequence","floor":4},{"not_picked":["Consume","Tempest","Turbo"],"picked":"SKIP","floor":5},{"not_picked":["Hologram","Sweeping Beam"],"picked":"Defragment","floor":7},{"not_picked":["Melter","Buffer"],"picked":"Chill","floor":8},{"not_picked":["Sweeping Beam","Chill","Tempest"],"picked":"SKIP","floor":13},{"not_picked":["Streamline","Storm"],"picked":"Cold Snap","floor":14},{"not_picked":["Hyperbeam","Creative AI"],"picked":"Biased Cognition","floor":16},{"not_picked":["Cold Snap","Gash"],"picked":"Compile Driver","floor":18},{"not_picked":["Melter","Beam Cell"],"picked":"Go for the Eyes+1","floor":22},{"not_picked":["Sweeping Beam","Skim","Steam"],"picked":"SKIP","floor":23},{"not_picked":["Leap","Scrape","Rebound"],"picked":"SKIP","floor":25},{"not_picked":["Gash","Steam"],"picked":"Defragment","floor":28},{"not_picked":["Compile Driver","Beam Cell+1","Stack"],"picked":"SKIP","floor":35},{"not_picked":["Compile Driver","Beam Cell+1","Stack"],"picked":"SKIP","floor":35},{"not_picked":["Capacitor","Cold Snap+1","Sweeping Beam+1","Go for the Eyes+1"],"picked":"SKIP","floor":37},{"not_picked":["Capacitor","Melter+1","Sunder","Steam"],"picked":"SKIP","floor":38},{"not_picked":["Biased Cognition","Stack","Beam Cell"],"picked":"Coolheaded","floor":41},{"not_picked":["Auto Shields","Steam","Go for the Eyes"],"picked":"Recycle+1","floor":44},{"not_picked":["Defragment","Cold Snap","BootSequence","Doom and Gloom+1"],"picked":"SKIP","floor":45},{"not_picked":["Ball Lightning","Leap+1","Redo"],"picked":"Conserve Battery+1","floor":47},{"not_picked":["Reprogram","BootSequence+1","Reboot"],"picked":"Defragment+1","floor":48}],"player_experience":1160041,"relics_obtained":[{"floor":7,"key":"Bag of Preparation"},{"floor":23,"key":"Tiny Chest"},{"floor":26,"key":"Boot"},{"floor":28,"key":"Potion Belt"},{"floor":36,"key":"Question Card"},{"floor":39,"key":"The Courier"},{"floor":43,"key":"Lantern"},{"floor":45,"key":"Bronze Scales"},{"floor":48,"key":"Bag of Marbles"}],"event_choices":[{"damage_healed":0,"gold_gain":0,"player_choice":"0 cards matched","damage_taken":0,"max_hp_gain":0,"max_hp_loss":0,"event_name":"Match and Keep!","floor":3,"gold_loss":0,"cards_obtained":[]},{"damage_healed":0,"gold_gain":0,"player_choice":"Ignored","damage_taken":0,"max_hp_gain":0,"max_hp_loss":0,"event_name":"Liars Game","floor":11,"gold_loss":0},{"damage_healed":0,"gold_gain":0,"player_choice":"Read","damage_taken":0,"max_hp_gain":0,"max_hp_loss":0,"event_name":"The Library","floor":20,"gold_loss":0,"cards_obtained":["Consume"]},{"damage_healed":0,"gold_gain":0,"player_choice":"Ignored","damage_taken":0,"max_hp_gain":0,"max_hp_loss":0,"event_name":"Cursed Tome","floor":21,"gold_loss":0},{"damage_healed":0,"gold_gain":0,"player_choice":"Got Potions","damage_taken":0,"max_hp_gain":0,"max_hp_loss":0,"event_name":"Lab","floor":29,"gold_loss":0}],"is_beta":false,"boss_relics":[{"not_picked":["Calling Bell","Coffee Dripper"],"picked":"Inserter"},{"not_picked":["Velvet Choker","Tiny House"],"picked":"Pandora\u0027s Box"}],"items_purged_floors":[19,27],"is_endless":false,"potions_floor_spawned":[1,4,5,16,22,28,33,37,41,47],"killed_by":"Donu and Deca","ascension_level":20}}