{"host":"szp1d6dso4pv7ddl","time":1609909644,"event":{"mods":["AchievementEnabler","Alarm Clock","BaseMod","Bestiary","Block Reminder","Colored Map","Colored Powertips","Curses Come First","Displayed Cursed Tome","Highlight Path","Minty Spire (QoL Compilation)","Permanent Neow","Quick Restart","Relic Sorter","Relic Stats","StSLib","Synergy Search"],"gold_per_floor":[109,34,34,34,94,121,189,209,209,6,23,53,73,123,123,205,205,174,29,79,150,200,200,305,383,392,392,222,272,307,327,327,415,415,425,65,0,50,73,73,144,144,144,144,194,262,312,312,312],"floor_reached":48,"playtime":2256,"items_purged":["Defend_R","Strike_R","Regret","Bash"],"score":893,"play_id":"b6c6321f-74e0-4e1e-ad89-a71871867396","local_time":"20210105210724","is_ascension_mode":true,"campfire_choices":[{"data":"Uppercut","floor":15.0,"key":"SMITH"},{"floor":23.0,"key":"REST"},{"data":"Corruption","floor":27.0,"key":"SMITH"},{"floor":32,"key":"REST"},{"floor":40,"key":"REST"},{"floor":42,"key":"REST"},{"floor":44,"key":"REST"}],"circlet_count":0,"master_deck":["AscendersBane","Strike_R+1","Strike_R+1","Strike_R+1","Defend_R+1","Defend_R+1","Defend_R+1","Wild Strike","Shrug It Off","Corruption+1","Havoc","Seeing Red+1","Shrug It Off+1","Clash","Ghostly Armor+1","Uppercut+1","Demon Form","Shrug It Off+1","Shockwave+1","True Grit+1","Shrug It Off+1","Intimidate+1","Limit Break+1","Flex+1","Battle Trance+1","Heavy Blade","Pommel Strike","Madness+1","Madness+1"],"relics":["Burning Blood","NeowsBlessing","SsserpentHead","White Beast Statue","Toxic Egg 2","Strange Spoon","Pantograph","CeramicFish","Cursed Key","Tiny Chest","Frozen Egg 2","Oddly Smooth Stone","Empty Cage","Bronze Scales","Red Mask"],"acts_visited":["Exordium","TheCity","TheBeyond"],"potions_floor_usage":[33],"damage_taken":[{"damage":0.0,"enemies":"Small Slimes","floor":1.0,"turns":1.0},{"damage":0.0,"enemies":"Jaw Worm","floor":5.0,"turns":1.0},{"damage":0.0,"enemies":"3 Sentries","floor":6.0,"turns":1.0},{"damage":6.0,"enemies":"Cultist","floor":7.0,"turns":3.0},{"damage":30.0,"enemies":"Lots of Slimes","floor":8.0,"turns":5.0},{"damage":10.0,"enemies":"Exordium Thugs","floor":11.0,"turns":5.0},{"damage":30.0,"enemies":"Lagavulin","floor":12.0,"turns":7.0},{"damage":0.0,"enemies":"2 Fungi Beasts","floor":13.0,"turns":4.0},{"damage":15.0,"enemies":"Slime Boss","floor":16.0,"turns":9.0},{"damage":39.0,"enemies":"2 Thieves","floor":18.0,"turns":5.0},{"damage":13.0,"enemies":"Chosen","floor":21.0,"turns":5.0},{"damage":16.0,"enemies":"Snake Plant","floor":25.0,"turns":4.0},{"damage":24,"enemies":"Slavers","floor":30,"turns":10},{"damage":9,"enemies":"3 Cultists","floor":31,"turns":6},{"damage":56,"enemies":"Automaton","floor":33,"turns":11},{"damage":20,"enemies":"Orb Walker","floor":35,"turns":6},{"damage":18,"enemies":"3 Darklings","floor":39,"turns":7},{"damage":63,"enemies":"Spire Growth","floor":41,"turns":7},{"damage":60,"enemies":"Nemesis","floor":48,"turns":7}],"seed_played":"-1658385094649951276","potions_obtained":[{"floor":7.0,"key":"Strength Potion"},{"floor":8.0,"key":"BloodPotion"},{"floor":11.0,"key":"PowerPotion"},{"floor":12.0,"key":"BloodPotion"},{"floor":16.0,"key":"Block Potion"},{"floor":25.0,"key":"FairyPotion"},{"floor":33,"key":"Strength Potion"},{"floor":41,"key":"Weak Potion"}],"is_trial":false,"path_per_floor":["M","$","?","?","M","E","M","M","T","$","M","E","M","?","R","B",null,"M","$","?","M","?","R","T","M","T","R","$","?","E","M","R","B",null,"M","$","?","T","M","R","M","R","T","R","?","?","T","E"],"character_chosen":"IRONCLAD","items_purchased":["Seeing Red+1","Shrug It Off+1","Strange Spoon","Shrug It Off+1","Shrug It Off+1","Flex+1","Battle Trance+1","Bronze Scales"],"campfire_rested":5,"item_purchase_floors":[10,10,10,19,28,36,36,36],"current_hp_per_floor":[74,74,59,59,65,71,71,47,47,47,58,34,40,40,40,56,70,37,37,37,30,30,52,52,57,57,57,57,57,39,36,58,25,60,46,46,46,46,34,55,27,48,48,69,69,60,60,0,0],"gold":312,"neow_bonus":"THREE_ENEMY_KILL","is_daily":false,"chose_seed":false,"campfire_upgraded":2,"win_rate":0.0,"timestamp":1609909644,"path_taken":["M","$","?","?","?","E","?","M","T","?","M","E","M","?","R","BOSS","M","$","?","?","?","R","?","?","T","R","$","?","E","M","R","BOSS","M","$","?","?","M","R","?","R","T","R","?","?","?","E"],"items_purchased_type":["Card","Card","Relic","Card","Card","Card","Card","Relic"],"build_version":"2020-12-22","purchased_purges":4,"victory":false,"max_hp_per_floor":[75,75,75,75,75,75,75,75,75,75,75,75,75,75,75,75,75,75,75,75,75,75,75,75,75,75,75,75,75,75,75,75,75,72,72,72,72,72,72,72,72,72,72,72,72,72,72,72,72],"relic_stats":{"SsserpentHead":800,"Strange Spoon":[87],"counters":[19,104],"Pantograph":42,"CeramicFish":135,"Bronze Scales":[59],"Tiny Chest":2,"Cursed Key":2,"obtain_stats":[{"NeowsBlessing":0,"CeramicFish":14,"Oddly Smooth Stone":30,"Frozen Egg 2":26,"Cursed Key":17,"Empty Cage":34,"Burning Blood":0,"White Beast Statue":6,"SsserpentHead":4,"Strange Spoon":10,"Pantograph":12,"Bronze Scales":36,"Tiny Chest":24,"Red Mask":37,"Toxic Egg 2":9},{"NeowsBlessing":0,"CeramicFish":8,"Oddly Smooth Stone":13,"Frozen Egg 2":12,"Cursed Key":9,"Empty Cage":15,"Burning Blood":0,"White Beast Statue":3,"SsserpentHead":1,"Strange Spoon":5,"Pantograph":7,"Bronze Scales":16,"Tiny Chest":11,"Red Mask":16,"Toxic Egg 2":5},{"NeowsBlessing":0,"CeramicFish":27,"Oddly Smooth Stone":60,"Frozen Egg 2":50,"Cursed Key":36,"Empty Cage":77,"Burning Blood":0,"White Beast Statue":3,"SsserpentHead":1,"Strange Spoon":11,"Pantograph":23,"Bronze Scales":83,"Tiny Chest":46,"Red Mask":83,"Toxic Egg 2":11}],"Burning Blood":108},"card_choices":[{"not_picked":["Clash","Combust"],"picked":"Wild Strike","floor":1.0},{"not_picked":["Combust","Headbutt"],"picked":"Shrug It Off","floor":5.0},{"not_picked":["Clash","Warcry"],"picked":"Corruption","floor":6.0},{"not_picked":["Wild Strike","Headbutt"],"picked":"Havoc","floor":7.0},{"not_picked":["Pummel","Fire Breathing","Second Wind"],"picked":"SKIP","floor":8.0},{"not_picked":["Rupture","Clothesline"],"picked":"Clash","floor":11.0},{"not_picked":["Iron Wave","Cleave"],"picked":"Ghostly Armor+1","floor":12.0},{"not_picked":["Heavy Blade","Spot Weakness+1"],"picked":"Uppercut","floor":13.0},{"not_picked":["Juggernaut","Corruption"],"picked":"Demon Form","floor":16.0},{"not_picked":["Bloodletting+1","Warcry+1","Heavy Blade"],"picked":"SKIP","floor":18.0},{"not_picked":["Iron Wave","Body Slam"],"picked":"Shockwave+1","floor":21.0},{"not_picked":["Thunderclap","Cleave"],"picked":"True Grit+1","floor":25.0},{"not_picked":["Anger","Twin Strike"],"picked":"Intimidate+1","floor":30},{"not_picked":["Body Slam","Thunderclap","Iron Wave"],"picked":"SKIP","floor":31},{"not_picked":["Exhume+1","Impervious+1"],"picked":"Limit Break+1","floor":33},{"not_picked":["Iron Wave","Searing Blow","Cleave"],"picked":"SKIP","floor":35},{"not_picked":["Pommel Strike","Clothesline"],"picked":"Heavy Blade","floor":39},{"not_picked":["Flex+1","Perfected Strike"],"picked":"Pommel Strike","floor":41}],"player_experience":1130847,"relics_obtained":[{"floor":6.0,"key":"White Beast Statue"},{"floor":9.0,"key":"Toxic Egg 2"},{"floor":12.0,"key":"Pantograph"},{"floor":24.0,"key":"Tiny Chest"},{"floor":26.0,"key":"Frozen Egg 2"},{"floor":30,"key":"Oddly Smooth Stone"}],"event_choices":[{"damage_healed":0.0,"max_hp_gain":0.0,"max_hp_loss":0.0,"gold_gain":0.0,"event_name":"Shining Light","player_choice":"Entered Light","floor":3.0,"gold_loss":0.0,"damage_taken":15.0,"cards_upgraded":["Strike_R","Strike_R"]},{"damage_healed":0.0,"max_hp_gain":0.0,"max_hp_loss":0.0,"gold_gain":0.0,"event_name":"FaceTrader","player_choice":"Trade","floor":4.0,"gold_loss":0.0,"damage_taken":0.0,"relics_obtained":["SsserpentHead"]},{"damage_healed":0.0,"max_hp_gain":0.0,"max_hp_loss":0.0,"gold_gain":0.0,"event_name":"Dead Adventurer","player_choice":"Searched \u00271\u0027 times","floor":14.0,"gold_loss":0.0,"damage_taken":0.0,"relics_obtained":["CeramicFish"]},{"damage_healed":0.0,"max_hp_gain":0.0,"max_hp_loss":0.0,"gold_gain":0.0,"event_name":"The Woman in Blue","player_choice":"Bought 0 Potions","floor":20.0,"gold_loss":0.0,"damage_taken":0.0},{"damage_healed":0.0,"max_hp_gain":0.0,"max_hp_loss":0.0,"gold_gain":0.0,"event_name":"Back to Basics","player_choice":"Simplicity","floor":22.0,"gold_loss":0.0,"damage_taken":0.0,"cards_upgraded":["Strike_R","Strike_R","Defend_R","Defend_R","Defend_R"]},{"damage_healed":0.0,"max_hp_gain":0.0,"max_hp_loss":0.0,"gold_gain":0.0,"event_name":"Ghosts","player_choice":"Ignored","floor":29.0,"gold_loss":0.0,"damage_taken":0.0},{"damage_healed":0,"gold_gain":0,"player_choice":"Paid","damage_taken":0,"relics_obtained":["Red Mask"],"max_hp_gain":0,"max_hp_loss":0,"event_name":"Tomb of Lord Red Mask","floor":37,"gold_loss":115},{"damage_healed":0,"gold_gain":0,"player_choice":"Ignored","damage_taken":0,"max_hp_gain":0,"max_hp_loss":0,"event_name":"Mysterious Sphere","floor":45,"gold_loss":0},{"damage_healed":0,"gold_gain":0,"player_choice":"Embrace Madness","damage_taken":9,"max_hp_gain":0,"max_hp_loss":0,"event_name":"Winding Halls","floor":46,"gold_loss":0,"cards_obtained":["Madness","Madness"]}],"is_beta":false,"boss_relics":[{"not_picked":["Mark of Pain","Runic Dome"],"picked":"Cursed Key"},{"not_picked":["Philosopher\u0027s Stone","Runic Pyramid"],"picked":"Empty Cage"}],"items_purged_floors":[2,19,28,36],"is_endless":false,"potions_floor_spawned":[7,8,11,12,13,16,18,21,25,30,31,33,35,39,41],"killed_by":"Nemesis","ascension_level":14}}