{"host":"8iou4n92kpqlvozr","time":1609967416,"event":{"mods":["Act Like it!","BaseMod","BetterRewards","Conspire","Dota2Spire","Downfall","Googly Eyes","Halation","Hermit","Hubris","Infinite Spire","Minty Spire (QoL Compilation)","Quick Restart","Replay The Spire","StSLib","Uncapped"],"gold_per_floor":[114,142,142,142,142,155,165,165,165,193,193,42,61,96,96,201,201,214,214,228,241,70,70,70,83,108,136,154,154,154,167,167,272,272,307,338,379,379,379,379,379,433,433,433,40,57,97,123,123,234,234,263,291,343,343,372,409,440,440,440,452,464,512,563,575,587,645,757,910,1022,1096,1108,1204,1216,1294,1410,1532,1682,1778,1925,2083,2107,2286,2468,2492,3078,3102,3330,3354,3378,3402,3426,3682,3554,3794,3794,3794,3794,3794,4007,4262,4262,4615,4615,4921,4921,4921,5255,5606,5991,5991,6394,6394,7155,7230,7713,7713,8215,8215,8830,8830,8830],"floor_reached":121,"playtime":6639,"items_purged":["Delirium","Strike_P"],"score":3509,"play_id":"3bcfbea6-3fad-49da-bf9f-31e521531e2c","local_time":"20210106151016","is_ascension_mode":true,"campfire_choices":[{"data":"Tantrum","floor":8.0,"key":"SMITH"},{"data":"Eruption","floor":11.0,"key":"SMITH"},{"data":"Replay:AtTheReady","floor":15.0,"key":"SMITH"},{"data":"Crescendo","floor":23.0,"key":"SMITH"},{"data":"infinitespire:TheBestDefense","floor":30.0,"key":"SMITH"},{"data":"ConjureBlade","floor":40.0,"key":"SMITH"},{"data":"Vault","floor":44.0,"key":"SMITH"},{"data":"JustLucky","floor":59.0,"key":"SMITH"},{"data":"Dark Shackles","floor":61.0,"key":"SMITH"},{"data":"Replay:BluntJabs","floor":85.0,"key":"SMITH"},{"data":"Wish","floor":98.0,"key":"SMITH"},{"floor":102.0,"key":"RECALL"},{"data":"infinitespire:UltimateForm","floor":111,"key":"SMITH"},{"data":"Blasphemy","floor":117,"key":"SMITH"},{"floor":119,"key":"REST"}],"circlet_count":0,"master_deck":["Strike_P","Strike_P","Defend_P","Defend_P","Defend_P","Defend_P","Eruption+1","Vigilance","ClearTheMind+1","Tantrum+1","EmptyFist+1","Crescendo+1","Replay:AtTheReady+1","Scrawl+1","Vault+1","FearNoEvil+1","Dark Shackles+1","Replay:Cycle+1","Replay:BluntJabs+1","infinitespire:TheBestDefense+1","CutThroughFate","ConjureBlade+1","FollowUp+1","JustLucky+1","Wish+1","CutThroughFate","infinitespire:FutureSight+1","Blasphemy+1","infinitespire:UltimateForm+1","infinitespire:Punishment+1","JustLucky+1"],"relics":["HolyWater","NeowsBlessing","Vajra","Ring of Peace","Ring of Fury","Dota2Spire:MonkeyKingBar","Yang","conspire:TreasureMap","ReplayTheSpireMod:Lightbulb","Replay:Bronze Core","Replay:Baseball","halation:KoshaPiece","Sozu","Busted Crown","infinitespire:EvilPickle","Happy Flower","Dota2Spire:BattleFury","halation:Jellyphish","Nunchaku","infinitespire:Beetle Shell","halation:PromiseList","MawBank","hubris:Towel","Replay:Wanted Poster","WingedGreaves","MawBank","PreservedInsect","halation:VictoryRuler","Molten Egg 2","infinitespire:CheckeredPen","conspire:RunicOctahedron","halation:PurpleSoulGem","infinitespire:EmpoweringShard","Dota2Spire:DrumOfEndurance","hubris:MysteriousPyramids","hubris:Zylophone","infinitespire:Cupcake","GremlinMask","Dota2Spire:PhaseBoots","infinitespire:Lucky Rock","infinitespire:WardingShard","Anchor","halation:LoveArrow"],"acts_visited":["Exordium","TheCity","TheBeyond","TheCity","TheBeyond","TheCity"],"potions_floor_usage":[],"damage_taken":[{"damage":0.0,"enemies":"2 Louse","floor":1.0,"turns":1.0},{"damage":0.0,"enemies":"conspire:MimicChest","floor":2.0,"turns":1.0},{"damage":0.0,"enemies":"Small Slimes","floor":6.0,"turns":1.0},{"damage":0.0,"enemies":"Cultist","floor":7.0,"turns":2.0},{"damage":0.0,"enemies":"Gremlin Nob","floor":10.0,"turns":2.0},{"damage":0.0,"enemies":"3 Louse","floor":13.0,"turns":2.0},{"damage":0.0,"enemies":"Lagavulin","floor":14.0,"turns":3.0},{"damage":0.0,"enemies":"Fading Forest","floor":16.0,"turns":11.0},{"damage":0.0,"enemies":"Chosen","floor":18.0,"turns":3.0},{"damage":0.0,"enemies":"Shell Parasite","floor":20.0,"turns":3.0},{"damage":0.0,"enemies":"Sentry and Sphere","floor":21.0,"turns":3.0},{"damage":0.0,"enemies":"Snake Plant","floor":25.0,"turns":1.0},{"damage":20.0,"enemies":"Nightmare","floor":27.0,"turns":4.0},{"damage":0.0,"enemies":"Shelled Parasite and Fungi","floor":28.0,"turns":2.0},{"damage":0.0,"enemies":"Centurion and Healer","floor":31.0,"turns":2.0},{"damage":0.0,"enemies":"Pondfish","floor":33.0,"turns":3.0},{"damage":0.0,"enemies":"Orb Walker","floor":35.0,"turns":2.0},{"damage":26.0,"enemies":"3 Shapes","floor":36.0,"turns":3.0},{"damage":0.0,"enemies":"3 Darklings","floor":37.0,"turns":3.0},{"damage":0.0,"enemies":"Giant Head","floor":42.0,"turns":4.0},{"damage":0.0,"enemies":"Spire Growth","floor":46.0,"turns":2.0},{"damage":0.0,"enemies":"Transient","floor":48.0,"turns":6.0},{"damage":0.0,"enemies":"conspire:OrnateMirror","floor":50.0,"turns":3.0},{"damage":0.0,"enemies":"2 Louse","floor":52.0,"turns":1.0},{"damage":0.0,"enemies":"Small Slimes","floor":53.0,"turns":2.0},{"damage":0.0,"enemies":"Lagavulin Event","floor":54.0,"turns":2.0},{"damage":0.0,"enemies":"Cultist","floor":56.0,"turns":1.0},{"damage":10.0,"enemies":"3 Sentries","floor":57.0,"turns":4.0},{"damage":0.0,"enemies":"Large Slime","floor":58.0,"turns":1.0},{"damage":0.0,"enemies":"Lots of Slimes","floor":63.0,"turns":2.0},{"damage":0.0,"enemies":"Exordium Wildlife","floor":64.0,"turns":1.0},{"damage":0.0,"enemies":"3 Louse","floor":67.0,"turns":2.0},{"damage":0.0,"enemies":"The Guardian","floor":69.0,"turns":3.0},{"damage":0.0,"enemies":"conspire:FuzzyDice","floor":71.0,"turns":3.0},{"damage":0.0,"enemies":"Chosen","floor":73.0,"turns":2.0},{"damage":0.0,"enemies":"conspire:HollyBat","floor":75.0,"turns":4.0},{"damage":0.0,"enemies":"conspire:SneckoGhost","floor":76.0,"turns":2.0},{"damage":0.0,"enemies":"Gremlin Leader","floor":77.0,"turns":2.0},{"damage":0.0,"enemies":"conspire:Head Lice","floor":78.0,"turns":1.0},{"damage":0.0,"enemies":"Centurion and Healer","floor":80.0,"turns":3.0},{"damage":0.0,"enemies":"Sentry and Sphere","floor":81.0,"turns":1.0},{"damage":0.0,"enemies":"Nightmare","floor":83.0,"turns":2.0},{"damage":0.0,"enemies":"Snecko","floor":84.0,"turns":1.0},{"damage":0.0,"enemies":"hubris:MusketHawk","floor":86.0,"turns":3.0},{"damage":0.0,"enemies":"3 Darklings","floor":88.0,"turns":2.0},{"damage":0.0,"enemies":"Reptomancer","floor":93.0,"turns":2.0},{"damage":4.0,"enemies":"3 Shapes","floor":95.0,"turns":2.0},{"damage":0.0,"enemies":"Transient","floor":100.0,"turns":4.0},{"damage":2.0,"enemies":"3 Darklings","floor":101.0,"turns":2.0},{"damage":16.0,"enemies":"infinitespire:MassOfShapes","floor":103.0,"turns":3.0},{"damage":0,"enemies":"Cultist","floor":105,"turns":2},{"damage":0,"enemies":"2 Louse","floor":108,"turns":1},{"damage":0,"enemies":"Small Slimes","floor":109,"turns":1},{"damage":0,"enemies":"3 Sentries","floor":110,"turns":1},{"damage":0,"enemies":"Lagavulin","floor":112,"turns":1},{"damage":0,"enemies":"Gremlin Nob","floor":114,"turns":1},{"damage":0,"enemies":"Red Slaver","floor":116,"turns":1},{"damage":0,"enemies":"Exordium Thugs","floor":118,"turns":2},{"damage":0,"enemies":"Hexaghost","floor":120,"turns":2}],"seed_played":"702938629717541402","potions_obtained":[{"floor":7.0,"key":"champ:CounterPotion"},{"floor":10.0,"key":"Dota2Spire:HealingSalve"},{"floor":13.0,"key":"conspire:TimeTravelPotion"},{"floor":14.0,"key":"Energy Potion"},{"floor":28.0,"key":"Guardian:BlockOnCardUsePotion"}],"is_trial":false,"path_per_floor":["M","?","$","?","?","M","M","R","T","E","R","$","M","E","R","B",null,"M","?","M","M","$","R","?","M","T","NM","M","AVR","R","M","R","B",null,"M","M","M","?","?","R","?","E","T","R","$","M","?","M","R","B",null,"M","M","?","?","M","E","M","R","T","R","?","M","M","PTL","PTL","M","R","B",null,"M","?","M","T","M","E","E","E","T","M","M","?","NM","M","R","B",null,"M","?","?","?","AVR","E","$","M","T","?","R","E","M","M","R","B",null,"M","AVR","?","M","M","E","R","E","T","E","?","M","R","M","R","B",null],"character_chosen":"WATCHER","items_purchased":["conspire:TreasureMap","Dark Shackles","halation:Jellyphish","Nunchaku","Dota2Spire:DrumOfEndurance"],"campfire_rested":1,"item_purchase_floors":[12,22,45,45,94],"current_hp_per_floor":[72,72,72,72,72,72,72,72,72,72,72,72,72,72,72,72,72,72,59,59,59,59,59,59,59,59,39,39,39,39,39,62,62,77,77,51,51,51,51,51,51,51,51,51,51,51,22,22,43,43,73,73,73,73,73,73,63,38,38,38,38,38,38,38,38,38,38,38,38,38,38,38,38,38,38,38,38,38,38,38,38,38,38,38,38,38,38,38,38,38,38,38,38,38,34,34,34,34,34,34,32,32,16,38,38,38,38,38,38,38,38,38,38,38,27,27,27,27,38,38,38,38],"gold":8830,"neow_bonus":"THREE_ENEMY_KILL","is_daily":false,"chose_seed":false,"campfire_upgraded":13,"win_rate":0.0,"timestamp":1609967416,"path_taken":["M","?","?","?","?","M","M","R","T","E","R","$","?","E","R","BOSS","M","?","M","M","$","R","?","M","T","NM","M","AVR","R","M","R","BOSS","M","M","M","?","?","R","?","E","T","R","$","?","?","M","R","BOSS","M","M","?","?","M","E","M","R","T","R","?","M","?","PTL","PTL","M","R","BOSS","M","?","?","?","?","E","E","E","T","M","M","?","NM","M","R","BOSS","M","?","?","?","AVR","E","?","?","T","?","R","E","M","M","R","BOSS","M","AVR","?","M","?","E","R","E","T","E","?","M","R","M","R","BOSS"],"items_purchased_type":["Relic","Card","Relic","Relic","Relic"],"build_version":"2020-12-22","purchased_purges":2,"victory":false,"max_hp_per_floor":[72,72,72,72,72,72,72,72,72,72,72,72,72,72,72,72,72,72,77,77,77,77,77,77,77,77,77,77,77,77,77,77,77,77,77,77,77,73,73,73,73,73,73,73,73,73,73,73,73,73,73,73,73,73,73,73,73,38,38,38,38,38,38,38,38,38,38,38,38,38,38,38,38,38,38,38,38,38,38,38,38,38,38,38,38,38,38,38,38,38,38,38,38,38,38,38,38,38,38,38,38,38,38,38,38,38,38,38,38,38,38,38,38,38,38,38,38,38,38,38,38,38],"card_choices":[{"not_picked":["SignatureMove","EmptyFist"],"picked":"ClearTheMind","floor":1.0},{"not_picked":["Replay:ManipulateFuture","BowlingBash"],"picked":"Tantrum","floor":2.0},{"not_picked":["WaveOfTheHand","Halt"],"picked":"EmptyFist","floor":6.0},{"not_picked":["EmptyFist","Wallop","CrushJoints"],"picked":"SKIP","floor":7.0},{"not_picked":["WheelKick","Wireheading"],"picked":"Crescendo","floor":10.0},{"not_picked":["FlyingSleeves","Halt"],"picked":"Replay:AtTheReady","floor":13.0},{"not_picked":["ClearTheMind","EmptyBody"],"picked":"Scrawl","floor":14.0},{"not_picked":["Replay:LoomingThreat","DeusExMachina"],"picked":"Vault","floor":16.0},{"not_picked":["SashWhip","Protect","Prostrate"],"picked":"SKIP","floor":18.0},{"not_picked":["Prostrate","Consecrate","Wireheading"],"picked":"SKIP","floor":20.0},{"not_picked":["EmptyFist+1","Replay:LoomingThreat"],"picked":"FearNoEvil+1","floor":21.0},{"not_picked":["PathToVictory","FollowUp"],"picked":"Replay:Cycle+1","floor":25.0},{"not_picked":["Collect","ClearTheMind+1"],"picked":"Replay:BluntJabs","floor":27.0},{"not_picked":["infinitespire:Starlight","ReplayTheSpireMod:Black Plague"],"picked":"infinitespire:TheBestDefense","floor":27.0},{"not_picked":["Worship","SashWhip"],"picked":"CutThroughFate","floor":28.0},{"not_picked":["FollowUp","DeceiveReality","Replay:ManipulateFuture"],"picked":"SKIP","floor":31.0},{"not_picked":["Scrawl","Judgement"],"picked":"ConjureBlade","floor":33.0},{"not_picked":["CrushJoints"],"picked":"SKIP","floor":35.0},{"not_picked":["Replay:AtTheReady"],"picked":"SKIP","floor":36.0},{"not_picked":["Meditate+1"],"picked":"SKIP","floor":37.0},{"not_picked":["Collect"],"picked":"SKIP","floor":42.0},{"not_picked":["PathToVictory+1"],"picked":"SKIP","floor":46.0},{"not_picked":[],"picked":"FollowUp+1","floor":48.0},{"not_picked":[],"picked":"Indignation","floor":52.0},{"not_picked":["Crescendo"],"picked":"SKIP","floor":53.0},{"not_picked":["FlurryOfBlows"],"picked":"SKIP","floor":56.0},{"not_picked":[],"picked":"JustLucky","floor":57.0},{"not_picked":["SashWhip"],"picked":"SKIP","floor":58.0},{"not_picked":["FlurryOfBlows"],"picked":"SKIP","floor":63.0},{"not_picked":["TalkToTheHand"],"picked":"SKIP","floor":64.0},{"not_picked":["SandsOfTime"],"picked":"SKIP","floor":67.0},{"not_picked":[],"picked":"Wish","floor":69.0},{"not_picked":[],"picked":"CutThroughFate","floor":71.0},{"not_picked":["Study"],"picked":"SKIP","floor":73.0},{"not_picked":["SandsOfTime"],"picked":"SKIP","floor":75.0},{"not_picked":["ReachHeaven"],"picked":"SKIP","floor":76.0},{"not_picked":["Replay:Battleflow"],"picked":"SKIP","floor":77.0},{"not_picked":["Replay:BluntJabs"],"picked":"SKIP","floor":78.0},{"not_picked":["DevaForm"],"picked":"SKIP","floor":80.0},{"not_picked":["Replay:ManipulateFuture+1"],"picked":"SKIP","floor":81.0},{"not_picked":["FollowUp+1"],"picked":"SKIP","floor":83.0},{"not_picked":["BowlingBash+1"],"picked":"SKIP","floor":84.0},{"not_picked":["Replay:AtTheReady+1"],"picked":"SKIP","floor":88.0},{"not_picked":["Replay:Vibes+1"],"picked":"SKIP","floor":93.0},{"not_picked":["BowlingBash+1"],"picked":"SKIP","floor":95.0},{"not_picked":["Conclude+1"],"picked":"SKIP","floor":100.0},{"not_picked":["Wallop+1"],"picked":"SKIP","floor":101.0},{"not_picked":[],"picked":"Blasphemy","floor":103.0},{"not_picked":["ReplayTheSpireMod:Haul","infinitespire:Starlight"],"picked":"infinitespire:UltimateForm","floor":104.0},{"not_picked":["Worship"],"picked":"SKIP","floor":105},{"not_picked":["BowlingBash+1"],"picked":"SKIP","floor":108},{"not_picked":["Fasting2"],"picked":"SKIP","floor":109},{"not_picked":["Replay:AtTheReady"],"picked":"SKIP","floor":110},{"not_picked":["CrushJoints+1"],"picked":"SKIP","floor":112},{"not_picked":["WaveOfTheHand"],"picked":"SKIP","floor":114},{"not_picked":[],"picked":"JustLucky+1","floor":116},{"not_picked":["Prostrate"],"picked":"SKIP","floor":118}],"player_experience":284711,"relics_obtained":[{"floor":2.0,"key":"Vajra"},{"floor":4.0,"key":"Ring of Peace"},{"floor":4.0,"key":"Ring of Fury"},{"floor":9.0,"key":"Dota2Spire:MonkeyKingBar"},{"floor":10.0,"key":"Yang"},{"floor":14.0,"key":"ReplayTheSpireMod:Lightbulb"},{"floor":26.0,"key":"Replay:Baseball"},{"floor":27.0,"key":"halation:KoshaPiece"},{"floor":42.0,"key":"Happy Flower"},{"floor":43.0,"key":"Dota2Spire:BattleFury"},{"floor":54.0,"key":"infinitespire:Beetle Shell"},{"floor":57.0,"key":"halation:PromiseList"},{"floor":60.0,"key":"MawBank"},{"floor":74.0,"key":"WingedGreaves"},{"floor":76.0,"key":"MawBank"},{"floor":77.0,"key":"PreservedInsect"},{"floor":78.0,"key":"halation:VictoryRuler"},{"floor":79.0,"key":"Molten Egg 2"},{"floor":83.0,"key":"infinitespire:CheckeredPen"},{"floor":93.0,"key":"infinitespire:EmpoweringShard"},{"floor":96.0,"key":"hubris:MysteriousPyramids"},{"floor":110,"key":"Dota2Spire:PhaseBoots"},{"floor":112,"key":"infinitespire:Lucky Rock"},{"floor":113,"key":"infinitespire:WardingShard"},{"floor":114,"key":"Anchor"}],"event_choices":[{"damage_healed":0.0,"max_hp_gain":5.0,"max_hp_loss":0.0,"gold_gain":0.0,"event_name":"Forgotten Altar","player_choice":"Shed Blood","floor":19.0,"gold_loss":0.0,"damage_taken":18.0},{"damage_healed":0.0,"max_hp_gain":0.0,"max_hp_loss":4.0,"gold_gain":0.0,"event_name":"Winding Halls","player_choice":"Max HP","floor":38.0,"gold_loss":0.0,"damage_taken":0.0},{"damage_healed":0.0,"max_hp_gain":0.0,"max_hp_loss":0.0,"gold_gain":0.0,"event_name":"Tomb of Lord Red Mask","player_choice":"Ignored","floor":39.0,"gold_loss":0.0,"damage_taken":0.0},{"cards_removed":["Strike_P"],"damage_healed":0.0,"max_hp_gain":0.0,"max_hp_loss":0.0,"gold_gain":0.0,"event_name":"Purifier","player_choice":"Purged","floor":41.0,"gold_loss":0.0,"damage_taken":0.0},{"damage_healed":0.0,"max_hp_gain":0.0,"max_hp_loss":0.0,"gold_gain":0.0,"event_name":"Dead Adventurer","player_choice":"Searched \u00272\u0027 times","floor":54.0,"gold_loss":0.0,"damage_taken":0.0},{"damage_healed":0.0,"max_hp_gain":0.0,"max_hp_loss":0.0,"gold_gain":0.0,"event_name":"conspire:Investor","player_choice":"Leave","floor":55.0,"gold_loss":0.0,"damage_taken":0.0},{"damage_healed":0.0,"max_hp_gain":0.0,"max_hp_loss":0.0,"gold_gain":100.0,"event_name":"Golden Shrine","player_choice":"Pray","floor":68.0,"gold_loss":0.0,"damage_taken":0.0},{"cards_removed":["Indignation"],"damage_healed":0.0,"max_hp_gain":0.0,"max_hp_loss":0.0,"gold_gain":0.0,"event_name":"Bonfire Elementals","player_choice":"Offered Uncommon","floor":72.0,"gold_loss":0.0,"damage_taken":0.0},{"damage_healed":0.0,"max_hp_gain":0.0,"max_hp_loss":0.0,"gold_gain":0.0,"event_name":"Match and Keep!","player_choice":"0 cards matched","floor":82.0,"gold_loss":0.0,"damage_taken":0.0,"cards_obtained":[]},{"damage_healed":0.0,"max_hp_gain":0.0,"max_hp_loss":0.0,"gold_gain":0.0,"event_name":"SensoryStone","player_choice":"Memory 1","floor":89.0,"gold_loss":0.0,"damage_taken":0.0},{"damage_healed":0.0,"max_hp_gain":0.0,"max_hp_loss":0.0,"gold_gain":0.0,"event_name":"Tomb of Lord Red Mask","player_choice":"Ignored","floor":90.0,"gold_loss":0.0,"damage_taken":0.0},{"damage_healed":0,"gold_gain":0,"player_choice":"Trade","damage_taken":0,"relics_obtained":["GremlinMask"],"max_hp_gain":0,"max_hp_loss":0,"event_name":"FaceTrader","floor":107,"gold_loss":0},{"damage_healed":0,"gold_gain":75,"player_choice":"Gather Gold","damage_taken":11,"max_hp_gain":0,"max_hp_loss":0,"event_name":"World of Goop","floor":115,"gold_loss":0}],"is_beta":false,"boss_relics":[{"not_picked":["Runic Pyramid","halation:Risk"],"picked":"Replay:Bronze Core"},{"not_picked":["hubris:BlackHole","hubris:HollowSoul"],"picked":"Busted Crown"},{"not_picked":["hubris:GrandSneckoEye","halation:PlatinumPhoenix"],"picked":"HolyWater"},{"not_picked":["ReplayTheSpireMod:DimensionalGlitch","conspire:SlowCooker"],"picked":"Replay:Wanted Poster"},{"not_picked":["hubris:CrackedHourglass","SacredBark"],"picked":"conspire:RunicOctahedron"},{"not_picked":["ChewingGum","Runic Dome"],"picked":"infinitespire:Cupcake"},{"not_picked":["Honey Jar","Kintsugi"],"picked":"halation:LoveArrow"}],"items_purged_floors":[22,45],"is_endless":true,"potions_floor_spawned":[7,10,13,14,18,21,28,31,33,36,37,50,54,58,64,69,73,80,81,83,95,100,110,112,114,116,118],"ascension_level":4}}