{"host":"792mtbovsoa03nb3","time":1609894435,"event":{"mods":["BaseMod","BetterRewards","Colored Map","Curses Come First","Dota2Spire","Downfall","Ekko","Evolution","Hubris","Infinite Spire","Minty Spire (QoL Compilation)","Replay The Spire","Spicy Shops","StSLib","The Blue Laboratory","The Jungle","??????REMEMod"],"gold_per_floor":[117,117,18,18,18,46,63,63,87,104,35,35,35,35,35,136,136,154,154,171,225,225,225,225,225],"floor_reached":24,"playtime":755,"items_purged":["Defend_B"],"score":219,"play_id":"4c7abd2e-c307-4e8d-a20c-e074bded1e3a","local_time":"20210105165355","is_ascension_mode":true,"campfire_choices":[{"data":"Specialist","floor":8,"key":"SMITH"},{"data":"Fusion","floor":13,"key":"SMITH"},{"floor":15,"key":"REST"},{"data":"Zap","floor":23,"key":"SMITH"}],"circlet_count":0,"master_deck":["Cold Snap","Strike_B","Strike_B","Defend_B","Defend_B","Zap+1","Dualcast","Specialist+1","Consume+1","Beam Cell","Ball Lightning","Self Repair+1","Streamline","Fusion+1","Buffer+1","Beam Cell","Self Repair+1","Ball Lightning"],"relics":["Cracked Core","EVO:Axolotl","REME_ComplimentaryCards","Ornamental Fan","Pear","Smiling Mask","Philosopher\u0027s Stone"],"acts_visited":["Exordium","TheCity"],"potions_floor_usage":[16,16],"damage_taken":[{"damage":5,"enemies":"Jaw Worm","floor":1,"turns":3},{"damage":41,"enemies":"3 Sentries","floor":6,"turns":10},{"damage":0,"enemies":"Small Slimes","floor":7,"turns":3},{"damage":2,"enemies":"Cultist","floor":10,"turns":3},{"damage":74,"enemies":"Hexaghost","floor":16,"turns":11},{"damage":47,"enemies":"2 Thieves","floor":18,"turns":4},{"damage":19,"enemies":"Shell Parasite","floor":20,"turns":5},{"damage":50,"enemies":"Shelled Parasite and Fungi","floor":24,"turns":3}],"seed_played":"-2514298547980455507","potions_obtained":[{"floor":6,"key":"blueLaboratory:TrueEctoplasm"},{"floor":7,"key":"Dota2Spire:HealingSalve"},{"floor":16,"key":"blueLaboratory:PolymorphPotion"}],"is_trial":false,"path_per_floor":["M","?","$","?","?","E","M","R","T","M","$","$","R","?","R","B",null,"M","?","M","T","?","R","M"],"character_chosen":"DEFECT","items_purchased":["Beam Cell","Fusion"],"campfire_rested":1,"item_purchase_floors":[3,11],"current_hp_per_floor":[70,70,70,63,63,32,32,32,32,37,37,37,37,37,62,16,85,48,48,49,49,49,49,0,0],"gold":225,"neow_bonus":"RANDOM_EVENT","is_daily":false,"chose_seed":false,"campfire_upgraded":3,"win_rate":0.0,"timestamp":1609894435,"path_taken":["M","?","$","?","?","E","?","R","T","?","?","$","R","?","R","BOSS","M","?","?","?","?","R","M"],"items_purchased_type":["Card","Card"],"build_version":"2020-12-22","purchased_purges":1,"victory":false,"max_hp_per_floor":[75,75,75,75,75,85,85,85,85,85,85,85,85,85,85,85,85,85,85,85,85,85,85,85,85],"card_choices":[{"not_picked":["Gash","Stack"],"picked":"Consume","floor":1},{"not_picked":["BasicCrystalCard","Barrage"],"picked":"Ball Lightning","floor":6},{"not_picked":["Panic Button","Chill"],"picked":"Self Repair","floor":7},{"not_picked":["ReplaySolidLightProjector","Rebound"],"picked":"Streamline","floor":10},{"not_picked":["Seek","ReplayTheSpireMod:Fabricate Wheel"],"picked":"Buffer","floor":16},{"not_picked":["Rebound","Turbo+1"],"picked":"Beam Cell","floor":18},{"not_picked":["REME_SelfUpgrade+1","Rebound"],"picked":"Ball Lightning","floor":20}],"player_experience":842947,"relics_obtained":[{"floor":6,"key":"Pear"},{"floor":9,"key":"Smiling Mask"}],"event_choices":[{"damage_healed":0,"gold_gain":0,"cards_transformed":["Strike_B"],"player_choice":"Change","damage_taken":0,"max_hp_gain":0,"max_hp_loss":0,"event_name":"Living Wall","floor":0,"gold_loss":0,"cards_obtained":["Hologram"]},{"cards_removed":["Defend_B"],"damage_healed":0,"gold_gain":0,"player_choice":"Card Removal","damage_taken":7,"max_hp_gain":0,"max_hp_loss":0,"event_name":"Golden Wing","floor":4,"gold_loss":0},{"cards_removed":["Hologram"],"damage_healed":0,"gold_gain":0,"player_choice":"Gave Card","damage_taken":0,"relics_obtained":["Ornamental Fan"],"max_hp_gain":0,"max_hp_loss":0,"event_name":"WeMeetAgain","floor":5,"gold_loss":0},{"damage_healed":0,"gold_gain":0,"player_choice":"Copied","damage_taken":0,"max_hp_gain":0,"max_hp_loss":0,"event_name":"Duplicator","floor":19,"gold_loss":0,"cards_obtained":["Self Repair"]},{"damage_healed":0,"gold_gain":0,"player_choice":"Forge","damage_taken":0,"max_hp_gain":0,"max_hp_loss":0,"event_name":"Accursed Blacksmith","floor":22,"gold_loss":0,"cards_upgraded":["Buffer"]}],"is_beta":false,"boss_relics":[{"not_picked":["hubris:Stopwatch","Black Star"],"picked":"Philosopher\u0027s Stone"}],"items_purged_floors":[3],"is_endless":false,"potions_floor_spawned":[6,7,16],"killed_by":"Shelled Parasite and Fungi","ascension_level":3}}