{"host":"7v9t59ze4jbx2rzq","time":1609952481,"event":{"mods":["100% Spire Juice","BaseMod","Highlight Path","Minty Spire (QoL Compilation)","StSLib","The Caster","The Hydrologist","Wide Potions"],"gold_per_floor":[115,125,144,24,24,55,55,55,55,55,6,67,93,110,110,209,89,104,115,115,5,104,104,104,136,136,155,64,64,96,112,112,212,92,102,120,120,143,195,195,221,129,155,79,79,79,89,99,99,99,99],"floor_reached":50,"playtime":3186,"items_purged":["Moonworks:DeployBits","Moonworks:EvilSpyWorkPreparation"],"score":719,"play_id":"67262886-0014-4dcb-8aa0-499dfa43130a","local_time":"20210106120121","is_ascension_mode":true,"campfire_choices":[{"floor":7,"key":"REST"},{"data":"Moonworks:FinalSurgery","floor":10,"key":"SMITH"},{"floor":15,"key":"REST"},{"floor":23,"key":"REST"},{"data":"Moonworks:Wanted","floor":29,"key":"SMITH"},{"data":"Moonworks:DeployBits","floor":32,"key":"SMITH"},{"floor":40,"key":"REST"},{"floor":46,"key":"REST"},{"floor":49,"key":"RECALL"}],"circlet_count":0,"master_deck":["Moonworks:Strike+1","Moonworks:Strike+1","Moonworks:Strike+1","Moonworks:Strike+1","Moonworks:Defend+1","Moonworks:Defend+1","Moonworks:Defend+1","Moonworks:Defend+1","Moonworks:Ambush+1","Moonworks:LongDistanceShot","Moonworks:FullSpeedAlicianrone","Moonworks:FinalSurgery+1","Moonworks:DeployBits+1","Moonworks:WindyEnchantment","Moonworks:Wanted+1","Moonworks:EvilSpyWorkPreparation","Moonworks:WindyEnchantment","Moonworks:SakisCookie","Moonworks:WindyEnchantment","Moonworks:WindyEnchantment","Moonworks:EvilSpyWorkPreparation+1","Moonworks:AnotherUltimateWeapon","Moonworks:DeployBits+1","Moonworks:LuckyCharm+1","Moonworks:Bloodlust","Secret Technique","Moonworks:WindyEnchantment"],"relics":["Moonworks:BrokenBomb","Moonworks:Homemark","Centennial Puzzle","Peace Pipe","Pantograph","Matryoshka","SlaversCollar","Bag of Marbles","Gremlin Horn","HornCleat","Oddly Smooth Stone","Mercury Hourglass","Dream Catcher","The Courier","Empty Cage","WingedGreaves","Smiling Mask","Lantern"],"acts_visited":["Exordium","TheCity","TheBeyond"],"potions_floor_usage":[6,19,41,48,48],"damage_taken":[{"damage":4,"enemies":"Small Slimes","floor":1,"turns":3},{"damage":0,"enemies":"2 Louse","floor":2,"turns":2},{"damage":1,"enemies":"Jaw Worm","floor":3,"turns":3},{"damage":14,"enemies":"Lagavulin","floor":6,"turns":5},{"damage":0,"enemies":"Gremlin Nob","floor":13,"turns":2},{"damage":11,"enemies":"3 Louse","floor":14,"turns":3},{"damage":17,"enemies":"Slime Boss","floor":16,"turns":7},{"damage":10,"enemies":"Shell Parasite","floor":18,"turns":4},{"damage":0,"enemies":"Spheric Guardian","floor":19,"turns":3},{"damage":23,"enemies":"Snake Plant","floor":21,"turns":3},{"damage":0,"enemies":"Slavers","floor":25,"turns":4},{"damage":0,"enemies":"Chosen and Byrds","floor":27,"turns":4},{"damage":0,"enemies":"Gremlin Leader","floor":28,"turns":3},{"damage":7,"enemies":"Slavers","floor":30,"turns":2},{"damage":0,"enemies":"Cultist and Chosen","floor":31,"turns":3},{"damage":0,"enemies":"Collector","floor":33,"turns":5},{"damage":0,"enemies":"3 Darklings","floor":35,"turns":3},{"damage":12,"enemies":"3 Shapes","floor":36,"turns":4},{"damage":36,"enemies":"2 Orb Walkers","floor":39,"turns":7},{"damage":23,"enemies":"Giant Head","floor":41,"turns":6},{"damage":6,"enemies":"Sphere and 2 Shapes","floor":47,"turns":3},{"damage":20,"enemies":"Writhing Mass","floor":48,"turns":4},{"damage":76,"enemies":"Awakened One","floor":50,"turns":12}],"seed_played":"3725236476659599021","potions_obtained":[{"floor":1,"key":"Weak Potion"},{"floor":2,"key":"SmokeBomb"},{"floor":27,"key":"Fire Potion"},{"floor":31,"key":"LiquidBronze"},{"floor":41,"key":"PowerPotion"}],"is_trial":false,"path_per_floor":["M","M","M","?","?","E","R","?","T","R","$","?","E","M","R","B",null,"M","M","?","M","?","R","T","E","T","M","E","R","E","M","R","B",null,"M","M","?","T","?","R","E","$","T","$","?","R","M","M","R","B"],"character_chosen":"THE_STARBREAKER","items_purchased":["Moonworks:DeployBits","Block Potion","Moonworks:Bloodlust"],"campfire_rested":5,"item_purchase_floors":[11,42,44],"current_hp_per_floor":[56,56,55,43,43,29,47,47,47,47,47,47,47,36,54,43,60,50,50,50,27,27,45,45,45,45,49,53,53,46,50,50,60,60,60,52,52,52,20,37,18,18,18,18,18,35,47,35,35,0,0],"gold":99,"neow_bonus":"RANDOM_COMMON_RELIC","is_daily":false,"chose_seed":false,"campfire_upgraded":3,"win_rate":0.0,"timestamp":1609952481,"path_taken":["M","M","M","?","?","E","R","?","T","R","$","?","E","M","R","BOSS","M","M","?","M","?","R","?","E","T","M","E","R","E","M","R","BOSS","M","M","?","?","?","R","E","$","T","$","?","R","?","M","R","BOSS"],"items_purchased_type":["Card","Potion","Card"],"build_version":"2020-12-22","purchased_purges":2,"victory":false,"max_hp_per_floor":[60,60,60,60,60,60,60,60,60,60,60,60,60,60,60,60,60,60,60,60,60,60,60,60,60,60,60,60,60,60,60,60,60,60,60,60,57,57,57,57,57,57,57,57,57,57,57,57,57,57,57],"card_choices":[{"not_picked":["Moonworks:AngelHand","Moonworks:MiracleRedBeanIceCream"],"picked":"Moonworks:FullSpeedAlicianrone","floor":1},{"not_picked":["Moonworks:WindyEnchantment","Moonworks:BigMagnum"],"picked":"Moonworks:EvilSpyWorkPreparation","floor":2},{"not_picked":["Moonworks:BigMagnum","Moonworks:ForcedRevival"],"picked":"Moonworks:FinalSurgery","floor":3},{"not_picked":["Moonworks:BigMagnum","Moonworks:ExtendedPhotonRifle","Moonworks:Assault"],"picked":"SKIP","floor":6},{"not_picked":["Moonworks:LulusLuckyEgg","Moonworks:FinalSurgery"],"picked":"Moonworks:WindyEnchantment","floor":13},{"not_picked":["Moonworks:IndiscriminateFireSupport","Moonworks:JonathanRush"],"picked":"Moonworks:DeployBits","floor":14},{"not_picked":["Moonworks:OutOfAmmo","Moonworks:ShieldCounter"],"picked":"Moonworks:Wanted","floor":16},{"not_picked":["Moonworks:MixPhenomenon","Moonworks:BigMagnum"],"picked":"Moonworks:LulusLuckyEgg","floor":18},{"not_picked":["Moonworks:ImOnFire","Moonworks:WindyEnchantment"],"picked":"Moonworks:EvilSpyWorkPreparation","floor":19},{"not_picked":["Moonworks:Assault","Moonworks:EvilSpyWorkPreparation"],"picked":"Moonworks:WindyEnchantment","floor":21},{"not_picked":["Moonworks:BigMagnum+1","Moonworks:IntelligenceOfficer"],"picked":"Moonworks:SakisCookie","floor":25},{"not_picked":["Moonworks:DeployBits","Moonworks:Wanted"],"picked":"Moonworks:WindyEnchantment","floor":27},{"not_picked":["Moonworks:BigMagnum+1","Moonworks:x16BigRocket+1"],"picked":"Moonworks:WindyEnchantment","floor":28},{"not_picked":["Moonworks:Dinner","Moonworks:FullSpeedAlicianrone"],"picked":"Moonworks:DeployBits","floor":30},{"not_picked":["Moonworks:IndiscriminateFireSupport","Moonworks:Assault"],"picked":"Moonworks:EvilSpyWorkPreparation+1","floor":31},{"not_picked":["Moonworks:ReflectiveShell","Moonworks:WeAreWaruda"],"picked":"Moonworks:AnotherUltimateWeapon","floor":33},{"not_picked":["Moonworks:LulusLuckyEgg","Moonworks:EvilSpyWorkPreparation","Moonworks:RedAndBlue"],"picked":"SKIP","floor":35},{"not_picked":["Moonworks:JonathanRush","Moonworks:MiracleRedBeanIceCream+1","Moonworks:ExtendedPhotonRifle"],"picked":"SKIP","floor":36},{"not_picked":["Moonworks:UnluckyCharm","Moonworks:Poppoformation"],"picked":"Moonworks:DeployBits+1","floor":39},{"not_picked":["Moonworks:LulusLuckyEgg","Moonworks:ReproductionOfRecords"],"picked":"Moonworks:LuckyCharm+1","floor":41},{"not_picked":["Madness","Mind Blast"],"picked":"Secret Technique","floor":45},{"not_picked":["Moonworks:JonathanRush","Moonworks:SakisCookie+1"],"picked":"Moonworks:WindyEnchantment","floor":47},{"not_picked":["Moonworks:WindyEnchantment","Moonworks:Assault","Moonworks:FinalSurgery"],"picked":"SKIP","floor":48}],"player_experience":2199716,"relics_obtained":[{"floor":6,"key":"Peace Pipe"},{"floor":9,"key":"Pantograph"},{"floor":13,"key":"Matryoshka"},{"floor":24,"key":"Bag of Marbles"},{"floor":24,"key":"Gremlin Horn"},{"floor":25,"key":"HornCleat"},{"floor":26,"key":"Oddly Smooth Stone"},{"floor":26,"key":"Mercury Hourglass"},{"floor":28,"key":"Dream Catcher"},{"floor":30,"key":"The Courier"},{"floor":39,"key":"WingedGreaves"},{"floor":41,"key":"Smiling Mask"},{"floor":43,"key":"Lantern"}],"event_choices":[{"damage_healed":0,"gold_gain":0,"player_choice":"Fled","damage_taken":12,"max_hp_gain":0,"max_hp_loss":0,"event_name":"Scrap Ooze","floor":4,"gold_loss":0},{"damage_healed":0,"gold_gain":0,"player_choice":"Grow","damage_taken":0,"max_hp_gain":0,"max_hp_loss":0,"event_name":"Living Wall","floor":5,"gold_loss":0,"cards_upgraded":["Moonworks:Ambush"]},{"damage_healed":0,"gold_gain":0,"player_choice":"Ignored","damage_taken":0,"max_hp_gain":0,"max_hp_loss":0,"event_name":"Shining Light","floor":8,"gold_loss":0},{"damage_healed":0,"gold_gain":61,"player_choice":"Gained Gold","damage_taken":0,"max_hp_gain":0,"max_hp_loss":0,"event_name":"Golden Wing","floor":12,"gold_loss":0},{"damage_healed":0,"gold_gain":0,"player_choice":"Simplicity","damage_taken":0,"max_hp_gain":0,"max_hp_loss":0,"event_name":"Back to Basics","floor":20,"gold_loss":0,"cards_upgraded":["Moonworks:Strike","Moonworks:Strike","Moonworks:Strike","Moonworks:Strike","Moonworks:Defend","Moonworks:Defend","Moonworks:Defend","Moonworks:Defend"]},{"damage_healed":0,"gold_gain":99,"player_choice":"Stole From Cult","damage_taken":0,"max_hp_gain":0,"max_hp_loss":0,"event_name":"Nest","floor":22,"gold_loss":0},{"damage_healed":0,"gold_gain":0,"player_choice":"Max HP","damage_taken":0,"max_hp_gain":0,"max_hp_loss":3,"event_name":"Winding Halls","floor":37,"gold_loss":0},{"damage_healed":0,"gold_gain":0,"player_choice":"Fight","damage_taken":0,"max_hp_gain":0,"max_hp_loss":0,"event_name":"Mysterious Sphere","floor":39,"gold_loss":0},{"damage_healed":0,"gold_gain":0,"player_choice":"Memory 1","damage_taken":0,"max_hp_gain":0,"max_hp_loss":0,"event_name":"SensoryStone","floor":45,"gold_loss":0}],"is_beta":false,"boss_relics":[{"not_picked":["Calling Bell","Velvet Choker"],"picked":"SlaversCollar"},{"not_picked":["Moonworks:SBBomb","Runic Pyramid"],"picked":"Empty Cage"}],"items_purged_floors":[42,44],"is_endless":false,"potions_floor_spawned":[1,2,3,27,28,30,31,36,39,41],"killed_by":"Awakened One","ascension_level":1}}