{"host":"qxg8jw17mi4k9uod","time":1609926247,"event":{"mods":["AchievementEnabler","BaseMod","BetterRewards","Colored Map","Custom Start","Gold Saver","Grow up Mod","Hero for Fun","Highlight Path","Marisa????????","Minty Spire (QoL Compilation)","Remove Card Discount Mod","Replay The Spire","Shop Mod","StSLib","The Construct","Transform Curses"],"gold_per_floor":[2710,2710,2743,1926,1952,1993,1993,2007,2054,2098,2129,2182,2227,2259,2259,2420,2420,2460,2460,2509,2551,2569,2632,2682,2682,2682,1874,1874,1890,1071,1097,1097,1248,1248,1289,390,417,462,512,592,592,634,634,666,682,100,100,3,3,3,3,3,3,51,73],"floor_reached":56,"playtime":10753,"items_purged":["Defend_MRS","Defend_MRS","Strike_MRS","Strike_MRS","Defend_MRS","Strike_MRS","Strike_MRS","ReplayTheSpireMod:Splinters"],"score":1874,"play_id":"c7364037-b648-4e5a-afe7-bb638fb559c5","local_time":"20210106014407","is_ascension_mode":false,"campfire_choices":[{"floor":7,"key":"RECALL"},{"data":"UpSweep","floor":15,"key":"SMITH"},{"data":"PulseMagic","floor":25,"key":"SMITH"},{"data":"MysteriousBeam","floor":28,"key":"SMITH"},{"data":"PulseMagic","floor":32,"key":"SMITH"},{"data":"PowerUp","floor":41,"key":"SMITH"},{"data":"SprinkleStarSeal","floor":49,"key":"SMITH"},{"data":"GravityBeat","floor":52,"key":"SMITH"}],"circlet_count":0,"master_deck":["MasterSpark","UpSweep+1","WitchOfGreed","PowerUp+1","PulseMagic+1","Acceleration","DarkMatter+1","OrrerysSun","SprinkleStarSeal+1","Secret Weapon+1","IllusionStar","GrandCross","GravityBeat+1","MysteriousBeam+1","Orbital","NonDirectionalLaser","LuminesStrike+1","MillisecondPulsars+1","OrrerysSun","Robbery","SatelliteIllusion+1","GravityBeat+1","ManaRampage+1","Singularity+1","PowerUp+1","PulseMagic+1","DragonMeteor+1","OortCloud+1","IllusionStar+1","IllusionStar+1","PowerUp+1","LuminesStrike+1","LuminesStrike+1","GalacticHalo+1","WitchOfGreed+1","DarkMatter+1","DarkMatter+1","NonDirectionalLaser+1","GrandCross+1","Blind+1","FinalSpark+1","Robbery+1","AlicesGift+1","AlicesGift+1","EventHorizon+1","EarthLightRay+1","DC+1","GalacticHalo+1","Metamorphosis+1","MilkyWay+1","IllusionStar+1","DoubleSpark+1","EventHorizon+1","IllusionStar+1","IllusionStar+1","StarBarrage+1","Singularity+1","ChargingUp+1","SatelliteIllusion+1","EarthLightRay+1","ShootTheMoon+1","DarkMatter+1"],"relics":["MiniHakkero","MerchantsRug","Mango","SproutingBranch","Mummified Hand","Strange Spoon","Tiny Chest","HornCleat","Blue Doll","Golden Egg","Bird Faced Urn","construct:ClawGrip","Replay:Rubber Ducky","Lizard Tail","Meat on the Bone","Du-Vu Doll","Gremlin Horn","Lee\u0027s Waffle","Letter Opener","HandDrill","Art of War","Toy Ornithopter","Black Star","ReplayTheSpireMod:Lightbulb","Akabeko","Guide Book","Gambling Chip","Blue Candle","Pantograph","Vajra","Replay:Bottled Eggs","Iron Hammer","AmplifyWand","Replay:WaspNest","Bag of Preparation"],"acts_visited":["Exordium","TheCity","TheBeyond","TheEnding"],"potions_floor_usage":[],"damage_taken":[{"damage":5,"enemies":"2 Louse","floor":1,"turns":2},{"damage":17,"enemies":"Small Slimes","floor":3,"turns":3},{"damage":8,"enemies":"Jaw Worm","floor":5,"turns":4},{"damage":12,"enemies":"3 Sentries","floor":6,"turns":5},{"damage":9,"enemies":"Blue Slaver","floor":8,"turns":2},{"damage":9,"enemies":"Replay:BlueRogue","floor":10,"turns":3},{"damage":15,"enemies":"Exordium Wildlife","floor":11,"turns":2},{"damage":0,"enemies":"Lagavulin","floor":13,"turns":4},{"damage":0,"enemies":"Exordium Thugs","floor":14,"turns":2},{"damage":82,"enemies":"Hexaghost","floor":16,"turns":8},{"damage":11,"enemies":"3 Byrds","floor":18,"turns":4},{"damage":14,"enemies":"2 Thieves","floor":21,"turns":3},{"damage":12,"enemies":"Snake Plant","floor":22,"turns":2},{"damage":9,"enemies":"Replay:Snechameleon","floor":23,"turns":4},{"damage":6,"enemies":"Shelled Parasite and Fungi","floor":24,"turns":3},{"damage":0,"enemies":"Snecko","floor":29,"turns":3},{"damage":0,"enemies":"Pondfish","floor":33,"turns":8},{"damage":9,"enemies":"Orb Walker","floor":35,"turns":4},{"damage":21,"enemies":"3 Darklings","floor":37,"turns":3},{"damage":0,"enemies":"Maw","floor":38,"turns":4},{"damage":11,"enemies":"Sphere and 2 Shapes","floor":39,"turns":2},{"damage":0,"enemies":"R_Hoarder","floor":40,"turns":4},{"damage":18,"enemies":"Writhing Mass","floor":42,"turns":2},{"damage":28,"enemies":"Reptomancer","floor":44,"turns":3},{"damage":52,"enemies":"Transient","floor":45,"turns":4},{"damage":2,"enemies":"Donu and Deca","floor":50,"turns":4},{"damage":0,"enemies":"Shield and Spear","floor":54,"turns":3},{"damage":48,"enemies":"The Heart","floor":55,"turns":5}],"seed_played":"-2210996601719565567","potions_obtained":[{"floor":1,"key":"SkillPotion"},{"floor":1,"key":"Elixir"},{"floor":3,"key":"Ancient Potion"},{"floor":5,"key":"Toxic Potion"},{"floor":6,"key":"Reflective Coating"},{"floor":6,"key":"SpeedPotion"},{"floor":10,"key":"ColorlessPotion"},{"floor":18,"key":"BlessingOfTheForge"},{"floor":21,"key":"BottledSpark"},{"floor":33,"key":"Fire Potion"},{"floor":33,"key":"Explosive Potion"},{"floor":33,"key":"BottledSpark"}],"is_trial":false,"path_per_floor":["M","?","M","$","M","E","R","M","T","E","M","?","E","M","R","B",null,"M","?","T","M","M","E","M","R","T","$","R","M","$","T","R","B",null,"M","$","M","M","M","E","R","M","T","E","M","$","?","$","R","B",null,"R","$","E","B",null],"character_chosen":"MARISA","items_purchased":["MerchantsRug","WitchOfGreed","PowerUp+1","PulseMagic","Mummified Hand","OrrerysSun","SprinkleStarSeal","Strange Spoon","Secret Weapon","IllusionStar","Tiny Chest","Du-Vu Doll","Gremlin Horn","Lee\u0027s Waffle","DragonMeteor+1","OortCloud","IllusionStar","PowerUp","LuminesStrike","Letter Opener","HandDrill","Art of War","GalacticHalo","WitchOfGreed","DarkMatter","NonDirectionalLaser","GrandCross","Blind+1","ReplayTheSpireMod:Lightbulb","Akabeko","Guide Book","AlicesGift","EventHorizon","EarthLightRay","DC+1","GalacticHalo","Metamorphosis","Iron Hammer","AmplifyWand","StarBarrage+1","Singularity","ChargingUp","EarthLightRay","ShootTheMoon"],"campfire_rested":0,"item_purchase_floors":[0,0,0,0,4,4,4,4,4,4,4,27,27,27,27,27,27,27,27,30,30,30,30,30,30,30,30,30,36,36,36,36,36,36,36,36,36,46,46,46,46,46,48,48],"current_hp_per_floor":[104,107,109,119,133,145,155,161,171,181,181,191,213,236,246,183,269,275,285,295,307,309,329,339,349,359,376,386,396,406,416,426,436,446,456,466,463,486,486,506,516,514,524,525,509,519,529,539,549,606,616,626,636,646,626],"gold":73,"neow_bonus":"","is_daily":false,"chose_seed":false,"campfire_upgraded":7,"win_rate":0.0,"timestamp":1609926247,"path_taken":["M","?","M","$","M","E","R","M","T","E","M","?","E","M","R","BOSS","M","?","?","M","M","E","M","R","T","$","R","M","$","?","R","BOSS","M","$","M","M","M","E","R","M","T","E","M","$","?","?","R","BOSS","R","$","E","BOSS"],"items_purchased_type":["Relic","Card","Card","Card","Relic","Card","Card","Relic","Card","Card","Relic","Relic","Relic","Relic","Card","Card","Card","Card","Card","Relic","Relic","Relic","Card","Card","Card","Card","Card","Card","Relic","Relic","Relic","Card","Card","Card","Card","Card","Card","Relic","Relic","Card","Card","Card","Card","Card"],"build_version":"2020-12-22","purchased_purges":8,"victory":true,"max_hp_per_floor":[109,119,129,139,149,159,169,179,189,199,209,219,229,239,249,259,269,279,289,299,309,319,329,339,349,359,376,386,396,406,416,426,436,446,456,466,476,486,496,506,516,526,536,546,556,566,576,586,596,606,616,626,636,646,656],"card_choices":[{"not_picked":["WitchLeyline","Robbery"],"picked":"Acceleration","floor":1},{"not_picked":["6A","MachineGunSpark"],"picked":"DarkMatter","floor":3},{"not_picked":["WitchLeyline","PowerUp"],"picked":"GrandCross","floor":5},{"not_picked":["MysteriousBeam","OpenUniverse"],"picked":"GravityBeat","floor":6},{"not_picked":["TreasureHunter","MagicChant"],"picked":"MysteriousBeam","floor":8},{"not_picked":["DoubleSpark","DragonMeteor"],"picked":"Orbital","floor":10},{"not_picked":["Occultation","EventHorizon"],"picked":"NonDirectionalLaser","floor":11},{"not_picked":["GalacticHalo","DeepEcoloBomb"],"picked":"LuminesStrike","floor":12},{"not_picked":["ShootingEcho","EnergyFlow"],"picked":"MillisecondPulsars","floor":12},{"not_picked":["DragonMeteor","SporeBomb"],"picked":"OrrerysSun","floor":13},{"not_picked":["MilkyWay","WitchOfGreed"],"picked":"Robbery","floor":14},{"not_picked":["EscapeVelocity","CasketOfStar"],"picked":"SatelliteIllusion","floor":16},{"not_picked":["MysteriousBeam","Acceleration"],"picked":"GravityBeat+1","floor":18},{"not_picked":["Acceleration","WitchLeyline"],"picked":"ManaRampage","floor":21},{"not_picked":["WitchOfGreed","Occultation"],"picked":"Singularity+1","floor":22},{"not_picked":["MysteriousBeam","AbsoluteMagnitude"],"picked":"PowerUp","floor":23},{"not_picked":["GravityBeat","DarkSpark"],"picked":"PulseMagic","floor":24},{"not_picked":["DC","DoubleSpark"],"picked":"LuminesStrike+1","floor":29},{"not_picked":["BinaryStars","AbsoluteMagnitude"],"picked":"FinalSpark","floor":33},{"not_picked":["GasGiant+1","GalacticHalo+1"],"picked":"Robbery+1","floor":35},{"not_picked":["GravityBeat","ChargeUpSpray"],"picked":"MilkyWay+1","floor":37},{"not_picked":["ShootingEcho","AlicesGift"],"picked":"IllusionStar+1","floor":38},{"not_picked":["NonDirectionalLaser","SporeBomb"],"picked":"DoubleSpark+1","floor":39},{"not_picked":["DoubleSpark+1","OrrerysSun+1"],"picked":"EventHorizon+1","floor":40},{"not_picked":["ManaConvection+1","GravityBeat+1"],"picked":"IllusionStar+1","floor":42},{"not_picked":["GravityBeat+1","MilkyWay+1","SporeBomb"],"picked":"SKIP","floor":44},{"not_picked":["Orbital","UnstableBomb"],"picked":"IllusionStar+1","floor":45},{"not_picked":["NonDirectionalLaser","OneTimeOff"],"picked":"DarkMatter+1","floor":54}],"player_experience":254937,"relics_obtained":[{"floor":6,"key":"HornCleat"},{"floor":10,"key":"Blue Doll"},{"floor":12,"key":"Golden Egg"},{"floor":13,"key":"Bird Faced Urn"},{"floor":20,"key":"Replay:Rubber Ducky"},{"floor":23,"key":"Lizard Tail"},{"floor":26,"key":"Meat on the Bone"},{"floor":31,"key":"Toy Ornithopter"},{"floor":40,"key":"Gambling Chip"},{"floor":40,"key":"Blue Candle"},{"floor":43,"key":"Pantograph"},{"floor":44,"key":"Vajra"},{"floor":44,"key":"Replay:Bottled Eggs"},{"floor":54,"key":"Replay:WaspNest"},{"floor":54,"key":"Bag of Preparation"}],"event_choices":[{"cards_removed":["Defend_MRS"],"damage_healed":0,"gold_gain":0,"player_choice":"Card Removal","damage_taken":7,"max_hp_gain":0,"max_hp_loss":0,"event_name":"Golden Wing","floor":2,"gold_loss":0},{"damage_healed":0,"gold_gain":0,"player_choice":"Copied","damage_taken":0,"max_hp_gain":0,"max_hp_loss":0,"event_name":"Duplicator","floor":47,"gold_loss":0,"cards_obtained":["SatelliteIllusion"]}],"is_beta":false,"boss_relics":[{"not_picked":["Busted Crown","Sozu"],"picked":"construct:ClawGrip"},{"not_picked":["Fusion Hammer","RampagingMagicTools"],"picked":"Black Star"}],"items_purged_floors":[0,0,0,0,4,4,4,27],"is_endless":false,"potions_floor_spawned":[1,6,14,16,18,23,33,37,40],"ascension_level":0}}