{"host":"l84l8xigz5v5foa2","time":1609915348,"event":{"mods":["2.2 Compatiblity","AchievementEnabler","BaseMod","Better Note","Better Vampires","Card Filter","Colored Map","DeckTracker","Downfall","Gremlin Skip","Highlight Path","Keyboard Shortcuts","Minty Spire (QoL Compilation)","Permanent Neow","Quick Restart","Relic Filter","Relic Stats","StSLib","SuperFastMode","Transform Curses","Unknown Chances"],"gold_per_floor":[99,111,126,126,111,138,138,151,165,165,199,199,299,299,319,397,397,397,417,431,180,191,76,100,129,129,129,163,163,23,56,68,144,144,69,83,98,123,173,98,98,83,125,50,68,102,121,149,166,166,166,195,43,43,43],"floor_reached":56,"playtime":3648,"items_purged":["hexamod:Strike","hexamod:Strike","hexamod:Strike","hexamod:Strike+1"],"score":2620,"play_id":"9c5d5c7a-7756-423f-bcad-2638f5f9fa50","local_time":"20210106154228","is_ascension_mode":true,"campfire_choices":[{"data":"hexamod:Float","floor":1.0,"key":"SMITH"},{"data":"hexamod:SuperheatedStrike","floor":12.0,"key":"SMITH"},{"data":"hexamod:InspiringFlames","floor":18.0,"key":"SMITH"},{"data":"hexamod:Rewind","floor":26.0,"key":"SMITH"},{"data":"hexamod:GhostOfSpirePast","floor":35.0,"key":"SMITH"},{"floor":40.0,"key":"RECALL"},{"data":"hexamod:Defend","floor":44.0,"key":"SMITH"},{"data":"hexamod:GiftsFromTheDead","floor":54,"key":"SMITH"}],"circlet_count":0,"master_deck":["AscendersBane","hexamod:Defend+1","hexamod:Defend+1","hexamod:Defend+1","hexamod:Defend+1","hexamod:Sear+1","hexamod:Float+1","hexamod:HexaLevel+1","hexamod:ThermalTransfer+1","hexamod:SoulSteal+1","hexamod:SuperheatedStrike+1","hexamod:SpectersWail+1","hexamod:StepThrough+1","hexamod:HauntingEcho+1","hexamod:InspiringFlames+1","hexamod:GhostOfSpirePast+1","hexamod:Hexaguard+1","hexamod:ThermalTransfer+1","hexamod:SkipABeat+1","hexamod:Rewind+1","Necronomicurse","hexamod:NecessarySacrifice+1","hexamod:EmpoweringStance+1","hexamod:SixthSeal","hexamod:RainOfEmbers+1","hexamod:GhostOfSpirePast+1","hexamod:HauntingEcho+1","hexamod:HeatShield+1","hexamod:GhostOfSpireFuture+1","hexamod:PhantomCloak+1","hexamod:GiftsFromTheDead+1"],"relics":["hexamod:SpiritBrand","Bottled Flame","Bag of Preparation","Philosopher\u0027s Stone","sneckomod:BlankCard","Art of War","hexamod:TheBrokenSeal","Regal Pillow","Necronomicon","Bag of Marbles","Cursed Key","downfall:HeartBlessingGreen","Thread and Needle","downfall:HeartBlessingBlue","Toolbox","hexamod:TheBrokenSeal","Omamori","downfall:HeartBlessingRed","Nunchaku","hexamod:InflammatoryLetter","Sundial"],"acts_visited":["TheCity","TheBeyond","TheEnding"],"potions_floor_usage":[49,50,52,55,55],"damage_taken":[{"damage":0.0,"enemies":"Small Slimes","floor":2.0,"turns":3.0},{"damage":0.0,"enemies":"Cultist","floor":3.0,"turns":4.0},{"damage":0.0,"enemies":"downfall:FleeingMerchant","floor":5.0,"turns":4.0},{"damage":0.0,"enemies":"Lagavulin","floor":6.0,"turns":6.0},{"damage":0.0,"enemies":"2 Louse","floor":8.0,"turns":3.0},{"damage":14.0,"enemies":"Lots of Slimes","floor":9.0,"turns":3.0},{"damage":27.0,"enemies":"3 Sentries","floor":11.0,"turns":6.0},{"damage":0.0,"enemies":"2 Fungi Beasts","floor":15.0,"turns":2.0},{"damage":15.0,"enemies":"downfall:Watcher","floor":16.0,"turns":8.0},{"damage":14.0,"enemies":"Chosen","floor":19.0,"turns":6.0},{"damage":12.0,"enemies":"Spheric Guardian","floor":20.0,"turns":4.0},{"damage":14.0,"enemies":"downfall:FleeingMerchant","floor":21.0,"turns":4.0},{"damage":6.0,"enemies":"Snake Plant","floor":22.0,"turns":3.0},{"damage":1.0,"enemies":"downfall:FleeingMerchant","floor":23.0,"turns":4.0},{"damage":21.0,"enemies":"Chosen and Byrds","floor":25.0,"turns":7.0},{"damage":11.0,"enemies":"Slavers","floor":28.0,"turns":3.0},{"damage":17.0,"enemies":"downfall:FleeingMerchant","floor":30.0,"turns":4.0},{"damage":2.0,"enemies":"Book of Stabbing","floor":31.0,"turns":4.0},{"damage":8.0,"enemies":"Centurion and Healer","floor":32.0,"turns":5.0},{"damage":17.0,"enemies":"downfall:Ironclad","floor":33.0,"turns":6.0},{"damage":0.0,"enemies":"3 Darklings","floor":36.0,"turns":3.0},{"damage":5.0,"enemies":"Orb Walker","floor":37.0,"turns":3.0},{"damage":0.0,"enemies":"Mind Bloom Boss Battle","floor":38.0,"turns":7.0},{"damage":25.0,"enemies":"downfall:FleeingMerchant","floor":42.0,"turns":4.0},{"damage":0.0,"enemies":"Nemesis","floor":43.0,"turns":5.0},{"damage":0.0,"enemies":"Sphere and 2 Shapes","floor":45.0,"turns":3.0},{"damage":0.0,"enemies":"Giant Head","floor":46.0,"turns":4.0},{"damage":0,"enemies":"Jaw Worm Horde","floor":47,"turns":3},{"damage":0,"enemies":"Reptomancer","floor":48,"turns":3},{"damage":0,"enemies":"Transient","floor":49,"turns":6},{"damage":0,"enemies":"downfall:Defect","floor":50,"turns":3},{"damage":0,"enemies":"downfall:CharBossMerchant","floor":52,"turns":5},{"damage":11,"enemies":"downfall:NeowBoss","floor":55,"turns":18}],"seed_played":"5730073297667825272","potions_obtained":[{"floor":3.0,"key":"PowerPotion"},{"floor":4.0,"key":"DistilledChaos"},{"floor":11.0,"key":"Guardian:BlockOnCardUsePotion"},{"floor":15.0,"key":"Fruit Juice"},{"floor":16.0,"key":"Weak Potion"},{"floor":20.0,"key":"ColorlessPotion"},{"floor":21.0,"key":"ColorlessPotion"},{"floor":23.0,"key":"Explosive Potion"},{"floor":25.0,"key":"Fire Potion"},{"floor":28.0,"key":"Fire Potion"},{"floor":31.0,"key":"GamblersBrew"},{"floor":32.0,"key":"DuplicationPotion"},{"floor":32.0,"key":"LiquidMemories"},{"floor":33.0,"key":"DistilledChaos"},{"floor":33.0,"key":"Slimebound:ThreeZeroPotion"},{"floor":36.0,"key":"Guardian:BlockOnCardUsePotion"},{"floor":38.0,"key":"EntropicBrew"},{"floor":43.0,"key":"Swift Potion"},{"floor":49,"key":"Fire Potion"}],"is_trial":false,"path_per_floor":["R","M","M","?","$","E","T","M","M","?","E","R","?","?","M","B",null,"R","M","M","$","M","$","T","M","R","?","E","?","$","E","M","B",null,"R","M","M","?","?","R","T","$","E","R","M","E","M","E","M","B",null,"E","$","R","B",null],"character_chosen":"THE_SPIRIT","items_purchased":["sneckomod:BlankCard","hexamod:ThirdSeal","Toolbox","hexamod:GiftsFromTheDead"],"campfire_rested":0,"item_purchase_floors":[21,42,42,53],"current_hp_per_floor":[57,57,57,57,63,63,63,63,56,56,36,36,36,36,48,33,59,59,52,47,40,41,40,40,78,78,78,74,53,43,48,47,37,68,68,75,70,77,77,87,87,62,98,98,98,98,98,98,98,98,98,98,98,98,87],"gold":43,"neow_bonus":"ONE_RANDOM_RARE_CARD","is_daily":false,"chose_seed":false,"campfire_upgraded":7,"win_rate":0.0,"timestamp":1609915348,"path_taken":["R","M","M","?","$","E","T","M","?","?","E","R","?","?","M","BOSS","R","M","M","?","?","$","T","M","R","?","E","?","$","E","M","BOSS","R","M","M","?","?","R","T","$","E","R","?","E","M","E","M","BOSS","E","$","R","BOSS"],"items_purchased_type":["Relic","Card","Relic","Card"],"build_version":"2020-12-22","purchased_purges":4,"victory":true,"max_hp_per_floor":[63,63,63,63,63,63,63,63,63,63,63,63,63,63,68,68,68,68,68,68,68,68,68,68,78,78,78,78,78,78,78,78,78,78,78,78,78,78,78,88,88,88,98,98,98,98,98,98,98,98,98,98,98,98,98],"relic_stats":{"Regal Pillow":0,"Nunchaku":[8],"counters":[33,156],"Sundial":[4],"Bag of Preparation":[52],"Art of War":[11],"Necronomicon":[18],"Cursed Key":0,"obtain_stats":[{"Regal Pillow":28,"downfall:HeartBlessingRed":44,"sneckomod:BlankCard":21,"hexamod:TheBrokenSeal":25,"downfall:HeartBlessingGreen":35,"Thread and Needle":38,"hexamod:InflammatoryLetter":48,"Bag of Preparation":11,"Omamori":43,"Cursed Key":34,"Bottled Flame":6,"Nunchaku":46,"downfall:HeartBlessingBlue":40,"Sundial":52,"Toolbox":42,"Philosopher\u0027s Stone":17,"Art of War":24,"Necronomicon":29,"Bag of Marbles":31,"hexamod:SpiritBrand":0},{"Regal Pillow":16,"downfall:HeartBlessingRed":25,"sneckomod:BlankCard":12,"hexamod:TheBrokenSeal":15,"downfall:HeartBlessingGreen":20,"Thread and Needle":23,"hexamod:InflammatoryLetter":29,"Bag of Preparation":7,"Omamori":25,"Cursed Key":20,"Bottled Flame":4,"Nunchaku":27,"downfall:HeartBlessingBlue":23,"Sundial":32,"Toolbox":24,"Philosopher\u0027s Stone":9,"Art of War":14,"Necronomicon":16,"Bag of Marbles":18,"hexamod:SpiritBrand":0},{"Regal Pillow":70,"downfall:HeartBlessingRed":111,"sneckomod:BlankCard":53,"hexamod:TheBrokenSeal":66,"downfall:HeartBlessingGreen":89,"Thread and Needle":102,"hexamod:InflammatoryLetter":124,"Bag of Preparation":29,"Omamori":111,"Cursed Key":89,"Bottled Flame":17,"Nunchaku":118,"downfall:HeartBlessingBlue":102,"Sundial":138,"Toolbox":106,"Philosopher\u0027s Stone":39,"Art of War":60,"Necronomicon":70,"Bag of Marbles":78,"hexamod:SpiritBrand":0}]},"card_choices":[{"not_picked":["hexamod:Firestarter","hexamod:BacktrackSmack"],"picked":"hexamod:ThermalTransfer","floor":2.0},{"not_picked":["hexamod:NightmareStrike","hexamod:GhostOfSpireFuture"],"picked":"hexamod:FirstSeal","floor":3.0},{"not_picked":["hexamod:GhostflameInferno","hexamod:SwordOfDarkness"],"picked":"hexamod:SoulSteal","floor":5.0},{"not_picked":["hexamod:FirstSeal","hexamod:RainOfEmbers"],"picked":"hexamod:SuperheatedStrike","floor":6.0},{"not_picked":["hexamod:RecurringNightmare","hexamod:NightmareGuise"],"picked":"hexamod:SpectersWail","floor":8.0},{"not_picked":["hexamod:HeatShield","hexamod:InspiringFlames"],"picked":"hexamod:StepThrough","floor":9.0},{"not_picked":["hexamod:AdvancingGuard","hexamod:SpectersWail"],"picked":"hexamod:HauntingEcho","floor":11.0},{"not_picked":["hexamod:HeatCrush","hexamod:GhostShield"],"picked":"hexamod:InspiringFlames","floor":15.0},{"not_picked":["hexamod:HexaLevel","hexamod:CrushingStance"],"picked":"hexamod:FifthSeal","floor":16.0},{"not_picked":["hexamod:NightmareStrike","hexamod:GhostLash"],"picked":"hexamod:GhostOfSpirePast","floor":19.0},{"not_picked":["hexamod:ThirdSeal","hexamod:FirstSeal"],"picked":"hexamod:SixthSeal","floor":19.0},{"not_picked":["hexamod:ChargedBarrage","hexamod:ThermalTransfer"],"picked":"hexamod:Hexaguard+1","floor":20.0},{"not_picked":["hexamod:SixthSeal","hexamod:FirstSeal"],"picked":"hexamod:FourthSeal","floor":20.0},{"not_picked":["hexamod:NightmareStrike","hexamod:SpectersWail"],"picked":"hexamod:ThermalTransfer+1","floor":21.0},{"not_picked":["hexamod:SixthSeal","hexamod:FirstSeal"],"picked":"hexamod:ThirdSeal","floor":22.0},{"not_picked":["hexamod:FirstSeal","hexamod:RainOfEmbers"],"picked":"hexamod:SkipABeat+1","floor":22.0},{"not_picked":["hexamod:FirstSeal","hexamod:ThirdSeal"],"picked":"hexamod:SecondSeal","floor":23.0},{"not_picked":["hexamod:GiftsFromTheDead","hexamod:Again","hexamod:HauntingEcho"],"picked":"SKIP","floor":23.0},{"not_picked":["hexamod:FlamesFromBeyond","hexamod:Firestarter","hexamod:HauntingEcho"],"picked":"SKIP","floor":23.0},{"not_picked":["hexamod:NightmareGuise","hexamod:RainOfEmbers+1"],"picked":"hexamod:Rewind","floor":25.0},{"not_picked":["hexamod:ShieldOfDarkness","hexamod:GhostShield","hexamod:PhantomFireball"],"picked":"SKIP","floor":25.0},{"not_picked":["hexamod:ShieldOfDarkness","hexamod:PhantomFireball"],"picked":"hexamod:FifthSeal","floor":28.0},{"not_picked":["hexamod:SecondSeal","hexamod:FirstSeal"],"picked":"hexamod:FourthSeal","floor":30.0},{"not_picked":["hexamod:StepThrough","hexamod:BacktrackSmack"],"picked":"hexamod:NecessarySacrifice","floor":30.0},{"not_picked":["hexamod:SoulSteal","hexamod:NecessarySacrifice","hexamod:PhantomCloak"],"picked":"SKIP","floor":31.0},{"not_picked":["hexamod:ThirdSeal","hexamod:FourthSeal"],"picked":"hexamod:SixthSeal","floor":32.0},{"not_picked":["hexamod:GhostLash+1","hexamod:GhostShield","hexamod:SpectralAdrenaline"],"picked":"SKIP","floor":32.0},{"not_picked":["hexamod:GiftsFromTheDead","hexamod:TimeOfNeed"],"picked":"hexamod:EmpoweringStance","floor":33.0},{"not_picked":["hexamod:FourthSeal","hexamod:FirstSeal"],"picked":"hexamod:SixthSeal","floor":36.0},{"not_picked":["hexamod:BurningTouch","hexamod:RecurringNightmare+1"],"picked":"hexamod:RainOfEmbers+1","floor":36.0},{"not_picked":["hexamod:Firestarter","hexamod:RadiantFlame"],"picked":"hexamod:GhostOfSpirePast","floor":37.0},{"not_picked":["hexamod:FourthSeal","hexamod:SixthSeal"],"picked":"hexamod:SecondSeal","floor":38.0},{"not_picked":["hexamod:PowerFromBeyond","hexamod:BacktrackSmack"],"picked":"hexamod:HauntingEcho+1","floor":42.0},{"not_picked":["hexamod:FirstSeal","hexamod:SecondSeal","hexamod:FourthSeal"],"picked":"SKIP","floor":42.0},{"not_picked":["hexamod:SpectralAdrenaline","hexamod:SoulSteal","hexamod:SwordOfDarkness"],"picked":"SKIP","floor":43.0},{"not_picked":["hexamod:SpectersWail","hexamod:Firestarter","hexamod:InspiringFlames+1"],"picked":"SKIP","floor":45.0},{"not_picked":["hexamod:SearingWound","hexamod:RecurringNightmare","hexamod:Firestarter+1"],"picked":"SKIP","floor":46.0},{"not_picked":["hexamod:Firestarter","hexamod:InspiringFlames","hexamod:SwordOfDarkness+1"],"picked":"SKIP","floor":47},{"not_picked":["hexamod:NightmareStrike","hexamod:GhostLash"],"picked":"hexamod:HeatShield+1","floor":48},{"not_picked":["hexamod:NightmareStrike+1","hexamod:ThirdSeal"],"picked":"hexamod:GhostOfSpireFuture+1","floor":49},{"not_picked":["hexamod:GhostOfSpirePresent","hexamod:SuperheatedStrike"],"picked":"hexamod:PhantomCloak","floor":52}],"player_experience":2911099,"relics_obtained":[{"floor":6.0,"key":"Bottled Flame"},{"floor":11.0,"key":"Bag of Preparation"},{"floor":24.0,"key":"Art of War"},{"floor":28.0,"key":"Regal Pillow"},{"floor":29.0,"key":"Necronomicon"},{"floor":31.0,"key":"Bag of Marbles"},{"floor":38.0,"key":"Thread and Needle"},{"floor":43.0,"key":"Omamori"},{"floor":46.0,"key":"Nunchaku"},{"floor":48,"key":"hexamod:InflammatoryLetter"},{"floor":52,"key":"Sundial"}],"event_choices":[{"damage_healed":0.0,"max_hp_gain":0.0,"max_hp_loss":0.0,"gold_gain":0.0,"event_name":"Lab","player_choice":"Got Potions","floor":4.0,"gold_loss":0.0,"damage_taken":0.0},{"damage_healed":0.0,"max_hp_gain":0.0,"max_hp_loss":0.0,"gold_gain":0.0,"event_name":"Upgrade Shrine","player_choice":"Upgraded","floor":14.0,"gold_loss":0.0,"damage_taken":0.0,"cards_upgraded":["hexamod:HexaLevel"]},{"damage_healed":0.0,"max_hp_gain":0.0,"max_hp_loss":0.0,"gold_gain":0.0,"event_name":"The Library","player_choice":"Read","floor":27.0,"gold_loss":0.0,"damage_taken":0.0,"cards_obtained":["hexamod:FirstSeal"]}],"is_beta":false,"boss_relics":[{"not_picked":["Empty Cage","Busted Crown"],"picked":"Philosopher\u0027s Stone"},{"not_picked":["Runic Pyramid","Sozu"],"picked":"Cursed Key"}],"items_purged_floors":[21,23,30,42],"is_endless":false,"potions_floor_spawned":[3,11,15,16,20,25,28,31,32,33,36,37,43,46,49],"ascension_level":20}}