{"host":"appz8zkad29u9482","time":1609907366,"event":{"mods":["2.2 Compatiblity","Act Like it!","Aspiration","BaseMod","Beaked The Cultist","Better Altar","Better Match","Better Note","Better Skull","Better Third Choice","BetterRewards","CapriCore","Conspire","Disable Question Mark Monsters","Energized Spire","Gensokyo","GifTheSpireLib","Gold Saver","Halation","Hermit","Hubris","Infinite Spire","Jedi Mod","Jorbs\u0027s Wanderer Trilogy","Koishi","Marisa????????","Minty Spire (QoL Compilation)","Permanent Neow","Reimu??????","Replay The Spire","Spicy Shops","StSLib","Strawberry Spire","Stuff the Spire","The Administrix","The Cursed","The Hierophant","The Immortal","The Marked","The Servant 0.9.4","yUi"],"gold_per_floor":[699,699,136,148,148,176,196,237,263,297,297,137,137,194,194,300,300,523,542,467,467,488,488,506,506,506,527,555,555,570,600,600,702,702,717,736,221,221,221,221,259,259,259,286,323,340,142,162,162,163],"floor_reached":51,"playtime":3668,"items_purged":[],"score":1179,"play_id":"c625275c-2fd1-4967-95c3-456bee67234c","local_time":"20210105182926","is_ascension_mode":true,"campfire_choices":[{"floor":13,"key":"REST"},{"data":"MokouMod:PhoenixForm","floor":15,"key":"SMITH"},{"floor":23,"key":"REST"},{"data":"MokouMod:SacredFire","floor":25,"key":"SMITH"},{"floor":32,"key":"REST"},{"data":"ReplayTheSpireMod:Brewmster","floor":40,"key":"SMITH"},{"data":"infinitespire:Oblivion","floor":42,"key":"SMITH"},{"data":"MokouMod:PhoenixForm","floor":49,"key":"SMITH"}],"circlet_count":0,"master_deck":["MokouMod:Strike","MokouMod:Strike","MokouMod:Strike","MokouMod:Strike","MokouMod:Strike","MokouMod:Defend","MokouMod:Defend+1","MokouMod:HeatSpark","ReplayTheSpireMod:Brewmster+1","MokouMod:FujiyamaVolcano","MokouMod:UncontrollableSolarReaction","MokouMod:IgnitionBlast+1","MokouMod:Ember","MokouMod:RisingSunBarrier","MokouMod:FusionFlare","MokouMod:Geothermal","MokouMod:HeartofFire","Necronomicurse","MokouMod:CrimsonFlare","MokouMod:PhoenixForm+1","MokouMod:IgnitionBlast","MokouMod:SacredFire+1","MokouMod:FujiyamaVolcano+1","MokouMod:ScorchingColumn+1","Bandage Up+1","MokouMod:AdaptivePyromancy","MokouMod:ScorchedEarth","MokouMod:ScorchedEarth","MokouMod:AdaptivePyromancy","MokouMod:Meltdown","MokouMod:ResoluteFlare","MokouMod:BurningHiddenBullet","MokouMod:IllusoryBattlefield+1","infinitespire:Oblivion+1","MokouMod:CrimsonFlare+1","MokouMod:Scorch","MokouMod:PhoenixForm+1","MokouMod:ResonanceReactor","MokouMod:FujiyamaVolcano+1"],"relics":["MokouMod:PhoenixFeather","halation:RedSoulGem","jedi:fakemustache","StuffTheSpire:BottledEssence","hubris:HerbalPaste","Dream Catcher","Strawberry","halation:IllGainedPizza","StuffTheSpire:NeowsTribute","Snack Pack","Gensokyo:CelestialsFlawlessClothing","Necronomicon","Eternal Feather","hubris:GrandSneckoEye","hubris:SphereOfDissonance","jedi:maincommand","Toy Ornithopter","beaked:SacredNecklace","jedi:firstaidkit","Bottled Flame","aspiration:StickyExplosives","aspiration:Headhunter","Chemical X"],"acts_visited":["Gensokyo:Gensokyo","Gensokyo:Gensokyoer","Gensokyo:Gensokyoest"],"potions_floor_usage":[1,4,6,6,6,6,6,7,8,8,8,8,8,8,8,8,8,10,10,10,10,10,10,10,16,16,16,16,16,18,18,18,18,19,19,19,22,22,24,24,28,31,36,41,41,44,45,50],"damage_taken":[{"damage":22,"enemies":"Gensokyo:3_Fairies","floor":1,"turns":4},{"damage":0,"enemies":"Gensokyo:Python","floor":4,"turns":3},{"damage":10,"enemies":"Gensokyo:Mamizou","floor":6,"turns":5},{"damage":0,"enemies":"Gensokyo:Gryphon","floor":7,"turns":1},{"damage":14,"enemies":"Gensokyo:Cirno","floor":8,"turns":6},{"damage":0,"enemies":"Gensokyo:Mamizou","floor":10,"turns":5},{"damage":29,"enemies":"Gensokyo:Cirno","floor":14,"turns":8},{"damage":6,"enemies":"Gensokyo:Reimu","floor":16,"turns":5},{"damage":37,"enemies":"Gensokyo:3_Dogs","floor":18,"turns":4},{"damage":8,"enemies":"Gensokyo:CosmicMonolith","floor":19,"turns":3},{"damage":6,"enemies":"Gensokyo:Chomper_and_Gloop","floor":22,"turns":3},{"damage":14,"enemies":"Gensokyo:Slime_Group","floor":24,"turns":3},{"damage":38,"enemies":"Gensokyo:Mirror_and_Dog","floor":27,"turns":3},{"damage":24,"enemies":"Gensokyo:Koishi","floor":28,"turns":4},{"damage":0,"enemies":"Gensokyo:Wraith","floor":30,"turns":2},{"damage":0,"enemies":"Gensokyo:Tenshi","floor":31,"turns":1},{"damage":54,"enemies":"Gensokyo:Eiki","floor":33,"turns":5},{"damage":0,"enemies":"Gensokyo:3_Bats","floor":35,"turns":1},{"damage":16,"enemies":"Gensokyo:AncientGuardian","floor":36,"turns":3},{"damage":20,"enemies":"Gensokyo:Kasen","floor":41,"turns":3},{"damage":0,"enemies":"Gensokyo:Marisa","floor":44,"turns":1},{"damage":26,"enemies":"Gensokyo:Doremy","floor":45,"turns":3},{"damage":0,"enemies":"Gensokyo:AtlasGolem","floor":46,"turns":1},{"damage":0,"enemies":"Gensokyo:Sharpion","floor":48,"turns":1},{"damage":15,"enemies":"Gensokyo:Yuyuko","floor":50,"turns":2}],"seed_played":"-3116768204637195186","potions_obtained":[{"floor":4,"key":"CultistPotion"},{"floor":10,"key":"Cursed Concoction"},{"floor":19,"key":"jedi:StrikingPotion"},{"floor":28,"key":"GrandPatriotsElixir:ReiMu"},{"floor":33,"key":"Energy Potion"},{"floor":44,"key":"EssenceOfSteel"},{"floor":45,"key":"Strength Potion"}],"is_trial":false,"path_per_floor":["M","?","COS","M","?","E","M","E","T","E","?","?","R","E","R","B",null,"M","M","?","?","M","R","M","R","T","M","E","?","M","E","R","B",null,"M","M","?","?","?","R","E","R","T","E","E","M","$","M","R","B",null],"character_chosen":"MKU","items_purchased":["ReplayTheSpireMod:Brewmster","MokouMod:FujiyamaVolcano","MokouMod:IgnitionBlast+1","jedi:command_shop"],"campfire_rested":3,"item_purchase_floors":[0,0,0,47],"current_hp_per_floor":[20,20,30,35,6,9,12,4,4,35,16,16,39,20,32,36,77,43,42,42,42,43,77,63,77,77,43,27,19,22,22,63,17,77,77,61,61,50,58,76,70,77,77,77,51,51,56,56,77,77],"gold":163,"neow_bonus":"","is_daily":false,"chose_seed":false,"campfire_upgraded":5,"win_rate":0.0,"timestamp":1609907366,"path_taken":["M","?","COS","M","?","E","?","E","T","E","?","?","R","E","R","BOSS","M","M","?","?","M","R","M","R","T","M","E","?","?","E","R","BOSS","M","M","?","?","?","R","E","R","T","E","E","?","$","M","R","BOSS"],"items_purchased_type":["Card","Card","Card","Relic"],"build_version":"2020-12-22","purchased_purges":0,"victory":true,"max_hp_per_floor":[70,70,70,70,70,77,77,77,77,77,77,77,77,77,77,77,77,77,77,77,77,77,77,77,77,77,77,77,77,77,77,77,77,77,77,77,77,77,77,77,77,77,77,77,77,77,77,77,77,77],"card_choices":[{"not_picked":["MokouMod:RoaringFlare","MokouMod:Sear"],"picked":"MokouMod:Ember","floor":1},{"not_picked":["MokouMod:HeartofFire","MokouMod:IllusoryBattlefield"],"picked":"MokouMod:Sear","floor":4},{"not_picked":["MokouMod:SearingShot","MokouMod:Trailblazer"],"picked":"MokouMod:RisingSunBarrier","floor":6},{"not_picked":["MokouMod:UncontrollableSolarReaction","MokouMod:InfernalWave"],"picked":"MokouMod:FusionFlare","floor":7},{"not_picked":["MokouMod:Ventilation","MokouMod:Ember"],"picked":"MokouMod:Geothermal","floor":8},{"not_picked":["MokouMod:EternalBurstReactor","MokouMod:IgnitionBlast"],"picked":"MokouMod:HeartofFire","floor":10},{"not_picked":["MokouMod:UncontrollableSolarReaction","MokouMod:TemporalFireSeal"],"picked":"MokouMod:CrimsonFlare","floor":13},{"not_picked":["MokouMod:Rekindle","MokouMod:SpontaneousHumanCombustion"],"picked":"MokouMod:PhoenixForm","floor":14},{"not_picked":["MokouMod:ThermalPressure","MokouMod:Burn"],"picked":"MokouMod:IgnitionBlast","floor":14},{"not_picked":["MokouMod:Ventilation","MokouMod:BurningHiddenBullet"],"picked":"MokouMod:SacredFire","floor":16},{"not_picked":["MokouMod:Burn","MokouMod:AdaptivePyromancy+1"],"picked":"MokouMod:FujiyamaVolcano+1","floor":18},{"not_picked":["MokouMod:Sear","MokouMod:Overheat","MokouMod:Ember"],"picked":"SKIP","floor":19},{"not_picked":["MokouMod:BurningDraft+1","MokouMod:Firecracker+1"],"picked":"MokouMod:ScorchingColumn+1","floor":20},{"not_picked":["Jack Of All Trades+1","strawberrySpire:Disreguard+1"],"picked":"Bandage Up+1","floor":20},{"not_picked":["MokouMod:RoaringFlare","MokouMod:Combust"],"picked":"MokouMod:AdaptivePyromancy","floor":22},{"not_picked":["MokouMod:Sear","MokouMod:ProfanedFlare"],"picked":"MokouMod:ScorchedEarth","floor":23},{"not_picked":["MokouMod:Stoke","MokouMod:Wildfire+1"],"picked":"MokouMod:ScorchedEarth","floor":24},{"not_picked":["MokouMod:RoaringFlare","MokouMod:Trailblazer"],"picked":"MokouMod:AdaptivePyromancy","floor":27},{"not_picked":["MokouMod:Burn","MokouMod:RoaringFlare"],"picked":"MokouMod:Meltdown","floor":28},{"not_picked":["MokouMod:Burn","MokouMod:ScorchingColumn","MokouMod:ShiftIgnition"],"picked":"SKIP","floor":30},{"not_picked":["MokouMod:Sear+1","MokouMod:Firecracker+1"],"picked":"MokouMod:ResoluteFlare","floor":31},{"not_picked":["MokouMod:Ventilation","MokouMod:PhoenixForm"],"picked":"MokouMod:BurningHiddenBullet","floor":33},{"not_picked":["MokouMod:Stoke","MokouMod:ScorchingColumn"],"picked":"MokouMod:IllusoryBattlefield+1","floor":35},{"not_picked":["MokouMod:HeartofFire","MokouMod:IllusoryBattlefield+1","MokouMod:Firecracker+1"],"picked":"SKIP","floor":36},{"not_picked":["hubris:Rewind","infinitespire:Fortify"],"picked":"infinitespire:Oblivion","floor":37},{"not_picked":["MokouMod:UncontrollableSolarReaction","MokouMod:IllusoryBattlefield+1"],"picked":"MokouMod:CrimsonFlare+1","floor":41},{"not_picked":["MokouMod:EternalBurstReactor+1","MokouMod:Singe"],"picked":"MokouMod:Scorch","floor":44},{"not_picked":["MokouMod:ScorchingColumn","MokouMod:FlickeringFlame+1"],"picked":"MokouMod:PhoenixForm","floor":45},{"not_picked":["MokouMod:IllusoryBattlefield","MokouMod:FlareStarter+1"],"picked":"MokouMod:ResonanceReactor","floor":46},{"not_picked":["MokouMod:Overheat+1","MokouMod:EternalBurstReactor+1"],"picked":"MokouMod:FujiyamaVolcano+1","floor":48}],"player_experience":486654,"relics_obtained":[{"floor":6,"key":"halation:IllGainedPizza"},{"floor":8,"key":"StuffTheSpire:NeowsTribute"},{"floor":9,"key":"Vajra"},{"floor":10,"key":"Snack Pack"},{"floor":14,"key":"Eternal Feather"},{"floor":28,"key":"hubris:SphereOfDissonance"},{"floor":31,"key":"jedi:command_common"},{"floor":41,"key":"jedi:command_rare"},{"floor":43,"key":"jedi:command_uncommon"},{"floor":44,"key":"jedi:command_uncommon"},{"floor":45,"key":"jedi:command_rare"}],"event_choices":[{"damage_healed":0,"gold_gain":0,"player_choice":"UP RE ","damage_taken":33,"relics_obtained":["Dream Catcher"],"max_hp_gain":0,"max_hp_loss":0,"event_name":"betterSkull:BetterSkull","floor":5,"gold_loss":0,"cards_upgraded":["MokouMod:Defend"]},{"damage_healed":0,"gold_gain":0,"player_choice":"2","damage_taken":0,"max_hp_gain":0,"max_hp_loss":0,"event_name":"betterMatch:BetterMatch","floor":20,"gold_loss":0,"cards_obtained":["betterMatch:CommonCard","betterMatch:ColorlessUncommonCard"]}],"is_beta":false,"boss_relics":[{"not_picked":["Snecko Eye","Replay:Ancient Bell"],"picked":"hubris:GrandSneckoEye"},{"not_picked":["jedi:command_boss","jedi:command_boss"],"picked":"jedi:command_boss"}],"items_purged_floors":[],"is_endless":false,"potions_floor_spawned":[1,4,10,19,28,33,41,44,45],"ascension_level":3}}