{"host":"94aus4jnk6thj94q","time":1609923535,"event":{"mods":["BaseMod","Minty Spire (QoL Compilation)","Quick Restart","StSLib"],"gold_per_floor":[115,115,131,151,30,61,61,85,85,85,10,10,33,56,56,175,175,199,223,223,223,223],"floor_reached":21,"playtime":7250,"items_purged":[],"score":180,"play_id":"9f55e5b4-a456-46df-92d2-b632b41ae449","local_time":"20210106105855","is_ascension_mode":false,"campfire_choices":[{"floor":7,"key":"REST"},{"floor":10,"key":"REST"},{"data":"Panacea","floor":15,"key":"SMITH"}],"circlet_count":0,"master_deck":["Strike_B","Strike_B","Defend_B","Defend_B","Defend_B","Defend_B","Zap","Dualcast","Sunder","Redo","Cold Snap","Panacea+1","Conserve Battery","Chaos","Static Discharge","White Noise","Echo Form","Leap+1","BootSequence+1"],"relics":["Cracked Core","Akabeko","Golden Idol","Question Card","Spirit Poop","Empty Cage"],"acts_visited":["Exordium","TheCity"],"potions_floor_usage":[6,13,16,16],"damage_taken":[{"damage":0,"enemies":"2 Louse","floor":1,"turns":2},{"damage":10,"enemies":"Small Slimes","floor":3,"turns":2},{"damage":0,"enemies":"Cultist","floor":4,"turns":2},{"damage":20,"enemies":"Gremlin Nob","floor":6,"turns":4},{"damage":11,"enemies":"Lots of Slimes","floor":8,"turns":4},{"damage":0,"enemies":"Large Slime","floor":13,"turns":5},{"damage":4,"enemies":"2 Fungi Beasts","floor":14,"turns":2},{"damage":40,"enemies":"Slime Boss","floor":16,"turns":12},{"damage":29,"enemies":"3 Byrds","floor":18,"turns":6},{"damage":19,"enemies":"Shell Parasite","floor":19,"turns":7},{"damage":0,"enemies":"Chosen and Byrds","floor":21,"turns":4}],"seed_played":"-3526881784528699200","potions_obtained":[{"floor":1,"key":"DistilledChaos"},{"floor":6,"key":"PotionOfCapacity"},{"floor":8,"key":"PotionOfCapacity"},{"floor":14,"key":"DuplicationPotion"},{"floor":16,"key":"SteroidPotion"},{"floor":18,"key":"FearPotion"}],"is_trial":false,"path_per_floor":["M","?","M","M","$","E","R","M","T","R","$","?","M","M","R","B",null,"M","M","?","M"],"character_chosen":"DEFECT","items_purchased":["Panacea","Conserve Battery","Static Discharge"],"campfire_rested":2,"item_purchase_floors":[5,5,11],"current_hp_per_floor":[75,75,65,65,65,45,67,56,56,75,75,75,75,71,71,31,75,46,27,27,27,27],"gold":223,"neow_bonus":"RANDOM_COMMON_RELIC","is_daily":false,"chose_seed":false,"campfire_upgraded":1,"win_rate":0.0,"timestamp":1609923535,"path_taken":["M","?","M","M","$","E","R","M","T","R","$","?","M","M","R","BOSS","M","M","?","?"],"items_purchased_type":["Card","Card","Card"],"build_version":"2020-12-22","purchased_purges":0,"victory":false,"max_hp_per_floor":[75,75,75,75,75,75,75,75,75,75,75,75,75,75,75,75,75,75,75,75,75,75],"card_choices":[{"not_picked":["Streamline","Compile Driver"],"picked":"Sunder","floor":1},{"not_picked":["Steam","Sweeping Beam"],"picked":"Redo","floor":3},{"not_picked":["Recycle","Undo"],"picked":"Cold Snap","floor":4},{"not_picked":["Barrage","Reinforced Body","Gash"],"picked":"SKIP","floor":6},{"not_picked":["Rip and Tear","Steam","Sweeping Beam"],"picked":"Chaos","floor":8},{"not_picked":["Storm","Barrage","Leap"],"picked":"White Noise","floor":13},{"not_picked":["Compile Driver","BootSequence","Beam Cell","Meteor Strike"],"picked":"SKIP","floor":14},{"not_picked":["Fission","Creative AI","Machine Learning"],"picked":"Echo Form","floor":16},{"not_picked":["Redo","Go for the Eyes","Rebound"],"picked":"Leap+1","floor":18},{"not_picked":["Cold Snap","Steam","Sweeping Beam"],"picked":"BootSequence+1","floor":19}],"player_experience":5689990,"relics_obtained":[{"floor":6,"key":"Question Card"}],"event_choices":[{"damage_healed":0,"gold_gain":0,"player_choice":"Take Wound","damage_taken":0,"relics_obtained":["Golden Idol"],"max_hp_gain":0,"max_hp_loss":0,"event_name":"Golden Idol","floor":2,"gold_loss":0,"cards_obtained":["Injury"]},{"cards_removed":["Injury"],"damage_healed":0,"gold_gain":0,"player_choice":"Offered Curse","damage_taken":0,"relics_obtained":["Spirit Poop"],"max_hp_gain":0,"max_hp_loss":0,"event_name":"Bonfire Elementals","floor":12,"gold_loss":0},{"damage_healed":0,"gold_gain":0,"player_choice":"Ignored","damage_taken":0,"max_hp_gain":0,"max_hp_loss":0,"event_name":"Transmorgrifier","floor":20,"gold_loss":0}],"is_beta":false,"boss_relics":[{"not_picked":["Runic Dome","Coffee Dripper"],"picked":"Empty Cage"}],"items_purged_floors":[],"is_endless":false,"potions_floor_spawned":[1,6,8,14,16,18],"killed_by":"Chosen and Byrds","ascension_level":0}}