{"host":"yecadp3kwkksam5a","time":1609939786,"event":{"mods":["BaseMod","Minty Spire (QoL Compilation)","Replay The Spire","StSLib","The Jungle"],"gold_per_floor":[137,137,137,153,168,200,200,257,257,288,306,326,409,437,437,561,561,573,33,48,61,74,108,121,121,121,156,156,156,156,189,189,287,287,360,470,495,89,89,153,28,116,141,201,285,285,285,388,388,418,418,418,84,118,118],"floor_reached":56,"playtime":3011,"items_purged":["Strike_P","Sickly","Injury","DeceiveReality"],"score":2389,"play_id":"6ce68d81-a14a-46cd-ac56-519a7f3981c5","local_time":"20210106222946","is_ascension_mode":true,"campfire_choices":[{"floor":7.0,"key":"RECALL"},{"data":"MasterReality","floor":15.0,"key":"SMITH"},{"data":"Scrawl","floor":25.0,"key":"SMITH"},{"data":"Nirvana","floor":25.0,"key":"SMITH"},{"floor":30.0,"key":"DIG"},{"floor":32.0,"key":"DIG"},{"floor":46,"key":"DIG"},{"floor":49,"key":"DIG"},{"floor":52,"key":"DIG"}],"circlet_count":0,"master_deck":["Eruption+1","Tantrum","CarveReality+1","Establishment+1","Evaluate","TalkToTheHand","FlurryOfBlows+1","Vault+1","Evaluate+1","FlurryOfBlows","SpiritShield+1","Protect+1","Devotion+1","Sanctity","Vault+1","Evaluate+1","Study+1","Ragnarok+1","EmptyFist","TalkToTheHand","BattleHymn","Wish+1","Finesse","DevaForm+1","Omniscience+1","ReachHeaven","EmptyMind+1","Evaluate+1","Sanctity+1","CrushJoints","Perseverance+1","Vault","Adaptation+1","Prostrate","Nirvana+1","Fasting2","MasterReality+1","CutThroughFate","Scrawl+1","Worship","ConjureBlade+1","FlurryOfBlows","TalkToTheHand+1","Wireheading","FearNoEvil","CutThroughFate","Secret Technique","Prostrate+1","TalkToTheHand","CutThroughFate"],"relics":["HolyWater","Eternal Feather","Ice Cream","War Paint","Melange","Singing Bowl","Whetstone","Bag of Marbles","White Beast Statue","Potion Belt","Pear","PreservedInsect","Regal Pillow","MealTicket","Strawberry","Happy Flower","Black Star","Mummified Hand","Nunchaku","Letter Opener","Anchor","Bag of Preparation","Vajra","Kunai","Ice Cream","Mercury Hourglass","Singing Bowl","Lizard Tail","Counterbalance","Eternal Feather","Tiny Chest","Nunchaku","SlaversCollar","Replay:Arrowhead","Guide Book","Ornamental Fan","Replay:Bottled Flurry","Sundial","InkBottle","Quantum Egg","Shovel","White Beast Statue","Replay:Rubber Ducky","Replay:Ringing Soul","Replay:WaspNest","Kintsugi","Torii","CeramicFish","Chemical X","War Paint","The Courier","Replay:Kaleidoscope","Potion Belt","Strawberry","Gremlin Food","Ginger","Darkstone Periapt","Blood Vial","Damaru","Garlic","Yang","TeardropLocket","Bottled Tornado"],"acts_visited":["Exordium","theJungle:Jungle","TheBeyond","TheEnding"],"potions_floor_usage":[],"damage_taken":[{"damage":0.0,"enemies":"Jaw Worm","floor":1.0,"turns":3.0},{"damage":0.0,"enemies":"Cultist","floor":4.0,"turns":2.0},{"damage":0.0,"enemies":"2 Louse","floor":5.0,"turns":2.0},{"damage":0.0,"enemies":"Lagavulin","floor":6.0,"turns":3.0},{"damage":0.0,"enemies":"3 Sentries","floor":8.0,"turns":4.0},{"damage":0.0,"enemies":"Gremlin Nob","floor":10.0,"turns":2.0},{"damage":0.0,"enemies":"Large Slime","floor":11.0,"turns":1.0},{"damage":0.0,"enemies":"Exordium Wildlife","floor":12.0,"turns":4.0},{"damage":0.0,"enemies":"Lagavulin Event","floor":13.0,"turns":2.0},{"damage":0.0,"enemies":"Lagavulin","floor":14.0,"turns":2.0},{"damage":3.0,"enemies":"The Guardian","floor":16.0,"turns":5.0},{"damage":0.0,"enemies":"theJungle:Flameango_and_Byrd","floor":18.0,"turns":2.0},{"damage":0.0,"enemies":"theJungle:MUSHROOMGANG","floor":20.0,"turns":2.0},{"damage":0.0,"enemies":"theJungle:JungleHuntersEncounter","floor":21.0,"turns":4.0},{"damage":0.0,"enemies":"theJungle:SlimyTreeVines","floor":22.0,"turns":1.0},{"damage":0.0,"enemies":"theJungle:Cassacara","floor":23.0,"turns":1.0},{"damage":0.0,"enemies":"theJungle:2_Snecko_Cultists","floor":24.0,"turns":2.0},{"damage":0.0,"enemies":"theJungle:2_Phrogs","floor":27.0,"turns":2.0},{"damage":0.0,"enemies":"theJungle:MamaSnecko","floor":31.0,"turns":2.0},{"damage":9.0,"enemies":"theJungle:FunGuy","floor":33.0,"turns":6.0},{"damage":0.0,"enemies":"Orb Walker","floor":35.0,"turns":2.0},{"damage":0.0,"enemies":"Mind Bloom Boss Battle","floor":36.0,"turns":2.0},{"damage":0.0,"enemies":"R_Hoarder","floor":40.0,"turns":3.0},{"damage":0.0,"enemies":"Nemesis","floor":42.0,"turns":1.0},{"damage":0.0,"enemies":"Giant Head","floor":44.0,"turns":5.0},{"damage":0,"enemies":"3 Darklings","floor":45,"turns":4},{"damage":0,"enemies":"R_Hoarder","floor":48,"turns":3},{"damage":45,"enemies":"Time Eater","floor":50,"turns":4},{"damage":0,"enemies":"Shield and Spear","floor":54,"turns":3},{"damage":0,"enemies":"The Heart","floor":55,"turns":4}],"seed_played":"-9046182144009598304","potions_obtained":[{"floor":1.0,"key":"BottledMiracle"},{"floor":4.0,"key":"SpeedPotion"},{"floor":5.0,"key":"LiquidBronze"},{"floor":6.0,"key":"SteroidPotion"},{"floor":8.0,"key":"SpeedPotion"},{"floor":44,"key":"Weak Potion"},{"floor":45,"key":"EssenceOfSteel"},{"floor":54,"key":"Swift Potion"}],"is_trial":false,"path_per_floor":["M","?","?","M","M","E","R","E","T","E","M","M","?","E","R","B",null,"M","$","M","M","M","E","M","R","T","E","?","?","R","E","R","B",null,"M","?","T","$","?","E","$","E","T","E","M","R","?","E","R","B",null,"R","$","E","B",null],"character_chosen":"WATCHER","items_purchased":["Replay:Arrowhead","Guide Book","Chemical X","Secret Technique","CutThroughFate","Yang"],"campfire_rested":0,"item_purchase_floors":[19,19,38,38,53,53],"current_hp_per_floor":[107,107,107,109,111,113,113,115,115,115,117,117,117,117,117,114,116,118,119,119,121,121,121,123,123,123,123,43,43,103,105,125,118,128,130,133,133,138,134,136,146,148,148,157,160,160,160,163,163,118,152,163,166,168,168],"gold":118,"neow_bonus":"TEN_PERCENT_HP_BONUS","is_daily":false,"chose_seed":false,"campfire_upgraded":3,"win_rate":0.0,"timestamp":1609939786,"path_taken":["M","?","?","?","M","E","R","E","T","E","M","M","?","E","R","BOSS","M","$","M","M","M","E","M","R","T","E","?","?","R","E","R","BOSS","M","?","?","?","?","E","$","E","T","E","M","R","?","E","R","BOSS","R","$","E","BOSS"],"items_purchased_type":["Relic","Relic","Relic","Card","Card","Relic"],"build_version":"2020-12-22","purchased_purges":4,"victory":true,"max_hp_per_floor":[107,107,107,109,111,113,113,115,115,115,117,117,117,117,117,117,117,119,119,119,121,121,121,123,123,123,123,123,123,123,125,125,127,130,132,135,135,138,144,146,146,148,148,157,160,160,160,163,163,163,163,163,166,168,168],"card_choices":[{"not_picked":["Replay:AtTheReady","PathToVictory","JustLucky"],"picked":"Singing Bowl","floor":1.0},{"not_picked":["Halt","Perseverance","CrushJoints"],"picked":"Singing Bowl","floor":4.0},{"not_picked":["Replay:ManipulateFuture","ClearTheMind","Evaluate"],"picked":"Singing Bowl","floor":5.0},{"not_picked":["MentalFortress","EmptyBody","Tantrum"],"picked":"Singing Bowl","floor":6.0},{"not_picked":["PathToVictory","Ragnarok","WaveOfTheHand"],"picked":"Singing Bowl","floor":8.0},{"not_picked":["SignatureMove","Replay:BluntJabs"],"picked":"MasterReality","floor":10.0},{"not_picked":["FlyingSleeves","InnerPeace","Halt"],"picked":"Singing Bowl","floor":11.0},{"not_picked":["FlyingSleeves","ThirdEye"],"picked":"CutThroughFate","floor":12.0},{"not_picked":["CrushJoints","ThirdEye"],"picked":"Scrawl","floor":13.0},{"not_picked":["Halt","Swivel"],"picked":"Worship","floor":14.0},{"not_picked":["Replay:AllIn","Vault"],"picked":"ConjureBlade","floor":16.0},{"not_picked":["SashWhip","Replay:BluntJabs","BattleHymn"],"picked":"Singing Bowl","floor":18.0},{"not_picked":["BattleHymn","InnerPeace"],"picked":"FlurryOfBlows","floor":20.0},{"not_picked":["ClearTheMind","Replay:Anticipation+1","Evaluate+1"],"picked":"Singing Bowl","floor":21.0},{"not_picked":["Wallop","BowlingBash+1"],"picked":"TalkToTheHand+1","floor":22.0},{"not_picked":["Replay:ManipulateFuture","Replay:BluntJabs+1"],"picked":"Wireheading","floor":23.0},{"not_picked":["Crescendo","FollowUp","Pray"],"picked":"Singing Bowl","floor":24.0},{"not_picked":["Blasphemy","FollowUp+1"],"picked":"FearNoEvil","floor":27.0},{"not_picked":["JustLucky","CarveReality","Protect"],"picked":"Singing Bowl","floor":31.0},{"not_picked":["Replay:LoomingThreat","Ragnarok","MasterReality"],"picked":"Singing Bowl","floor":33.0},{"not_picked":["FollowUp","BowlingBash+1","Wallop+1"],"picked":"Singing Bowl","floor":35.0},{"not_picked":["BowlingBash","EmptyBody"],"picked":"CutThroughFate","floor":36.0},{"not_picked":["HandOfGreed","ReplayTheSpireMod:Trickstab","Midas Touch"],"picked":"Singing Bowl","floor":39.0},{"not_picked":["Specialist","Mayhem","Forethought"],"picked":"Singing Bowl","floor":39.0},{"not_picked":["Replay:Sssssssssstrike","Enlightenment","Poisoned Strike"],"picked":"Singing Bowl","floor":39.0},{"not_picked":["EmptyBody","MentalFortress","WreathOfFlame+1"],"picked":"Singing Bowl","floor":40.0},{"not_picked":["Replay:Hum","WheelKick","EmptyBody+1"],"picked":"Singing Bowl","floor":42.0},{"not_picked":["Evaluate","FlyingSleeves","Replay:LoomingThreat"],"picked":"Singing Bowl","floor":44},{"not_picked":["WaveOfTheHand","JustLucky+1"],"picked":"Prostrate+1","floor":45},{"not_picked":["Crescendo","ThirdEye"],"picked":"TalkToTheHand","floor":48},{"not_picked":["Weave+1","Replay:BluntJabs+1","EmptyFist+1"],"picked":"Singing Bowl","floor":54}],"player_experience":401260,"relics_obtained":[{"floor":6.0,"key":"Ice Cream"},{"floor":6.0,"key":"Mercury Hourglass"},{"floor":8.0,"key":"Singing Bowl"},{"floor":8.0,"key":"Lizard Tail"},{"floor":10.0,"key":"Counterbalance"},{"floor":13.0,"key":"Eternal Feather"},{"floor":14.0,"key":"Tiny Chest"},{"floor":14.0,"key":"Nunchaku"},{"floor":23.0,"key":"Ornamental Fan"},{"floor":23.0,"key":"Replay:Bottled Flurry"},{"floor":26.0,"key":"Sundial"},{"floor":27.0,"key":"InkBottle"},{"floor":27.0,"key":"Quantum Egg"},{"floor":30.0,"key":"White Beast Statue"},{"floor":31.0,"key":"Replay:Rubber Ducky"},{"floor":31.0,"key":"Replay:Ringing Soul"},{"floor":32.0,"key":"Replay:WaspNest"},{"floor":36.0,"key":"Torii"},{"floor":37.0,"key":"CeramicFish"},{"floor":40.0,"key":"War Paint"},{"floor":42.0,"key":"The Courier"},{"floor":42.0,"key":"Replay:Kaleidoscope"},{"floor":43.0,"key":"Potion Belt"},{"floor":44,"key":"Strawberry"},{"floor":44,"key":"Gremlin Food"},{"floor":46,"key":"Ginger"},{"floor":48,"key":"Darkstone Periapt"},{"floor":48,"key":"Blood Vial"},{"floor":49,"key":"Damaru"},{"floor":52,"key":"Garlic"},{"floor":54,"key":"TeardropLocket"},{"floor":54,"key":"Bottled Tornado"}],"event_choices":[{"cards_removed":["Defend_P"],"damage_healed":0.0,"max_hp_gain":0.0,"max_hp_loss":0.0,"gold_gain":0.0,"event_name":"Living Wall","player_choice":"Forget","floor":2.0,"gold_loss":0.0,"damage_taken":0.0},{"damage_healed":0.0,"max_hp_gain":0.0,"max_hp_loss":0.0,"gold_gain":0.0,"event_name":"Upgrade Shrine","player_choice":"Upgraded","floor":3.0,"gold_loss":0.0,"damage_taken":0.0,"cards_upgraded":["Ragnarok"]},{"damage_healed":0.0,"max_hp_gain":0.0,"max_hp_loss":0.0,"gold_gain":0.0,"event_name":"Dead Adventurer","player_choice":"Searched \u00271\u0027 times","floor":13.0,"gold_loss":0.0,"damage_taken":0.0},{"damage_healed":0.0,"max_hp_gain":0.0,"max_hp_loss":0.0,"gold_gain":0.0,"event_name":"MindBloom","player_choice":"Fight","floor":36.0,"gold_loss":0.0,"damage_taken":0.0},{"damage_healed":0.0,"max_hp_gain":0.0,"max_hp_loss":0.0,"gold_gain":0.0,"event_name":"SensoryStone","player_choice":"Memory 3","floor":39.0,"gold_loss":0.0,"damage_taken":10.0},{"damage_healed":0,"gold_gain":0,"player_choice":"Ignored","damage_taken":0,"max_hp_gain":0,"max_hp_loss":0,"event_name":"SecretPortal","floor":47,"gold_loss":0}],"is_beta":false,"boss_relics":[{"not_picked":["Fusion Hammer","Replay:Ancient Bell"],"picked":"SlaversCollar"},{"not_picked":["Painkiller Herb","Replay:Drink Me"],"picked":"Kintsugi"}],"items_purged_floors":[19,38,41,53],"is_endless":false,"potions_floor_spawned":[1,4,5,6,8,10,11,12,13,14,16,18,20,21,22,23,24,27,31,33,35,36,40,42,44,45,48,54],"ascension_level":7}}