{"host":"7xbu8gt067z192g2","time":1609891921,"event":{"mods":["BaseMod","Better Note","Colored Map","Colored Powertips","Googly Eyes","Highlight Path","Minty Spire (QoL Compilation)","Rare Cards Sparkle","Replay The Spire","StSLib","The Bladedancer","The Cursed","The Hierophant","The Valiant","The Wild Card"],"gold_per_floor":[116,116,116,116,135,135,171,171,171,196,239,255,255,16,16,137,137,155,155,216,69,89,89,89],"floor_reached":23,"playtime":857,"items_purged":[],"score":217,"play_id":"b4a9b0a7-9870-40c2-8d62-10e358526b2a","local_time":"20210105191201","is_ascension_mode":true,"campfire_choices":[{"data":"Sunder","floor":6,"key":"SMITH"},{"data":"Seek","floor":8,"key":"SMITH"},{"data":"Strike_B","floor":15,"key":"PURGE"}],"circlet_count":0,"master_deck":["Strike_B","Strike_B","Strike_B","Defend_B","Defend_B","Defend_B","Zap","Dualcast","Cold Snap","Meteor Strike+1","Sunder+1","Seek+1","Ball Lightning","Redo","Sweeping Beam","Mirror Shield","BasicCrystalCard","Darkness","Rainbow","Barrage","ReplayTheSpireMod:Splinters","Fission","Ball Lightning+1"],"relics":["Cracked Core","Golden Idol","Lizard Tail","White Beast Statue","Bag of Marbles","Art of War","Busted Crown","Replay:WaspNest"],"acts_visited":["Exordium","TheCity"],"potions_floor_usage":[7,11,12,23,23],"damage_taken":[{"damage":0,"enemies":"2 Louse","floor":1,"turns":4},{"damage":4,"enemies":"Small Slimes","floor":5,"turns":3},{"damage":26,"enemies":"Lagavulin","floor":7,"turns":6},{"damage":12,"enemies":"Jaw Worm","floor":10,"turns":2},{"damage":32,"enemies":"Gremlin Nob","floor":11,"turns":5},{"damage":11,"enemies":"Gremlin Gang","floor":12,"turns":3},{"damage":11,"enemies":"Slime Boss","floor":16,"turns":8},{"damage":37,"enemies":"3 Byrds","floor":18,"turns":5},{"damage":23,"enemies":"Shell Parasite","floor":22,"turns":3},{"damage":29,"enemies":"Slavers","floor":23,"turns":1}],"seed_played":"-87225629502102848","potions_obtained":[{"floor":1,"key":"Swift Potion"},{"floor":10,"key":"SpeedPotion"},{"floor":11,"key":"FearPotion"},{"floor":12,"key":"FearPotion"},{"floor":16,"key":"Elixir"},{"floor":18,"key":"PowerPotion"},{"floor":22,"key":"FocusPotion"}],"is_trial":false,"path_per_floor":["M","?","?","?","M","R","E","R","T","M","E","M","?","$","R_BF","B",null,"M","?","?","$","M","E"],"character_chosen":"DEFECT","items_purchased":["Art of War","BasicCrystalCard","Darkness","Fission"],"campfire_rested":0,"item_purchase_floors":[14,14,14,21],"current_hp_per_floor":[89,89,89,82,78,78,52,52,52,40,8,38,38,38,38,27,82,45,45,45,45,22,0,0],"gold":89,"neow_bonus":"TWENTY_PERCENT_HP_BONUS","is_daily":false,"chose_seed":false,"campfire_upgraded":2,"win_rate":0.0,"timestamp":1609891921,"path_taken":["M","?","?","?","?","R","E","R","T","?","E","M","?","?","R_BF","BOSS","M","?","?","$","M","E"],"items_purchased_type":["Relic","Card","Card","Card"],"build_version":"2020-12-22","purchased_purges":0,"victory":false,"max_hp_per_floor":[89,89,89,82,82,82,82,82,82,82,82,82,82,82,82,82,82,82,82,82,82,82,82,82],"card_choices":[{"not_picked":["Melter","Beam Cell"],"picked":"Cold Snap","floor":1},{"not_picked":["Leap","Reinforced Body"],"picked":"Sunder","floor":5},{"not_picked":["Rebound","Barrage"],"picked":"Seek","floor":7},{"not_picked":["Beam Cell","ReplayTheSpireMod:GoodbyeWorld"],"picked":"Ball Lightning","floor":10},{"not_picked":["Chill","Storm"],"picked":"Redo","floor":11},{"not_picked":["ReplayTheSpireMod:System Scan","Cold Snap"],"picked":"Sweeping Beam","floor":12},{"not_picked":["Amplify","Buffer"],"picked":"Rainbow","floor":16},{"not_picked":[],"picked":"Barrage","floor":18},{"not_picked":[],"picked":"Ball Lightning+1","floor":22}],"player_experience":147269,"relics_obtained":[{"floor":7,"key":"Lizard Tail"},{"floor":9,"key":"White Beast Statue"},{"floor":11,"key":"Bag of Marbles"},{"floor":20,"key":"Replay:WaspNest"}],"event_choices":[{"damage_healed":0,"gold_gain":0,"player_choice":"Lose Max HP","damage_taken":0,"relics_obtained":["Golden Idol"],"max_hp_gain":0,"max_hp_loss":7,"event_name":"Golden Idol","floor":4,"gold_loss":0},{"damage_healed":0,"gold_gain":0,"cards_transformed":["Defend_R"],"player_choice":"Change","damage_taken":0,"max_hp_gain":0,"max_hp_loss":0,"event_name":"Living Wall","floor":13,"gold_loss":0,"cards_obtained":["Mirror Shield"]}],"is_beta":false,"boss_relics":[{"not_picked":["Inserter","Replay:Wanted Poster"],"picked":"Busted Crown"}],"items_purged_floors":[],"is_endless":false,"potions_floor_spawned":[1,10,11,12,16,18,22],"killed_by":"Slavers","ascension_level":2}}