{"host":"uflv0e3ja7hvnij7","time":1609957213,"event":{"mods":["BaseMod","Better Altar","Better Match","Better Note","Better Sensory Stone","Better Skull","Better Third Choice","Minty Spire (QoL Compilation)","Permanent Neow","Replay The Spire","StSLib"],"gold_per_floor":[113,113,188,3,3,3,34,53,78,95,126,144,144,20,20,118,118],"floor_reached":16,"playtime":805,"items_purged":["Strike_R","Strike_R"],"score":213,"play_id":"d2ff6a7d-5481-430e-aa85-316ca04e1185","local_time":"20210106132013","is_ascension_mode":true,"campfire_choices":[{"data":"Bash","floor":6,"key":"SMITH"},{"floor":13,"key":"REST"},{"data":"Shockwave","floor":15,"key":"SMITH"}],"circlet_count":0,"master_deck":["Strike_R","Strike_R","Defend_R","Defend_R","Defend_R","Defend_R","Bash+1","Metamorphosis+1","Uppercut","Havoc","Shockwave+1","Offering"],"relics":["Burning Blood","Membership Card","Lizard Tail","Replay:Baseball","Matryoshka","Lee\u0027s Waffle"],"acts_visited":["Exordium"],"potions_floor_usage":[],"damage_taken":[{"damage":1,"enemies":"2 Louse","floor":1,"turns":3},{"damage":30,"enemies":"Lagavulin","floor":7,"turns":5},{"damage":0,"enemies":"Small Slimes","floor":8,"turns":3},{"damage":1,"enemies":"Cultist","floor":10,"turns":3},{"damage":2,"enemies":"Gremlin Nob","floor":11,"turns":3},{"damage":17,"enemies":"Large Slime","floor":12,"turns":5},{"damage":43,"enemies":"Hexaghost","floor":16,"turns":6}],"seed_played":"5143548172674399260","potions_obtained":[{"floor":8,"key":"Reflective Coating"},{"floor":16,"key":"Energy Potion"}],"is_trial":false,"path_per_floor":["M","?","?","$","?","R","E","M","T","M","E","M","R","$","R","B"],"character_chosen":"IRONCLAD","items_purchased":["Membership Card","Lee\u0027s Waffle"],"campfire_rested":1,"item_purchase_floors":[4,14],"current_hp_per_floor":[72,65,54,54,54,54,30,36,36,41,45,34,55,79,79,42,42],"gold":118,"neow_bonus":"RANDOM_COLORLESS_2","is_daily":false,"chose_seed":false,"campfire_upgraded":2,"win_rate":0.0,"timestamp":1609957213,"path_taken":["M","?","?","$","?","R","E","M","T","M","E","M","R","$","R","BOSS"],"items_purchased_type":["Relic","Relic"],"build_version":"2020-12-22","purchased_purges":2,"victory":false,"max_hp_per_floor":[72,72,72,72,72,72,72,72,72,72,72,72,72,79,79,79,79],"card_choices":[{"not_picked":["Master of Strategy","Secret Weapon"],"picked":"Metamorphosis","floor":0},{"not_picked":["Life Link","Perfected Strike","Bloodletting"],"picked":"SKIP","floor":1},{"not_picked":["Perfected Strike","ReplayTheSpireMod:Strike From Hell"],"picked":"Uppercut","floor":7},{"not_picked":["ReplayTheSpireMod:Strike From Hell","Shrug It Off"],"picked":"Havoc","floor":8},{"not_picked":["Reaper","ReplayTheSpireMod:Corrosion Curse"],"picked":"Shockwave","floor":10},{"not_picked":["Perfected Strike","Replay:Undeath\u0027s Touch"],"picked":"Offering","floor":11},{"not_picked":["True Grit","Wild Strike","Warcry"],"picked":"SKIP","floor":12}],"player_experience":503487,"relics_obtained":[{"floor":7,"key":"Lizard Tail"},{"floor":9,"key":"Replay:Baseball"},{"floor":11,"key":"Matryoshka"}],"event_choices":[{"cards_removed":["Strike_R"],"damage_healed":0,"gold_gain":0,"player_choice":"Card Removal","damage_taken":7,"max_hp_gain":0,"max_hp_loss":0,"event_name":"Golden Wing","floor":2,"gold_loss":0},{"damage_healed":0,"gold_gain":75,"player_choice":"Gold","damage_taken":11,"max_hp_gain":0,"max_hp_loss":0,"event_name":"betterThird:BetterGoop","floor":3,"gold_loss":0},{"damage_healed":0,"gold_gain":0,"player_choice":"Upgraded","damage_taken":0,"max_hp_gain":0,"max_hp_loss":0,"event_name":"Upgrade Shrine","floor":5,"gold_loss":0,"cards_upgraded":["Metamorphosis"]}],"is_beta":false,"boss_relics":[],"items_purged_floors":[4,14],"is_endless":false,"potions_floor_spawned":[8,16],"killed_by":"Hexaghost","ascension_level":7}}