{"host":"6gnv7me3tk2udb7q","time":1609955188,"event":{"mods":["BaseMod","Bestiary","Colored Map","Minty Spire (QoL Compilation)"],"gold_per_floor":[117,117,67,67,67,67,82,82,82,109,120,139,158,183,183,287,287,299,317,8,8,28,28,28,28,28,60,76,76,76],"floor_reached":29,"playtime":1059,"items_purged":[],"score":479,"play_id":"02528ae2-dff1-48ca-8a61-99cb7bee144f","local_time":"20210106124628","is_ascension_mode":true,"campfire_choices":[{"data":"Doom and Gloom","floor":6.0,"key":"SMITH"},{"data":"Sweeping Beam","floor":8.0,"key":"SMITH"},{"floor":15.0,"key":"REST"},{"data":"Double Energy","floor":23.0,"key":"SMITH"}],"circlet_count":0,"master_deck":["Strike_B","Strike_B","Strike_B","Defend_B","Defend_B","Defend_B","Zap","Dualcast+1","Rebound","Doom and Gloom+1","Sweeping Beam+1","Double Energy","Sunder","Seek","Steam","Steam","Fission","Self Repair","Double Energy+1","Auto Shields+1","Glacier","Turbo+1"],"relics":["Cracked Core","NeowsBlessing","InkBottle","Kunai","Gremlin Horn","Coffee Dripper","Unceasing Top","Eternal Feather","Matryoshka","StoneCalendar"],"acts_visited":["Exordium","TheCity"],"potions_floor_usage":[24,27],"damage_taken":[{"damage":0.0,"enemies":"Small Slimes","floor":1.0,"turns":1.0},{"damage":0.0,"enemies":"Jaw Worm","floor":7.0,"turns":1.0},{"damage":0.0,"enemies":"3 Sentries","floor":10.0,"turns":1.0},{"damage":0.0,"enemies":"Cultist","floor":11.0,"turns":2.0},{"damage":6.0,"enemies":"3 Louse","floor":12.0,"turns":2.0},{"damage":0.0,"enemies":"Exordium Wildlife","floor":13.0,"turns":2.0},{"damage":27.0,"enemies":"Lagavulin","floor":14.0,"turns":5.0},{"damage":22.0,"enemies":"Slime Boss","floor":16.0,"turns":9.0},{"damage":3.0,"enemies":"Spheric Guardian","floor":18.0,"turns":3.0},{"damage":7.0,"enemies":"Chosen","floor":19.0,"turns":3.0},{"damage":30.0,"enemies":"Snecko","floor":22.0,"turns":5.0},{"damage":0,"enemies":"Shelled Parasite and Fungi","floor":24,"turns":1},{"damage":0,"enemies":"Gremlin Leader","floor":27,"turns":4},{"damage":29,"enemies":"Snake Plant","floor":28,"turns":5},{"damage":37,"enemies":"Slavers","floor":29,"turns":4}],"seed_played":"7251887138931765705","potions_obtained":[{"floor":1.0,"key":"Swift Potion"},{"floor":12.0,"key":"SmokeBomb"},{"floor":19.0,"key":"Strength Potion"},{"floor":22.0,"key":"Energy Potion"}],"is_trial":false,"path_per_floor":["M","?","?","$","?","R","M","R","T","E","M","M","M","E","R","B",null,"M","M","$","?","M","R","M","?","T","E","M","E"],"character_chosen":"DEFECT","items_purchased":["Unceasing Top"],"campfire_rested":1,"item_purchase_floors":[20],"current_hp_per_floor":[68,68,68,68,68,68,68,68,68,68,68,62,62,35,57,35,65,62,62,62,62,39,51,51,51,51,58,36,0,0],"gold":76,"neow_bonus":"THREE_ENEMY_KILL","is_daily":false,"chose_seed":false,"campfire_upgraded":3,"win_rate":0.0,"timestamp":1609955188,"path_taken":["M","?","?","$","?","R","?","R","T","E","M","M","M","E","R","BOSS","M","M","$","?","M","R","M","?","T","E","M","E"],"items_purchased_type":["Relic"],"build_version":"2020-12-22","purchased_purges":0,"victory":false,"max_hp_per_floor":[75,75,75,75,75,75,75,75,75,75,75,75,75,75,75,75,75,75,75,75,75,75,75,75,75,75,75,75,75,75],"card_choices":[{"not_picked":["Static Discharge","Beam Cell"],"picked":"Rebound","floor":1.0},{"not_picked":["Barrage","Streamline"],"picked":"Sweeping Beam","floor":7.0},{"not_picked":["Hologram","Reprogram"],"picked":"Double Energy","floor":10.0},{"not_picked":["Conserve Battery","Redo"],"picked":"Sunder","floor":11.0},{"not_picked":["Loop","Conserve Battery"],"picked":"Seek","floor":12.0},{"not_picked":["Force Field","Sweeping Beam"],"picked":"Steam","floor":13.0},{"not_picked":["Compile Driver","Hello World"],"picked":"Steam","floor":14.0},{"not_picked":["Machine Learning","Amplify"],"picked":"Fission","floor":16.0},{"not_picked":["Sweeping Beam","Chaos"],"picked":"Self Repair","floor":18.0},{"not_picked":["Redo","Heatsinks"],"picked":"Double Energy","floor":19.0},{"not_picked":["Heatsinks","Sweeping Beam+1"],"picked":"Auto Shields+1","floor":22.0},{"not_picked":["Ball Lightning","Coolheaded+1"],"picked":"Glacier","floor":27},{"not_picked":["Skim+1","Hello World"],"picked":"Turbo+1","floor":28}],"player_experience":619874,"relics_obtained":[{"floor":9.0,"key":"InkBottle"},{"floor":10.0,"key":"Kunai"},{"floor":14.0,"key":"Gremlin Horn"},{"floor":26,"key":"Matryoshka"},{"floor":27,"key":"StoneCalendar"}],"event_choices":[{"damage_healed":0.0,"max_hp_gain":0.0,"max_hp_loss":0.0,"gold_gain":0.0,"event_name":"Living Wall","player_choice":"Grow","floor":2.0,"gold_loss":0.0,"damage_taken":0.0,"cards_upgraded":["Dualcast"]},{"cards_removed":["Defend_B"],"damage_healed":0.0,"max_hp_gain":0.0,"max_hp_loss":0.0,"gold_gain":0.0,"event_name":"The Cleric","player_choice":"Card Removal","floor":3.0,"gold_loss":50.0,"damage_taken":0.0},{"damage_healed":0.0,"max_hp_gain":0.0,"max_hp_loss":0.0,"gold_gain":0.0,"cards_transformed":["Strike_B"],"event_name":"Transmorgrifier","player_choice":"Transformed","floor":5.0,"gold_loss":0.0,"damage_taken":0.0,"cards_obtained":["Doom and Gloom"]},{"damage_healed":0.0,"max_hp_gain":0.0,"max_hp_loss":0.0,"gold_gain":0.0,"event_name":"The Mausoleum","player_choice":"Opened","floor":21.0,"gold_loss":0.0,"damage_taken":0.0,"relics_obtained":["Eternal Feather"],"cards_obtained":["Writhe"]},{"cards_removed":["Writhe"],"damage_healed":0,"gold_gain":0,"player_choice":"Removed Curses","damage_taken":0,"max_hp_gain":0,"max_hp_loss":0,"event_name":"Fountain of Cleansing","floor":25,"gold_loss":0}],"is_beta":false,"boss_relics":[{"not_picked":["SacredBark","Empty Cage"],"picked":"Coffee Dripper"}],"items_purged_floors":[],"is_endless":false,"potions_floor_spawned":[1,12,19,22,24],"killed_by":"Slavers","ascension_level":9}}