{"host":"b995t17pt6d05w8c","time":1609937647,"event":{"mods":["AchievementEnabler","BaseMod","Colored Map","Minty Spire (QoL Compilation)","SuperFastMode"],"gold_per_floor":[365,379,329,347,347,347,364,249,272,306,319,346,13,26,26,129,129,143,159,175,175,175,175,188,216,241,241,77,87,100,113,113,208,208,219,65,84,135,135,135,21,39,39,55,69,82,6,26,26,26],"floor_reached":51,"playtime":2201,"items_purged":["Strike_B","Defend_B","Hello World+1","Defend_B","Pain"],"score":831,"play_id":"4fcea64b-2e25-4bca-bf3d-0a6180206371","local_time":"20210106215407","is_ascension_mode":true,"campfire_choices":[{"data":"Zap","floor":6.0,"key":"SMITH"},{"data":"Double Energy","floor":15.0,"key":"SMITH"},{"data":"Loop","floor":23.0,"key":"SMITH"},{"floor":27.0,"key":"REST"},{"data":"Creative AI","floor":32.0,"key":"SMITH"},{"data":"Echo Form","floor":40.0,"key":"SMITH"},{"data":"Seek","floor":49,"key":"SMITH"}],"circlet_count":0,"master_deck":["Defend_B+1","Zap+1","Dualcast+1","Cold Snap","Sweeping Beam","Loop+1","Seek+1","Double Energy+1","Heatsinks","Echo Form+1","Seek+1","Heatsinks+1","Defragment+1","Heatsinks","Force Field","Creative AI+1","Coolheaded","Double Energy+1","Loop+1","Core Surge","Creative AI+1","Skim+1","White Noise"],"relics":["Cracked Core","PreservedInsect","Blood Vial","War Paint","Orichalcum","Membership Card","Happy Flower","Astrolabe","Tiny Chest","Oddly Smooth Stone","Cursed Key","DollysMirror","Lizard Tail","FossilizedHelix","TheAbacus"],"acts_visited":["Exordium","TheCity","TheBeyond"],"potions_floor_usage":[44,50,50],"damage_taken":[{"damage":0.0,"enemies":"Small Slimes","floor":1.0,"turns":3.0},{"damage":5.0,"enemies":"2 Louse","floor":2.0,"turns":2.0},{"damage":0.0,"enemies":"Cultist","floor":4.0,"turns":3.0},{"damage":1.0,"enemies":"Exordium Thugs","floor":7.0,"turns":3.0},{"damage":19.0,"enemies":"Gremlin Nob","floor":10.0,"turns":4.0},{"damage":0.0,"enemies":"3 Louse","floor":11.0,"turns":3.0},{"damage":4.0,"enemies":"Lagavulin","floor":12.0,"turns":5.0},{"damage":7.0,"enemies":"Exordium Wildlife","floor":14.0,"turns":3.0},{"damage":18.0,"enemies":"Slime Boss","floor":16.0,"turns":6.0},{"damage":5.0,"enemies":"Chosen","floor":18.0,"turns":5.0},{"damage":24.0,"enemies":"2 Thieves","floor":19.0,"turns":3.0},{"damage":6.0,"enemies":"Cultist and Chosen","floor":20.0,"turns":4.0},{"damage":13.0,"enemies":"Centurion and Healer","floor":24.0,"turns":4.0},{"damage":22.0,"enemies":"Gremlin Leader","floor":25.0,"turns":3.0},{"damage":0.0,"enemies":"Snake Plant","floor":29.0,"turns":4.0},{"damage":0.0,"enemies":"Snecko","floor":30.0,"turns":4.0},{"damage":15.0,"enemies":"Centurion and Healer","floor":31.0,"turns":5.0},{"damage":2.0,"enemies":"Collector","floor":33.0,"turns":7.0},{"damage":14.0,"enemies":"3 Shapes","floor":35.0,"turns":3.0},{"damage":0.0,"enemies":"3 Darklings","floor":37.0,"turns":5.0},{"damage":0.0,"enemies":"2 Orb Walkers","floor":38.0,"turns":4.0},{"damage":16.0,"enemies":"Jaw Worm Horde","floor":42.0,"turns":4.0},{"damage":23,"enemies":"4 Shapes","floor":44,"turns":4},{"damage":0,"enemies":"Writhing Mass","floor":45,"turns":5},{"damage":0,"enemies":"3 Darklings","floor":46,"turns":6},{"damage":0,"enemies":"Spire Growth","floor":48,"turns":3},{"damage":0,"enemies":"Time Eater","floor":50,"turns":8}],"seed_played":"-2607852700975391589","potions_obtained":[{"floor":1.0,"key":"Fire Potion"},{"floor":4.0,"key":"Swift Potion"},{"floor":7.0,"key":"FairyPotion"},{"floor":12.0,"key":"DuplicationPotion"},{"floor":20.0,"key":"Energy Potion"},{"floor":24.0,"key":"Explosive Potion"},{"floor":25.0,"key":"Dexterity Potion"},{"floor":31.0,"key":"Fire Potion"},{"floor":33.0,"key":"Regen Potion"},{"floor":44,"key":"Weak Potion"}],"is_trial":false,"path_per_floor":["M","M","?","M","?","R","M","$","T","E","M","E","$","M","R","B",null,"M","M","M","?","?","R","M","E","T","R","$","M","M","M","R","B",null,"M","$","M","?","T","R","$","M","T","M","M","M","$","M","R","B",null],"character_chosen":"DEFECT","items_purchased":["Loop","Membership Card","Happy Flower","Heatsinks","Fire Potion","Creative AI","Coolheaded","DollysMirror","PowerPotion","TheAbacus"],"campfire_rested":1,"item_purchase_floors":[8,13,13,13,13,28,28,36,41,47],"current_hp_per_floor":[54,49,49,49,49,49,48,48,48,31,33,31,31,26,26,10,75,70,48,44,44,44,44,33,13,13,35,35,37,39,26,26,26,75,61,61,63,65,65,65,65,51,51,42,44,46,46,48,48,50],"gold":26,"neow_bonus":"TWO_FIFTY_GOLD","is_daily":false,"chose_seed":false,"campfire_upgraded":6,"win_rate":0.0,"timestamp":1609937647,"path_taken":["M","M","?","M","?","R","M","$","T","E","M","E","$","M","R","BOSS","M","M","?","?","?","R","M","E","T","R","?","M","M","M","R","BOSS","M","?","M","?","?","R","$","M","T","M","M","?","?","M","R","BOSS"],"items_purchased_type":["Card","Relic","Relic","Card","Potion","Card","Card","Relic","Potion","Relic"],"build_version":"2020-12-22","purchased_purges":5,"victory":true,"max_hp_per_floor":[75,75,75,75,75,75,75,75,75,75,75,75,75,75,75,75,75,75,75,75,75,75,75,75,75,75,75,75,75,75,75,75,75,75,75,75,75,75,75,75,75,75,75,75,75,75,75,75,75,75],"card_choices":[{"not_picked":["Tempest","Barrage"],"picked":"Cold Snap","floor":1.0},{"not_picked":["Beam Cell","Coolheaded"],"picked":"Go for the Eyes","floor":2.0},{"not_picked":["Reinforced Body","Go for the Eyes","Hologram"],"picked":"SKIP","floor":4.0},{"not_picked":["Barrage","Doom and Gloom"],"picked":"Sweeping Beam","floor":7.0},{"not_picked":["Force Field","Redo"],"picked":"Seek","floor":10.0},{"not_picked":["Redo","Compile Driver","Auto Shields"],"picked":"SKIP","floor":11.0},{"not_picked":["Machine Learning","Streamline"],"picked":"Double Energy","floor":12.0},{"not_picked":["Beam Cell","Conserve Battery","Self Repair"],"picked":"SKIP","floor":14.0},{"not_picked":["Reboot","Meteor Strike"],"picked":"Echo Form","floor":16.0},{"not_picked":["Conserve Battery","Coolheaded"],"picked":"Defragment+1","floor":18.0},{"not_picked":["Steam Power","Compile Driver","Beam Cell+1"],"picked":"SKIP","floor":19.0},{"not_picked":["Melter+1","Sweeping Beam","Rebound"],"picked":"SKIP","floor":20.0},{"not_picked":["Leap","Gash"],"picked":"Heatsinks","floor":24.0},{"not_picked":["Ball Lightning+1","Heatsinks+1"],"picked":"Force Field","floor":25.0},{"not_picked":["Coolheaded","Stack"],"picked":"Double Energy+1","floor":29.0},{"not_picked":["Heatsinks","Beam Cell+1","Barrage"],"picked":"SKIP","floor":30.0},{"not_picked":["Machine Learning","White Noise"],"picked":"Loop+1","floor":31.0},{"not_picked":["Reboot","Electrodynamics"],"picked":"Core Surge","floor":33.0},{"not_picked":["Melter","FTL","Sweeping Beam+1"],"picked":"SKIP","floor":35.0},{"not_picked":["Barrage+1","Tempest+1","Melter+1"],"picked":"SKIP","floor":37.0},{"not_picked":["Rebound","Barrage+1"],"picked":"Skim+1","floor":38.0},{"not_picked":["FTL","Conserve Battery+1","Reinforced Body"],"picked":"SKIP","floor":42.0},{"not_picked":["Conserve Battery","Force Field","Coolheaded"],"picked":"SKIP","floor":44},{"not_picked":["Turbo+1","Ball Lightning","Loop"],"picked":"SKIP","floor":45},{"not_picked":["Coolheaded+1","Barrage+1","Beam Cell"],"picked":"SKIP","floor":46},{"not_picked":["Leap","Tempest"],"picked":"White Noise","floor":48}],"player_experience":16405,"relics_obtained":[{"floor":9.0,"key":"Blood Vial"},{"floor":10.0,"key":"War Paint"},{"floor":12.0,"key":"Orichalcum"},{"floor":25.0,"key":"Tiny Chest"},{"floor":26.0,"key":"Oddly Smooth Stone"},{"floor":38.0,"key":"Lizard Tail"},{"floor":39.0,"key":"FossilizedHelix"}],"event_choices":[{"cards_removed":["Strike_B"],"damage_healed":0.0,"max_hp_gain":0.0,"max_hp_loss":0.0,"gold_gain":0.0,"event_name":"The Cleric","player_choice":"Card Removal","floor":3.0,"gold_loss":50.0,"damage_taken":0.0},{"cards_removed":["Go for the Eyes"],"damage_healed":0.0,"max_hp_gain":0.0,"max_hp_loss":0.0,"gold_gain":0.0,"event_name":"WeMeetAgain","player_choice":"Gave Card","floor":5.0,"gold_loss":0.0,"damage_taken":0.0,"relics_obtained":["PreservedInsect"]},{"damage_healed":0.0,"max_hp_gain":0.0,"max_hp_loss":0.0,"gold_gain":0.0,"event_name":"Vampires","player_choice":"Ignored","floor":21.0,"gold_loss":0.0,"damage_taken":0.0},{"damage_healed":0.0,"max_hp_gain":0.0,"max_hp_loss":0.0,"gold_gain":0.0,"event_name":"The Mausoleum","player_choice":"Ignored","floor":22.0,"gold_loss":0.0,"damage_taken":0.0},{"damage_healed":0.0,"max_hp_gain":0.0,"max_hp_loss":0.0,"gold_gain":0.0,"event_name":"Mysterious Sphere","player_choice":"Fight","floor":38.0,"gold_loss":0.0,"damage_taken":0.0}],"is_beta":false,"boss_relics":[{"not_picked":["Tiny House","Velvet Choker"],"picked":"Astrolabe"},{"not_picked":["Black Star","SacredBark"],"picked":"Cursed Key"}],"items_purged_floors":[8,13,28,36,41],"is_endless":false,"potions_floor_spawned":[1,4,7,11,12,20,24,25,31,33,44,45],"ascension_level":2}}