{"host":"yiit85oc4oi3nqs8","time":1609902949,"event":{"mods":["AchievementEnabler","BaseMod","Better Third Choice","Block Reminder","DeckTracker","Highlight Path","Keyboard Shortcuts","Minty Spire (QoL Compilation)","MonsterHotkey","Quick Restart","Random Character Button","Relic Stats","StSLib"],"gold_per_floor":[114,114,124,140,155,155,155,155,155,155,180,180,200,200,223,247,274,285,285,285,285,298,312,322,322,322,322,396,396,406,406,406,331,185,200,200,200,218,218,248,248,283,283,308,386,465,496,496,516,272,147,147,147,167,167,167,167,239,239,253,104,29,44,95,0,0,32,48,48,103,177,177,192,192,211,211,244,257,257,257,257,257,169,44,73,73],"floor_reached":87,"playtime":4164,"items_purged":["Strike_B","Strike_B","Strike_B","Defend_B+1","Strike_B+1","Defend_B+1"],"score":2569,"play_id":"14404ecb-6834-4849-8a90-c260a6141c65","local_time":"20210106121549","is_ascension_mode":true,"campfire_choices":[{"data":"Defragment","floor":9.0,"key":"SMITH"},{"data":"Coolheaded","floor":10.0,"key":"SMITH"},{"floor":12.0,"key":"REST"},{"data":"Self Repair","floor":14.0,"key":"SMITH"},{"data":"Coolheaded","floor":20.0,"key":"SMITH"},{"data":"Dualcast","floor":21.0,"key":"SMITH"},{"data":"Beam Cell","floor":25.0,"key":"SMITH"},{"data":"Zap","floor":26.0,"key":"SMITH"},{"data":"Defend_B","floor":27.0,"key":"SMITH"},{"data":"Gash","floor":39.0,"key":"SMITH"},{"data":"Chill","floor":41.0,"key":"SMITH"},{"data":"Gash","floor":52.0,"key":"SMITH"},{"floor":53.0,"key":"RECALL"},{"data":"Gash","floor":55.0,"key":"SMITH"},{"data":"All For One","floor":56.0,"key":"SMITH"},{"floor":57.0,"key":"REST"},{"floor":69,"key":"REST"},{"floor":76,"key":"REST"},{"floor":79,"key":"REST"},{"floor":82,"key":"REST"}],"circlet_count":0,"master_deck":["AscendersBane","Defend_B+1","Zap+1","Dualcast+1","Cold Snap+1","Coolheaded+1","Defragment+1","Gash+1","Coolheaded+1","Self Repair+1","All For One+1","Gash+1","Beam Cell+1","Gash+1","Chill+1","Machine Learning+1","Go for the Eyes+1","Defragment+1"],"relics":["Cracked Core","Ancient Tea Set","Strawberry","Potion Belt","Blood Vial","Frozen Egg 2","Runic Pyramid","DataDisk","Art of War","Anchor","War Paint","Eternal Feather","Gremlin Horn","Kunai","Runic Capacitor","Inserter","Membership Card","Unceasing Top","Red Mask","Akabeko","Happy Flower","InkBottle","Oddly Smooth Stone","Pen Nib","Centennial Puzzle"],"acts_visited":["Exordium","TheCity","TheBeyond","TheEnding"],"potions_floor_usage":[64,86,86,86,86],"damage_taken":[{"damage":4.0,"enemies":"Jaw Worm","floor":1.0,"turns":4.0},{"damage":0.0,"enemies":"Cultist","floor":3.0,"turns":3.0},{"damage":9.0,"enemies":"2 Louse","floor":4.0,"turns":4.0},{"damage":18.0,"enemies":"Blue Slaver","floor":5.0,"turns":3.0},{"damage":31.0,"enemies":"Gremlin Nob","floor":11.0,"turns":4.0},{"damage":2.0,"enemies":"3 Louse","floor":13.0,"turns":3.0},{"damage":6.0,"enemies":"Exordium Wildlife","floor":18.0,"turns":3.0},{"damage":16.0,"enemies":"Red Slaver","floor":22.0,"turns":3.0},{"damage":6.0,"enemies":"Gremlin Gang","floor":23.0,"turns":5.0},{"damage":18.0,"enemies":"Exordium Thugs","floor":24.0,"turns":3.0},{"damage":5.0,"enemies":"Hexaghost","floor":28.0,"turns":7.0},{"damage":16.0,"enemies":"2 Thieves","floor":30.0,"turns":4.0},{"damage":0.0,"enemies":"Chosen","floor":35.0,"turns":3.0},{"damage":3.0,"enemies":"Centurion and Healer","floor":38.0,"turns":4.0},{"damage":23.0,"enemies":"Book of Stabbing","floor":40.0,"turns":4.0},{"damage":0.0,"enemies":"Slavers","floor":42.0,"turns":6.0},{"damage":12.0,"enemies":"Book of Stabbing","floor":47.0,"turns":4.0},{"damage":0.0,"enemies":"Snecko","floor":49.0,"turns":4.0},{"damage":0.0,"enemies":"Snake Plant","floor":54.0,"turns":4.0},{"damage":0.0,"enemies":"Collector","floor":58.0,"turns":6.0},{"damage":0.0,"enemies":"Orb Walker","floor":60.0,"turns":4.0},{"damage":10.0,"enemies":"3 Darklings","floor":63.0,"turns":4.0},{"damage":26,"enemies":"2 Orb Walkers","floor":64,"turns":5},{"damage":2,"enemies":"Nemesis","floor":67,"turns":5},{"damage":0,"enemies":"Spire Growth","floor":68,"turns":4},{"damage":0,"enemies":"Jaw Worm Horde","floor":73,"turns":2},{"damage":0,"enemies":"Sphere and 2 Shapes","floor":75,"turns":4},{"damage":0,"enemies":"Reptomancer","floor":77,"turns":3},{"damage":1,"enemies":"Maw","floor":78,"turns":5},{"damage":0,"enemies":"Awakened One","floor":80,"turns":5},{"damage":0,"enemies":"Shield and Spear","floor":85,"turns":4},{"damage":65,"enemies":"The Heart","floor":86,"turns":5}],"seed_played":"7926230602452752666","potions_obtained":[{"floor":3.0,"key":"CultistPotion"},{"floor":5.0,"key":"SkillPotion"},{"floor":11.0,"key":"Strength Potion"},{"floor":18.0,"key":"GamblersBrew"},{"floor":23.0,"key":"SteroidPotion"},{"floor":24.0,"key":"LiquidMemories"},{"floor":40.0,"key":"ColorlessPotion"},{"floor":42.0,"key":"Ancient Potion"},{"floor":47.0,"key":"ColorlessPotion"},{"floor":64,"key":"Strength Potion"},{"floor":67,"key":"Energy Potion"}],"is_trial":false,"path_per_floor":["M","?","M","M","M","?","?","?","R","R","E","R","M","R","T","T","T","M","?","R","R","M","M","M","R","R","R","B",null,"M","?","?","$","?","M","?","?","M","R","E","R","E","T","?","T","T","E","?","M","$","$","R","R","M","R","R","R","B",null,"M","$","$","M","?","?","?","E","M","R","T","T","T","M","?","M","R","E","M","R","B",null,"R","$","$","E","B",null],"character_chosen":"DEFECT","items_purchased":["DataDisk","Runic Capacitor","Membership Card","FocusPotion"],"campfire_rested":6,"item_purchase_floors":[34,50,61,84],"current_hp_per_floor":[60,60,60,51,33,33,56,42,42,42,18,39,44,44,51,51,51,47,47,47,47,43,49,33,33,33,33,40,69,65,50,50,50,50,52,52,52,61,61,50,50,62,62,62,62,62,62,62,74,74,74,83,83,83,83,83,83,83,83,83,83,83,83,67,67,67,77,83,83,83,83,83,83,83,83,83,83,83,83,83,83,83,83,83,83,28],"gold":73,"neow_bonus":"THREE_CARDS","is_daily":false,"chose_seed":false,"campfire_upgraded":13,"win_rate":0.0,"timestamp":1609902949,"path_taken":["M","?","M","?","M","?","?","?","R","R","E","R","M","R","T","T","?","M","?","R","R","M","M","M","R","R","R","BOSS","M","?","?","?","?","?","?","?","?","R","E","R","E","?","?","T","T","E","?","?","$","$","R","R","M","R","R","R","BOSS","M","$","$","M","?","?","?","E","M","R","T","T","T","?","?","M","R","E","M","R","BOSS","R","$","$","E","BOSS"],"items_purchased_type":["Relic","Relic","Relic","Potion"],"build_version":"2020-12-22","purchased_purges":6,"victory":true,"max_hp_per_floor":[71,71,71,71,71,71,71,71,71,71,71,71,71,71,78,78,78,78,78,78,78,78,78,78,78,78,78,78,78,78,83,83,83,83,83,83,83,83,83,83,83,83,83,83,83,83,83,83,83,83,83,83,83,83,83,83,83,83,83,83,83,83,83,83,83,83,83,83,83,83,83,83,83,83,83,83,83,83,83,83,83,83,83,83,83,83],"relic_stats":{"Inserter":[25],"Gremlin Horn":[16,16],"Happy Flower":[9],"counters":[32,131],"Eternal Feather":9,"Pen Nib":[10],"War Paint":["Defend_B","Defend_B"],"Blood Vial":28,"Centennial Puzzle":[3],"Art of War":[2],"Kunai":[63],"obtain_stats":[{"Gremlin Horn":46,"Runic Capacitor":50,"Ancient Tea Set":11,"Blood Vial":17,"Centennial Puzzle":85,"Strawberry":15,"Red Mask":65,"Kunai":47,"Cracked Core":0,"InkBottle":71,"Runic Pyramid":29,"Potion Belt":16,"Inserter":59,"Happy Flower":70,"Oddly Smooth Stone":72,"Eternal Feather":45,"Pen Nib":77,"Frozen Egg 2":19,"War Paint":44,"Akabeko":67,"DataDisk":34,"Anchor":42,"Art of War":40,"Membership Card":61,"Unceasing Top":64},{"Gremlin Horn":16,"Runic Capacitor":18,"Ancient Tea Set":5,"Blood Vial":6,"Centennial Puzzle":31,"Strawberry":6,"Red Mask":23,"Kunai":17,"Cracked Core":0,"InkBottle":25,"Runic Pyramid":11,"Potion Belt":6,"Inserter":20,"Happy Flower":25,"Oddly Smooth Stone":25,"Eternal Feather":16,"Pen Nib":28,"Frozen Egg 2":7,"War Paint":16,"Akabeko":24,"DataDisk":12,"Anchor":16,"Art of War":15,"Membership Card":21,"Unceasing Top":23},{"Gremlin Horn":63,"Runic Capacitor":71,"Ancient Tea Set":18,"Blood Vial":21,"Centennial Puzzle":126,"Strawberry":21,"Red Mask":94,"Kunai":67,"Cracked Core":0,"InkBottle":103,"Runic Pyramid":42,"Potion Belt":21,"Inserter":81,"Happy Flower":103,"Oddly Smooth Stone":103,"Eternal Feather":63,"Pen Nib":112,"Frozen Egg 2":24,"War Paint":63,"Akabeko":99,"DataDisk":46,"Anchor":63,"Art of War":57,"Membership Card":85,"Unceasing Top":94}],"Unceasing Top":[11],"InkBottle":[26]},"card_choices":[{"not_picked":["Tempest","Leap"],"picked":"Cold Snap","floor":0.0},{"not_picked":["Compile Driver","Redo"],"picked":"Coolheaded","floor":1.0},{"not_picked":["Ball Lightning","Steam Power"],"picked":"Gash","floor":3.0},{"not_picked":["BootSequence","Storm"],"picked":"Coolheaded","floor":4.0},{"not_picked":["Barrage","Double Energy"],"picked":"Self Repair","floor":5.0},{"not_picked":["Turbo","Streamline"],"picked":"All For One","floor":11.0},{"not_picked":["Darkness","Barrage"],"picked":"Gash","floor":13.0},{"not_picked":["Skim","Ball Lightning","White Noise"],"picked":"SKIP","floor":18.0},{"not_picked":["Self Repair+1","Auto Shields","Redo"],"picked":"SKIP","floor":22.0},{"not_picked":["Consume","Compile Driver"],"picked":"Beam Cell","floor":23.0},{"not_picked":["Coolheaded","Rebound"],"picked":"Gash","floor":24.0},{"not_picked":["Skim","Sunder","Rebound"],"picked":"SKIP","floor":30.0},{"not_picked":["Storm+1","Cold Snap","Streamline"],"picked":"SKIP","floor":35.0},{"not_picked":["Ball Lightning","Darkness","White Noise+1"],"picked":"SKIP","floor":38.0},{"not_picked":["Hologram","Gash"],"picked":"Chill","floor":40.0},{"not_picked":["Streamline","Force Field"],"picked":"Machine Learning+1","floor":42.0},{"not_picked":["Compile Driver","Beam Cell"],"picked":"Go for the Eyes","floor":47.0},{"not_picked":["Glacier","Recycle","Coolheaded"],"picked":"SKIP","floor":49.0},{"not_picked":["Force Field","Beam Cell","Stack"],"picked":"SKIP","floor":54.0},{"not_picked":["Stack","BootSequence","Ball Lightning"],"picked":"SKIP","floor":60.0},{"not_picked":["Barrage+1","Hologram+1"],"picked":"Defragment+1","floor":63.0},{"not_picked":["Compile Driver","Sunder","Heatsinks+1"],"picked":"SKIP","floor":67},{"not_picked":["Recycle","Turbo","Auto Shields"],"picked":"SKIP","floor":68},{"not_picked":["Double Energy","Rebound+1","Heatsinks+1"],"picked":"SKIP","floor":73},{"not_picked":["Static Discharge+1","Rip and Tear+1","FTL"],"picked":"SKIP","floor":75},{"not_picked":["Rebound","Ball Lightning+1","Redo"],"picked":"SKIP","floor":77},{"not_picked":["Gash","Recycle","Chaos"],"picked":"SKIP","floor":78},{"not_picked":["Melter+1","Hologram","Chaos"],"picked":"SKIP","floor":85}],"player_experience":469127,"relics_obtained":[{"floor":11.0,"key":"Ancient Tea Set"},{"floor":15.0,"key":"Strawberry"},{"floor":16.0,"key":"Potion Belt"},{"floor":17.0,"key":"Blood Vial"},{"floor":19.0,"key":"Frozen Egg 2"},{"floor":40.0,"key":"Art of War"},{"floor":42.0,"key":"Anchor"},{"floor":44.0,"key":"War Paint"},{"floor":45.0,"key":"Eternal Feather"},{"floor":46.0,"key":"Gremlin Horn"},{"floor":47.0,"key":"Kunai"},{"floor":64,"key":"Unceasing Top"},{"floor":67,"key":"Akabeko"},{"floor":70,"key":"Happy Flower"},{"floor":71,"key":"InkBottle"},{"floor":72,"key":"Oddly Smooth Stone"},{"floor":77,"key":"Pen Nib"},{"floor":85,"key":"Centennial Puzzle"}],"event_choices":[{"damage_healed":0.0,"max_hp_gain":0.0,"max_hp_loss":0.0,"gold_gain":0.0,"event_name":"Match and Keep!","player_choice":"1 cards matched","floor":2.0,"gold_loss":0.0,"damage_taken":0.0,"cards_obtained":["Defragment"]},{"damage_healed":23.0,"max_hp_gain":0.0,"max_hp_loss":0.0,"gold_gain":0.0,"event_name":"Big Fish","player_choice":"Banana","floor":7.0,"gold_loss":0.0,"damage_taken":0.0},{"damage_healed":56.0,"max_hp_gain":0.0,"max_hp_loss":71.0,"gold_gain":0.0,"event_name":"betterThird:BetterShining","player_choice":"Upgrade","floor":8.0,"gold_loss":0.0,"damage_taken":14.0,"cards_upgraded":["Strike_B","Cold Snap"]},{"damage_healed":0.0,"max_hp_gain":5.0,"max_hp_loss":0.0,"gold_gain":0.0,"event_name":"Forgotten Altar","player_choice":"Shed Blood","floor":31.0,"gold_loss":0.0,"damage_taken":20.0},{"damage_healed":0.0,"max_hp_gain":0.0,"max_hp_loss":0.0,"gold_gain":0.0,"event_name":"The Mausoleum","player_choice":"Ignored","floor":32.0,"gold_loss":0.0,"damage_taken":0.0},{"damage_healed":0.0,"max_hp_gain":0.0,"max_hp_loss":0.0,"gold_gain":0.0,"event_name":"Upgrade Shrine","player_choice":"Upgraded","floor":37.0,"gold_loss":0.0,"damage_taken":0.0,"cards_upgraded":["Defend_B"]},{"damage_healed":0.0,"max_hp_gain":0.0,"max_hp_loss":0.0,"gold_gain":0.0,"event_name":"Accursed Blacksmith","player_choice":"Forge","floor":48.0,"gold_loss":0.0,"damage_taken":0.0,"cards_upgraded":["Go for the Eyes"]},{"damage_healed":0,"gold_gain":0,"player_choice":"Fight","damage_taken":0,"max_hp_gain":0,"max_hp_loss":0,"event_name":"Mysterious Sphere","floor":64,"gold_loss":0},{"damage_healed":0,"gold_gain":0,"player_choice":"Paid","damage_taken":0,"relics_obtained":["Red Mask"],"max_hp_gain":0,"max_hp_loss":0,"event_name":"Tomb of Lord Red Mask","floor":65,"gold_loss":95},{"cards_removed":["Defend_B"],"damage_healed":0,"gold_gain":0,"player_choice":"Removed Skill","damage_taken":0,"max_hp_gain":0,"max_hp_loss":0,"event_name":"Falling","floor":66,"gold_loss":0}],"is_beta":false,"boss_relics":[{"not_picked":["Black Star","Snecko Eye"],"picked":"Runic Pyramid"},{"not_picked":["FrozenCore","Tiny House"],"picked":"Inserter"}],"items_purged_floors":[33,50,51,62,83,84],"is_endless":false,"potions_floor_spawned":[3,5,11,18,23,24,40,42,47,54,60,64,67,85],"ascension_level":14}}