{"host":"o2955cdxcjqh1w0j","time":1609896146,"event":{"mods":["AchievementEnabler","Aspiration","BaseMod","Challenge The Spire","Colored Map","Colored Powertips","Energized Spire","Halation","Highlight Path","Infinite Spire","Minty Spire (QoL Compilation)","Replay The Spire","StSLib"],"gold_per_floor":[112,112,131,51,69,69,104,30,100,45,56,83,35,45,45,45,45],"floor_reached":16,"playtime":818,"items_purged":[],"score":116,"play_id":"e7dff829-03f5-40b6-97bd-c1cb69c9da4f","local_time":"20210105232226","is_ascension_mode":true,"campfire_choices":[{"data":"Bash","floor":6,"key":"SMITH"},{"floor":15,"key":"REST"}],"circlet_count":0,"master_deck":["Strike_R","Strike_R","Strike_R","Strike_R","Strike_R","Defend_R","Defend_R","Defend_R","Defend_R","Bash+1","Body Slam","Burning Pact","Rage","Dark Embrace","Feel No Pain+1","True Grit","Sentinel"],"relics":["infinitespire:Burning Sword","CultistMask","Molten Egg 2","aspiration:FrozenJewel","Calipers"],"acts_visited":["Exordium"],"potions_floor_usage":[12,16,16],"damage_taken":[{"damage":0,"enemies":"2 Louse","floor":1,"turns":2},{"damage":10,"enemies":"Cultist","floor":3,"turns":3},{"damage":8,"enemies":"Jaw Worm","floor":5,"turns":2},{"damage":18,"enemies":"Gremlin Nob","floor":7,"turns":3},{"damage":12,"enemies":"Gremlin Gang","floor":11,"turns":5},{"damage":11,"enemies":"3 Sentries","floor":12,"turns":6},{"damage":14,"enemies":"Large Slime","floor":14,"turns":6},{"damage":32,"enemies":"Hexaghost","floor":16,"turns":10}],"seed_played":"-5134014881053692856","potions_obtained":[{"floor":7,"key":"SpeedPotion"},{"floor":11,"key":"Fire Potion"},{"floor":12,"key":"AttackPotion"},{"floor":14,"key":"Reflective Coating"}],"is_trial":false,"path_per_floor":["M","?","M","$","M","R","E","$","T","$","M","E","$","M","R_BF","B"],"character_chosen":"IRONCLAD","items_purchased":["Burning Pact","Dark Embrace","Feel No Pain+1","True Grit"],"campfire_rested":1,"item_purchase_floors":[4,8,10,13],"current_hp_per_floor":[80,80,70,70,62,62,44,44,44,44,32,21,21,7,31,0,0],"gold":45,"neow_bonus":"BOSS_RELIC","is_daily":false,"chose_seed":false,"campfire_upgraded":1,"win_rate":0.0,"timestamp":1609896146,"path_taken":["M","?","M","?","M","R","E","$","T","$","?","E","$","M","R_BF","BOSS"],"items_purchased_type":["Card","Card","Card","Card"],"build_version":"2020-12-22","purchased_purges":0,"victory":false,"max_hp_per_floor":[80,80,80,80,80,80,80,80,80,80,80,80,80,80,80,80,80],"card_choices":[{"not_picked":["Metallicize","ReplayTheSpireMod:Strike From Hell"],"picked":"Body Slam","floor":1},{"not_picked":["Wild Strike","Hemokinesis","Perfected Strike"],"picked":"SKIP","floor":3},{"not_picked":["Thunderclap","Headbutt","Sword Boomerang"],"picked":"SKIP","floor":5},{"not_picked":["Dual Wield","Sever Soul+1"],"picked":"Rage","floor":7},{"not_picked":["Clothesline+1","Carnage+1","Replay:Undeath\u0027s Touch+1"],"picked":"SKIP","floor":11},{"not_picked":["Corruption","Wild Strike+1","Disarm"],"picked":"SKIP","floor":12},{"not_picked":["Pummel+1","Cleave+1"],"picked":"Sentinel","floor":14}],"player_experience":225669,"relics_obtained":[{"floor":7,"key":"Molten Egg 2"},{"floor":9,"key":"aspiration:FrozenJewel"},{"floor":12,"key":"Calipers"}],"event_choices":[{"damage_healed":0,"gold_gain":0,"player_choice":"Trade","damage_taken":0,"relics_obtained":["CultistMask"],"max_hp_gain":0,"max_hp_loss":0,"event_name":"FaceTrader","floor":2,"gold_loss":0}],"is_beta":false,"boss_relics":[],"items_purged_floors":[],"is_endless":false,"potions_floor_spawned":[7,11,12,14],"killed_by":"Hexaghost","ascension_level":1}}