{"host":"yecadp3kwkksam5a","time":1609940494,"event":{"mods":["BaseMod","Minty Spire (QoL Compilation)","Replay The Spire","StSLib","The Jungle"],"gold_per_floor":[114,114,114,114,126,156,156,214,238,238,266,302,0,27,27,145,145,185,185],"floor_reached":18,"playtime":599,"items_purged":[],"score":472,"play_id":"aa4fc138-486d-4675-82b7-1489f421c7af","local_time":"20210106224134","is_ascension_mode":true,"campfire_choices":[{"floor":7,"key":"DIG"},{"floor":15,"key":"DIG"}],"circlet_count":0,"master_deck":["Beam Cell+1","Go for the Eyes","Gash","All For One+1","Go for the Eyes","Self Repair+1","Scrape+1","Panache+1","Hologram+1","FTL+1","Scrape+1","Gash","White Noise+1","White Noise+1","Beam Cell","All For One+1","Beam Cell+1","All For One","Double Energy+1","Gash"],"relics":["Peace Pipe","Torii","Anchor","Sozu","HandDrill","InkBottle","TungstenRod","Shuriken","White Beast Statue","Nilry\u0027s Codex","Mummified Hand","Boot","Blue Candle","SlaversCollar","Iron Hammer","Toxic Egg 2","Shuriken","Replay:Mystery Machine","SacredBark","theJungle:Flamango","Omamori","Question Card","The Courier","Lee\u0027s Waffle","Blue Doll","Shovel","ReplayTheSpireMod:Shallot","Ring of Chaos","Medical Kit","Prayer Wheel","Red Mask","Pocketwatch","Replay:Multitool","Dream Catcher","Gremlin Food","Potion Belt","Membership Card","Replay:Accelerometer","InkBottle","Toy Ornithopter","SlaversCollar","Replay:Bandana","Blue Candle","Meat on the Bone","Mango","Replay:Baseball","Ginger","Darkstone Periapt","Fusion Hammer"],"acts_visited":["Exordium","theJungle:Jungle"],"potions_floor_usage":[],"damage_taken":[{"damage":0.0,"enemies":"2 Louse","floor":1.0,"turns":1.0},{"damage":0.0,"enemies":"Cultist","floor":5.0,"turns":1.0},{"damage":0.0,"enemies":"Gremlin Nob","floor":6.0,"turns":1.0},{"damage":0,"enemies":"3 Sentries","floor":8,"turns":2},{"damage":0,"enemies":"Jaw Worm","floor":11,"turns":1},{"damage":0,"enemies":"Exordium Wildlife","floor":12,"turns":2},{"damage":0,"enemies":"Gremlin Gang","floor":14,"turns":1},{"damage":0,"enemies":"Slime Boss","floor":16,"turns":1},{"damage":0,"enemies":"theJungle:Flameango_and_Byrd","floor":18,"turns":2}],"seed_played":"8048371085735978138","potions_obtained":[],"is_trial":false,"path_per_floor":["M","?","?","?","M","E","R","E","T","?","M","M","$","M","R","B",null,"M"],"character_chosen":"DEFECT","items_purchased":["Mango","Replay:Baseball","Ginger"],"campfire_rested":0,"item_purchase_floors":[13,13,13],"current_hp_per_floor":[75,75,75,75,75,75,75,75,75,75,75,75,89,89,89,89,89,89,89],"gold":185,"neow_bonus":"BOSS_RELIC","is_daily":false,"chose_seed":false,"campfire_upgraded":0,"win_rate":0.0,"timestamp":1609940494,"path_taken":["M","?","?","?","?","E","R","E","T","?","M","?","?","M","R","BOSS","M"],"items_purchased_type":["Relic","Relic","Relic"],"build_version":"2020-12-22","purchased_purges":0,"victory":false,"max_hp_per_floor":[75,75,75,75,75,75,75,75,75,75,75,75,89,89,89,89,89,89,89],"card_choices":[{"not_picked":["Ball Lightning","Rebound","Glacier+1","Streamline"],"picked":"SKIP","floor":1.0},{"not_picked":["Steam+1","Ball Lightning","Redo+1","Amplify+1"],"picked":"SKIP","floor":1.0},{"not_picked":["Hologram+1","Stack+1","ReplayTheSpireMod:Calculation Training+1","Rebound"],"picked":"SKIP","floor":5.0},{"not_picked":["Darkness+1","Go for the Eyes","Time Bomb+1","Turbo+1"],"picked":"SKIP","floor":5.0},{"not_picked":["Coolheaded+1","Ball Lightning","Creative AI","Hello World"],"picked":"SKIP","floor":6},{"not_picked":["Conserve Battery+1","Storm","Compile Driver","Steam+1"],"picked":"SKIP","floor":8},{"not_picked":["White Noise+1","Beam Cell","Self Repair"],"picked":"Double Energy+1","floor":11},{"not_picked":["ReplayTheSpireMod:Reroute Power+1","Sweeping Beam","Chaos+1"],"picked":"Gash","floor":11},{"not_picked":["ReplayTheSpireMod:Reroute Power+1","Conserve Battery+1","Gash","Tempest+1"],"picked":"SKIP","floor":12},{"not_picked":["Rebound","FIFO Queue","BasicCrystalCard+1","Sunder"],"picked":"SKIP","floor":12},{"not_picked":["Hello World","Fusion+1","Turbo+1","BasicCrystalCard+1"],"picked":"SKIP","floor":14},{"not_picked":["Panic Button+1","Electrodynamics","Self Repair","BasicCrystalCard+1"],"picked":"SKIP","floor":14}],"player_experience":404271,"relics_obtained":[{"floor":6,"key":"Replay:Bandana"},{"floor":7,"key":"Blue Candle"},{"floor":8,"key":"Meat on the Bone"},{"floor":15,"key":"Darkstone Periapt"}],"event_choices":[{"cards_removed":["Sweeping Beam"],"damage_healed":0.0,"max_hp_gain":0.0,"max_hp_loss":0.0,"gold_gain":0.0,"event_name":"Living Wall","player_choice":"Forget","floor":2.0,"gold_loss":0.0,"damage_taken":0.0},{"damage_healed":0.0,"max_hp_gain":0.0,"max_hp_loss":0.0,"gold_gain":0.0,"event_name":"The Woman in Blue","player_choice":"Bought 0 Potions","floor":4.0,"gold_loss":0.0,"damage_taken":0.0},{"cards_removed":["ReplayGash"],"damage_healed":0,"gold_gain":0,"player_choice":"Offered Uncommon","damage_taken":0,"max_hp_gain":0,"max_hp_loss":0,"event_name":"Bonfire Elementals","floor":10,"gold_loss":0}],"is_beta":false,"boss_relics":[{"not_picked":["Runic Dome","Replay:Fungal Core"],"picked":"Fusion Hammer"}],"items_purged_floors":[],"is_endless":false,"potions_floor_spawned":[1,5,6,8,11,12,14,16,18],"killed_by":"theJungle:Flameango_and_Byrd","ascension_level":11}}