{"host":"5ezk7t18wcb10u1o","time":1609953706,"event":{"mods":["BaseMod","Bestiary","Colored Powertips","Minty Spire (QoL Compilation)","Relic Sorter"],"gold_per_floor":[111,131,141,160,170,170,182,182,182],"floor_reached":8,"playtime":480,"items_purged":[],"score":99,"play_id":"d329deb5-67ff-47e7-b770-773f11a528d0","local_time":"20210106172146","is_ascension_mode":true,"campfire_choices":[{"floor":6,"key":"REST"}],"circlet_count":0,"master_deck":["AscendersBane","Strike_B","Strike_B","Strike_B","Strike_B","Defend_B","Defend_B","Defend_B","Defend_B","Zap","Dualcast","Go for the Eyes","Gash","Loop","Go for the Eyes","Cold Snap","Fusion"],"relics":["Cracked Core"],"acts_visited":["Exordium"],"potions_floor_usage":[5,8],"damage_taken":[{"damage":1,"enemies":"Cultist","floor":1,"turns":3},{"damage":0,"enemies":"2 Louse","floor":2,"turns":3},{"damage":4,"enemies":"Jaw Worm","floor":3,"turns":3},{"damage":13,"enemies":"2 Fungi Beasts","floor":4,"turns":4},{"damage":22,"enemies":"Gremlin Gang","floor":5,"turns":3},{"damage":30,"enemies":"Exordium Thugs","floor":7,"turns":6},{"damage":28,"enemies":"Lagavulin","floor":8,"turns":6}],"seed_played":"6650902370318286840","potions_obtained":[{"floor":2,"key":"LiquidBronze"},{"floor":3,"key":"LiquidMemories"},{"floor":5,"key":"Energy Potion"}],"is_trial":false,"path_per_floor":["M","M","M","M","M","R","M","E"],"character_chosen":"DEFECT","items_purchased":[],"campfire_rested":1,"item_purchase_floors":[],"current_hp_per_floor":[70,70,66,53,31,54,24,0,0],"gold":182,"neow_bonus":"TEN_PERCENT_HP_BONUS","is_daily":false,"chose_seed":false,"campfire_upgraded":0,"win_rate":0.0,"timestamp":1609953706,"path_taken":["M","M","M","M","M","R","M","E"],"items_purchased_type":[],"build_version":"2020-12-22","purchased_purges":0,"victory":false,"max_hp_per_floor":[78,78,78,78,78,78,78,78,78],"card_choices":[{"not_picked":["Beam Cell","Compile Driver"],"picked":"Go for the Eyes","floor":1},{"not_picked":["Ball Lightning","Scrape"],"picked":"Gash","floor":2},{"not_picked":["Go for the Eyes","Darkness"],"picked":"Loop","floor":3},{"not_picked":["Rebound","Chaos"],"picked":"Go for the Eyes","floor":4},{"not_picked":["Fission","Rebound"],"picked":"Cold Snap","floor":5},{"not_picked":["Ball Lightning","White Noise"],"picked":"Fusion","floor":7}],"player_experience":1100622,"relics_obtained":[],"event_choices":[],"is_beta":false,"boss_relics":[],"items_purged_floors":[],"is_endless":false,"potions_floor_spawned":[2,3,5],"killed_by":"Lagavulin","ascension_level":18}}