{"host":"kw4o7b3ro2ktmmbe","time":1609905505,"event":{"mods":["BaseMod","Evolution","Minty Spire (QoL Compilation)","QueenMod","StSLib"],"gold_per_floor":[109,109,128,144,157,157,175,190,213,232,232,246,246,258,258,356,356,372,111,129,129,147,179,179,205,205,205,221,221,221],"floor_reached":29,"playtime":3676,"items_purged":[],"score":286,"play_id":"37c66225-41ec-4214-ab86-73a52ab469d2","local_time":"20210106165825","is_ascension_mode":false,"campfire_choices":[{"data":"QueenMod:GatheringSwarm","floor":6.0,"key":"SMITH"},{"data":"QueenMod:Recruit","floor":11.0,"key":"SMITH"},{"data":"QueenMod:SwarmingStrike","floor":15.0,"key":"SMITH"},{"data":"QueenMod:BusyBees","floor":24,"key":"SMITH"},{"data":"QueenMod:QuickJabs","floor":27,"key":"SMITH"}],"circlet_count":0,"master_deck":["QueenMod:PollenBlast","QueenMod:PollenBlast","QueenMod:PollenBlast","QueenMod:PollenBlast","QueenMod:HoldPosition","QueenMod:HoldPosition","QueenMod:HoldPosition","QueenMod:Defend","QueenMod:QuickJabs+1","QueenMod:Recruit+1","QueenMod:GatheringSwarm+1","QueenMod:BusyBees+1","QueenMod:SwarmingStrike+1","QueenMod:GnatSquadron","QueenMod:Honeyblaster+1","QueenMod:InspiringStrike+1"],"relics":["EVO:Axolotl","Busted Crown","Omamori","Coffee Dripper","Gremlin Horn","Blue Candle","Centennial Puzzle","Mummified Hand"],"acts_visited":["Exordium","TheCity"],"potions_floor_usage":[23,23,25],"damage_taken":[{"damage":0.0,"enemies":"Small Slimes","floor":1.0,"turns":3.0},{"damage":0.0,"enemies":"Cultist","floor":3.0,"turns":4.0},{"damage":0.0,"enemies":"2 Louse","floor":4.0,"turns":2.0},{"damage":1.0,"enemies":"Red Slaver","floor":5.0,"turns":6.0},{"damage":3.0,"enemies":"Looter","floor":7.0,"turns":4.0},{"damage":10.0,"enemies":"Gremlin Gang","floor":8.0,"turns":3.0},{"damage":1.0,"enemies":"Red Slaver","floor":10.0,"turns":4.0},{"damage":5.0,"enemies":"2 Fungi Beasts","floor":12.0,"turns":3.0},{"damage":4.0,"enemies":"Exordium Thugs","floor":14.0,"turns":4.0},{"damage":13.0,"enemies":"Hexaghost","floor":16.0,"turns":6.0},{"damage":0.0,"enemies":"3 Byrds","floor":18.0,"turns":4.0},{"damage":5.0,"enemies":"Shell Parasite","floor":20.0,"turns":6.0},{"damage":8.0,"enemies":"Snecko","floor":22.0,"turns":7.0},{"damage":14,"enemies":"Slavers","floor":23,"turns":6},{"damage":47,"enemies":"Book of Stabbing","floor":25,"turns":7},{"damage":0,"enemies":"Centurion and Healer","floor":28,"turns":6},{"damage":26,"enemies":"Cultist and Chosen","floor":29,"turns":4}],"seed_played":"7559107096324553488","potions_obtained":[{"floor":1.0,"key":"EntropicBrew"},{"floor":4.0,"key":"Weak Potion"},{"floor":5.0,"key":"Ancient Potion"},{"floor":7.0,"key":"LiquidBronze"},{"floor":12.0,"key":"SteroidPotion"},{"floor":20.0,"key":"SkillPotion"},{"floor":22.0,"key":"SteroidPotion"},{"floor":23,"key":"PowerPotion"}],"is_trial":false,"path_per_floor":["M","?","M","M","M","R","M","M","T","M","R","M","?","M","R","B",null,"M","$","M","?","M","E","R","E","T","R","M","M"],"character_chosen":"THE_QUEEN","items_purchased":["Gremlin Horn"],"campfire_rested":0,"item_purchase_floors":[19],"current_hp_per_floor":[75,75,75,75,74,74,71,61,61,60,60,55,48,44,44,31,75,75,75,70,85,77,63,63,16,16,16,16,0,0],"gold":221,"neow_bonus":"BOSS_RELIC","is_daily":false,"chose_seed":false,"campfire_upgraded":5,"win_rate":0.0,"timestamp":1609905505,"path_taken":["M","?","M","M","M","R","M","?","T","M","R","M","?","?","R","BOSS","M","$","M","?","M","E","R","E","T","R","M","?"],"items_purchased_type":["Relic"],"build_version":"2020-12-22","purchased_purges":0,"victory":false,"max_hp_per_floor":[75,75,75,75,75,75,75,75,75,75,75,75,75,75,75,75,75,75,75,75,85,85,85,85,85,85,85,85,85,85],"card_choices":[{"not_picked":[],"picked":"QueenMod:GatheringSwarm","floor":1.0},{"not_picked":["QueenMod:DefendOrder"],"picked":"SKIP","floor":3.0},{"not_picked":[],"picked":"QueenMod:BusyBees","floor":4.0},{"not_picked":["QueenMod:Charge"],"picked":"SKIP","floor":5.0},{"not_picked":["QueenMod:DefendOrder"],"picked":"SKIP","floor":7.0},{"not_picked":[],"picked":"QueenMod:SwarmingStrike","floor":8.0},{"not_picked":["QueenMod:DefendOrder"],"picked":"SKIP","floor":10.0},{"not_picked":[],"picked":"QueenMod:GnatSquadron","floor":12.0},{"not_picked":["QueenMod:AttackOrder"],"picked":"SKIP","floor":14.0},{"not_picked":[],"picked":"QueenMod:ForcedMarch","floor":16.0},{"not_picked":["QueenMod:Ravage+1"],"picked":"SKIP","floor":18.0},{"not_picked":["QueenMod:PopulateOrder"],"picked":"SKIP","floor":20.0},{"not_picked":[],"picked":"QueenMod:Honeyblaster+1","floor":22.0},{"not_picked":[],"picked":"QueenMod:InspiringStrike+1","floor":23},{"not_picked":["QueenMod:HoneycombSmash"],"picked":"SKIP","floor":25},{"not_picked":["QueenMod:Gather+1"],"picked":"SKIP","floor":28}],"player_experience":1805290,"relics_obtained":[{"floor":9.0,"key":"Omamori"},{"floor":23,"key":"Blue Candle"},{"floor":25,"key":"Centennial Puzzle"},{"floor":26,"key":"Mummified Hand"}],"event_choices":[{"damage_healed":0.0,"max_hp_gain":0.0,"max_hp_loss":0.0,"gold_gain":0.0,"event_name":"Wheel of Change","player_choice":"Full Heal","floor":2.0,"gold_loss":0.0,"damage_taken":0.0},{"damage_healed":0.0,"max_hp_gain":0.0,"max_hp_loss":0.0,"gold_gain":0.0,"event_name":"Wheel of Change","player_choice":"Damaged","floor":13.0,"gold_loss":0.0,"damage_taken":7.0},{"cards_removed":["QueenMod:ForcedMarch"],"damage_healed":5.0,"max_hp_gain":10.0,"max_hp_loss":0.0,"gold_gain":0.0,"event_name":"Bonfire Elementals","player_choice":"Offered Rare","floor":21.0,"gold_loss":0.0,"damage_taken":0.0}],"is_beta":false,"boss_relics":[{"not_picked":["Calling Bell","Velvet Choker"],"picked":"Coffee Dripper"}],"items_purged_floors":[],"is_endless":false,"potions_floor_spawned":[1,4,5,7,8,12,20,22,23],"killed_by":"Cultist and Chosen","ascension_level":0}}