{"host":"kh6fvhxn285ncg0o","time":1609922069,"event":{"mods":["Act Like it!","BaseMod","Colored Map","Friendly Minions","Keyboard Shortcuts","Minty Spire (QoL Compilation)","Quick Restart","Relic Stats","StSLib","SuperFastMode"],"gold_per_floor":[112,137,160,169,19,53,53,84,84,84,110,129,138,177,177,265,337,352,380,380,380,405,405,455,482,482,211,230,230,230,260,260,341,341,370,384,733,466,481,507,531,571,571,596,612,634,675,675,675,675,675,675,675,133,163,163],"floor_reached":57,"playtime":2784,"items_purged":["Bash","Uppercut","Anger"],"score":2946,"play_id":"49e1be77-bd0c-4510-86be-8f91746a938d","local_time":"20210106173429","is_ascension_mode":true,"campfire_choices":[{"data":"Evolve","floor":7.0,"key":"SMITH"},{"floor":10.0,"key":"REST"},{"data":"Armaments","floor":15.0,"key":"SMITH"},{"floor":23.0,"key":"REST"},{"data":"Offering","floor":29.0,"key":"SMITH"},{"data":"Dual Wield","floor":32.0,"key":"SMITH"},{"floor":49.0,"key":"RECALL"},{"floor":53,"key":"DIG"}],"circlet_count":0,"master_deck":["AscendersBane","Pommel Strike","Sever Soul","Evolve+1","Flash of Steel","Armaments+1","Ghostly Armor","Uppercut","Dark Embrace","Offering+1","Second Wind","Rupture","Rupture","Barricade","Armaments","Inflame","Reaper","Wild Strike","Dual Wield+1","Violence","Exhume","Body Slam+1","Rage","Power Through","Intimidate+1","Seeing Red","Master of Strategy","Deep Breath"],"relics":["Mark of Pain","CeramicFish","Nunchaku","MealTicket","Blood Vial","Happy Flower","Pandora\u0027s Box","Bottled Tornado","Art of War","Fusion Hammer","Old Coin","Medical Kit","Smiling Mask","Regal Pillow","Shovel","Incense Burner","StoneCalendar","HornCleat","Membership Card","Bag of Marbles","Akabeko","Red Skull"],"acts_visited":["Exordium","TheCity","TheBeyond","TheEnding"],"potions_floor_usage":[51,56,56],"damage_taken":[{"damage":1.0,"enemies":"Cultist","floor":1.0,"turns":4.0},{"damage":7.0,"enemies":"2 Louse","floor":3.0,"turns":3.0},{"damage":20.0,"enemies":"Lagavulin","floor":6.0,"turns":6.0},{"damage":22.0,"enemies":"3 Sentries","floor":8.0,"turns":8.0},{"damage":1.0,"enemies":"Small Slimes","floor":11.0,"turns":4.0},{"damage":6.0,"enemies":"2 Fungi Beasts","floor":12.0,"turns":3.0},{"damage":9.0,"enemies":"Lagavulin","floor":14.0,"turns":6.0},{"damage":20.0,"enemies":"Slime Boss","floor":16.0,"turns":8.0},{"damage":23.0,"enemies":"Shell Parasite","floor":18.0,"turns":3.0},{"damage":19.0,"enemies":"2 Thieves","floor":19.0,"turns":3.0},{"damage":35.0,"enemies":"3 Cultists","floor":22.0,"turns":5.0},{"damage":46.0,"enemies":"Slavers","floor":25.0,"turns":5.0},{"damage":28.0,"enemies":"Cultist and Chosen","floor":28.0,"turns":5.0},{"damage":13.0,"enemies":"Gremlin Leader","floor":31.0,"turns":4.0},{"damage":50.0,"enemies":"Automaton","floor":33.0,"turns":8.0},{"damage":6.0,"enemies":"Orb Walker","floor":35.0,"turns":4.0},{"damage":41.0,"enemies":"3 Shapes","floor":36.0,"turns":6.0},{"damage":39.0,"enemies":"2 Orb Walkers","floor":37.0,"turns":3.0},{"damage":43.0,"enemies":"3 Darklings","floor":39.0,"turns":4.0},{"damage":15.0,"enemies":"Giant Head","floor":40.0,"turns":3.0},{"damage":6.0,"enemies":"Spire Growth","floor":41.0,"turns":3.0},{"damage":9.0,"enemies":"Nemesis","floor":42.0,"turns":11.0},{"damage":26.0,"enemies":"Mind Bloom Boss Battle","floor":44.0,"turns":8.0},{"damage":6.0,"enemies":"Maw","floor":45.0,"turns":10.0},{"damage":19.0,"enemies":"3 Darklings","floor":46.0,"turns":5.0},{"damage":59.0,"enemies":"Reptomancer","floor":47.0,"turns":8.0},{"damage":7.0,"enemies":"Awakened One","floor":50.0,"turns":12.0},{"damage":29,"enemies":"Donu and Deca","floor":51,"turns":11},{"damage":27,"enemies":"Shield and Spear","floor":55,"turns":6},{"damage":6,"enemies":"The Heart","floor":56,"turns":7}],"seed_played":"-6974665034559105864","potions_obtained":[{"floor":3.0,"key":"Strength Potion"},{"floor":8.0,"key":"Weak Potion"},{"floor":11.0,"key":"Fruit Juice"},{"floor":18.0,"key":"Energy Potion"},{"floor":28.0,"key":"Block Potion"},{"floor":31.0,"key":"Dexterity Potion"},{"floor":33.0,"key":"Block Potion"},{"floor":44.0,"key":"FairyPotion"},{"floor":45.0,"key":"ElixirPotion"}],"is_trial":false,"path_per_floor":["M","T","M","?","$","E","R","E","T","R","M","M","?","E","R","B",null,"M","M","?","?","M","R","?","E","T","$","M","R","?","E","R","B",null,"M","M","?","$","M","E","M","E","T","?","M","M","E","?","R","B","B",null,"R","$","E","B",null],"character_chosen":"IRONCLAD","items_purchased":["Evolve","Flash of Steel","Violence","Medical Kit","Membership Card","Master of Strategy","Deep Breath","Bag of Marbles","Akabeko","Weak Potion"],"campfire_rested":2,"item_purchase_floors":[5,5,27,38,54,54,54,54,54,54],"current_hp_per_floor":[67,67,60,60,60,40,40,18,18,40,41,37,37,30,30,12,59,48,46,46,46,25,47,47,15,15,30,14,14,29,30,30,5,61,64,64,35,50,38,25,34,80,80,80,80,80,53,53,53,80,51,73,73,80,80,74],"gold":163,"neow_bonus":"BOSS_RELIC","is_daily":false,"chose_seed":false,"campfire_upgraded":4,"win_rate":0.0,"timestamp":1609922069,"path_taken":["M","?","M","?","$","E","R","E","T","R","M","?","?","E","R","BOSS","M","?","?","?","M","R","?","E","T","$","M","R","?","E","R","BOSS","M","M","?","$","M","E","M","E","T","?","M","M","E","?","R","BOSS","BOSS","R","$","E","BOSS"],"items_purchased_type":["Card","Card","Card","Relic","Relic","Card","Card","Relic","Relic","Potion"],"build_version":"2020-12-22","purchased_purges":3,"victory":true,"max_hp_per_floor":[75,75,75,75,75,75,75,75,75,75,75,75,75,75,75,75,75,75,75,75,75,75,75,75,75,75,75,75,75,75,75,75,80,80,80,80,80,80,80,80,80,80,80,80,80,80,80,80,80,80,80,80,80,80,80,80],"relic_stats":{"Regal Pillow":0,"Happy Flower":[47],"counters":[30,176],"CeramicFish":261,"StoneCalendar":[115],"Medical Kit":[88],"Smiling Mask":13,"Blood Vial":38,"Nunchaku":[47],"Shovel":1,"MealTicket":37,"Pandora\u0027s Box":["Second Wind","Rupture","Rupture","Barricade","Anger","Armaments","Inflame","Reaper"],"Art of War":[15],"obtain_stats":[{"Regal Pillow":42,"Happy Flower":14,"CeramicFish":2,"StoneCalendar":47,"Incense Burner":44,"Bottled Tornado":25,"Medical Kit":38,"Smiling Mask":40,"Burning Blood":0,"Akabeko":54,"Old Coin":37,"Blood Vial":9,"Nunchaku":6,"Shovel":43,"HornCleat":53,"MealTicket":8,"Pandora\u0027s Box":17,"Mark of Pain":0,"Fusion Hammer":34,"Art of War":31,"Bag of Marbles":54,"Membership Card":54,"Red Skull":55},{"Regal Pillow":22,"Happy Flower":7,"CeramicFish":1,"StoneCalendar":26,"Incense Burner":23,"Bottled Tornado":12,"Medical Kit":18,"Smiling Mask":20,"Burning Blood":0,"Akabeko":28,"Old Coin":18,"Blood Vial":4,"Nunchaku":3,"Shovel":22,"HornCleat":28,"MealTicket":4,"Pandora\u0027s Box":8,"Mark of Pain":0,"Fusion Hammer":15,"Art of War":14,"Bag of Marbles":28,"Membership Card":28,"Red Skull":29},{"Regal Pillow":109,"Happy Flower":34,"CeramicFish":4,"StoneCalendar":140,"Incense Burner":117,"Bottled Tornado":58,"Medical Kit":88,"Smiling Mask":95,"Burning Blood":0,"Akabeko":163,"Old Coin":88,"Blood Vial":21,"Nunchaku":13,"Shovel":109,"HornCleat":163,"MealTicket":21,"Pandora\u0027s Box":42,"Mark of Pain":0,"Fusion Hammer":75,"Art of War":67,"Bag of Marbles":163,"Membership Card":163,"Red Skull":169}]},"card_choices":[{"not_picked":["Thunderclap","Reckless Charge"],"picked":"Pommel Strike","floor":1.0},{"not_picked":["Wild Strike","Twin Strike"],"picked":"Sever Soul","floor":3.0},{"not_picked":["Thunderclap","Blood for Blood"],"picked":"Armaments","floor":6.0},{"not_picked":["Pummel","Flex"],"picked":"Ghostly Armor","floor":11.0},{"not_picked":["Cleave","Wild Strike"],"picked":"Uppercut","floor":12.0},{"not_picked":["Warcry","Cleave"],"picked":"Dark Embrace","floor":14.0},{"not_picked":["Double Tap","Berserk"],"picked":"Offering","floor":16.0},{"not_picked":["Cleave","Sword Boomerang","Rupture"],"picked":"SKIP","floor":18.0},{"not_picked":["Searing Blow","Wild Strike","Second Wind"],"picked":"SKIP","floor":19.0},{"not_picked":["Searing Blow","Second Wind"],"picked":"Wild Strike","floor":19.0},{"not_picked":["Perfected Strike","Shockwave"],"picked":"Dual Wield","floor":22.0},{"not_picked":["Whirlwind","Sword Boomerang","Dual Wield"],"picked":"SKIP","floor":25.0},{"not_picked":["Clash","Havoc","Armaments+1"],"picked":"SKIP","floor":28.0},{"not_picked":["Anger","Warcry","Infernal Blade"],"picked":"SKIP","floor":31.0},{"not_picked":["Impervious","Reaper"],"picked":"Exhume","floor":33.0},{"not_picked":["Shrug It Off+1","Cleave"],"picked":"Body Slam+1","floor":35.0},{"not_picked":["Perfected Strike+1","Heavy Blade+1","Wild Strike+1"],"picked":"SKIP","floor":36.0},{"not_picked":["Havoc","Uppercut","Anger"],"picked":"SKIP","floor":39.0},{"not_picked":["Havoc","Pommel Strike","Twin Strike+1"],"picked":"SKIP","floor":40.0},{"not_picked":["Anger+1","Fiend Fire"],"picked":"Rage","floor":41.0},{"not_picked":["Reaper","Pommel Strike"],"picked":"Power Through","floor":42.0},{"not_picked":["Perfected Strike","Body Slam","Flex+1"],"picked":"SKIP","floor":45.0},{"not_picked":["Havoc","Sever Soul"],"picked":"Intimidate+1","floor":46.0},{"not_picked":["Iron Wave+1","Twin Strike"],"picked":"Seeing Red","floor":47.0},{"not_picked":["Second Wind","Dropkick","Heavy Blade"],"picked":"SKIP","floor":55}],"player_experience":3376536,"relics_obtained":[{"floor":2.0,"key":"CeramicFish"},{"floor":6.0,"key":"Nunchaku"},{"floor":8.0,"key":"MealTicket"},{"floor":9.0,"key":"Blood Vial"},{"floor":14.0,"key":"Happy Flower"},{"floor":25.0,"key":"Bottled Tornado"},{"floor":31.0,"key":"Art of War"},{"floor":37.0,"key":"Old Coin"},{"floor":40.0,"key":"Smiling Mask"},{"floor":42.0,"key":"Regal Pillow"},{"floor":43.0,"key":"Shovel"},{"floor":44.0,"key":"Incense Burner"},{"floor":47.0,"key":"StoneCalendar"},{"floor":53,"key":"HornCleat"},{"floor":55,"key":"Red Skull"}],"event_choices":[{"damage_healed":0.0,"max_hp_gain":0.0,"max_hp_loss":0.0,"gold_gain":0.0,"event_name":"Wheel of Change","player_choice":"Cursed","floor":4.0,"gold_loss":0.0,"damage_taken":0.0,"cards_obtained":["Decay"]},{"damage_healed":0.0,"max_hp_gain":0.0,"max_hp_loss":0.0,"gold_gain":0.0,"cards_transformed":["Strike_R"],"event_name":"Transmorgrifier","player_choice":"Transformed","floor":13.0,"gold_loss":0.0,"damage_taken":0.0,"cards_obtained":["Uppercut"]},{"damage_healed":0.0,"max_hp_gain":0.0,"max_hp_loss":0.0,"gold_gain":0.0,"event_name":"Cursed Tome","player_choice":"Ignored","floor":20.0,"gold_loss":0.0,"damage_taken":0.0},{"cards_removed":["Decay"],"damage_healed":0.0,"max_hp_gain":0.0,"max_hp_loss":0.0,"gold_gain":0.0,"event_name":"Back to Basics","player_choice":"Elegance","floor":21.0,"gold_loss":0.0,"damage_taken":0.0},{"damage_healed":0.0,"max_hp_gain":0.0,"max_hp_loss":0.0,"gold_gain":50.0,"event_name":"Nest","player_choice":"Stole From Cult","floor":24.0,"gold_loss":0.0,"damage_taken":0.0},{"damage_healed":15.0,"max_hp_gain":0.0,"max_hp_loss":0.0,"gold_gain":0.0,"event_name":"The Library","player_choice":"Heal","floor":30.0,"gold_loss":0.0,"damage_taken":0.0},{"damage_healed":0.0,"max_hp_gain":0.0,"max_hp_loss":0.0,"gold_gain":0.0,"event_name":"Mysterious Sphere","player_choice":"Fight","floor":37.0,"gold_loss":0.0,"damage_taken":0.0},{"damage_healed":0.0,"max_hp_gain":0.0,"max_hp_loss":0.0,"gold_gain":0.0,"event_name":"MindBloom","player_choice":"Fight","floor":44.0,"gold_loss":0.0,"damage_taken":0.0},{"damage_healed":0.0,"max_hp_gain":0.0,"max_hp_loss":0.0,"gold_gain":0.0,"event_name":"Tomb of Lord Red Mask","player_choice":"Ignored","floor":48.0,"gold_loss":0.0,"damage_taken":0.0}],"is_beta":false,"boss_relics":[{"not_picked":["Ectoplasm","Philosopher\u0027s Stone"],"picked":"Pandora\u0027s Box"},{"not_picked":["Tiny House","Calling Bell"],"picked":"Fusion Hammer"}],"items_purged_floors":[27,38,54],"is_endless":false,"potions_floor_spawned":[3,8,11,18,28,31,33,35,36,44,45,47],"ascension_level":20}}