{"host":"6jrnojxwearbrjzo","time":1609931818,"event":{"mods":["BaseMod","Minty Spire (QoL Compilation)","Replay The Spire","Shop Mod","Spicy Shops","StSLib","The Cursed","The Servant 0.9.4","[功能]功能增强和修复MOD","vexMod"],"gold_per_floor":[118,393,91,108,1,35,35,62,62,62,25,25,55,9,9,106,106,116,31,31,3,3,3,17,52,52,85,65,65,133,165,165,260,260,276,188,188,68,68,102,102,127,175,135,135,160,86,86,286,286,286,286,145,180,180],"floor_reached":56,"playtime":2819,"items_purged":["Regret","Decay","Strike_S","Defend_S","Strike_S","Defend_S","Defend_S","Strike_S","Defend_S","Strike_S","SilverBlades","Normality","ShatteredReality","Normality","Hallucinations","ReplayTheSpireMod:Splinters","Shame","Decay","Parasite","Crow Ritual","ShatteredReality+1","Exchange"],"score":2079,"play_id":"6cefd6b6-32dc-49ea-8c43-037ecc441fac","local_time":"20210106191658","is_ascension_mode":true,"campfire_choices":[{"data":"Potential","floor":7.0,"key":"SMITH"},{"floor":15.0,"key":"DIG"},{"data":"ReturningBlade+3","floor":29,"key":"SMITH"},{"floor":32,"key":"RECALL"},{"floor":49,"key":"DIG"},{"data":"Rearm","floor":52,"key":"SMITH"}],"circlet_count":0,"master_deck":["KidneyShot+1","Rearm+1","LightFlow+1","GearUp+1","ReturningBlade+4","Potential+1","TimeWarp+1","SoulSculpture+1","SurpressingFire+1","SilverBlades+1","TimeTheft+1","Alleviate+1","FanOfKnives+1","ShiftingGears+1","Exchange+1","Advance","KillingDoll+1","ReplayTheSpireMod:Private Reserves+1","BestPractice+1","Flash of Steel","Finesse+1","Panache+1","TheWorld+1"],"relics":["Uniform","Boot","Matryoshka","TheAbacus","ReplayFunnel","Bottled Lightning","Orrery","Question Card","Membership Card","vexMod:Dragonfruit","Incense Burner","Pen Nib","Replay:Wax Seal","Gremlin Horn","MawBank","Ice Cream","Tiny Chest","Replay:Multitool","Guide Book","Snack Pack","Calipers","vexMod:ImprovementManual","Potion Belt","Bag of Marbles","Sling","Ring of Fury","Ring of Peace","vexMod:PaidLearning","Bronze Scales","White Beast Statue","Sundial","Replay:Towering Pillar of Hats","Ornamental Fan","Strange Spoon","DollysMirror","OldScarf","Mummified Hand","ReplayTheSpireMod:CursedCoin","Juzu Bracelet","Centennial Puzzle","Replay:Ancient Bell","Oddly Smooth Stone","Onion Ring","RomanBracelet","vexMod:Cooldron","Chemical X","ReplayTheSpireMod:Ninjato","ReplayTheSpireMod:Lightbulb","PocketWatch","Lantern","Replay:Mystery Machine","BargainBundle","CaptainsWheel","Replay:Bottled Flurry","Bag of Preparation","ClockworkSouvenir","Blue Doll","Golden Egg","Vajra","Nunchaku","vexMod:BarristanHead","Frozen Egg 2","Happy Flower","Whetstone","vexMod:RedPlottingStone","Pet Ghost","Replay:Baseball","Shuriken","ReplayTheSpireMod:EnergyBall","Replay:Kaleidoscope","Replay:Ringing Soul","War Paint"],"acts_visited":["Exordium","TheCity","TheBeyond","TheEnding"],"potions_floor_usage":[25,27,31,31,33,33,33,40,55,55],"damage_taken":[{"damage":9.0,"enemies":"Small Slimes","floor":1.0,"turns":4.0},{"damage":0.0,"enemies":"Cultist","floor":4.0,"turns":2.0},{"damage":0.0,"enemies":"Gremlin Nob","floor":6.0,"turns":4.0},{"damage":6.0,"enemies":"3 Sentries","floor":8.0,"turns":3.0},{"damage":14.0,"enemies":"Gremlin Nob","floor":13.0,"turns":3.0},{"damage":0.0,"enemies":"Slime Boss","floor":16.0,"turns":3.0},{"damage":7,"enemies":"Spheric Guardian","floor":18,"turns":3},{"damage":11,"enemies":"2 Thieves","floor":24,"turns":3},{"damage":13,"enemies":"Book of Stabbing","floor":25,"turns":3},{"damage":0,"enemies":"Gremlin Leader","floor":27,"turns":1},{"damage":0,"enemies":"Replay:Snechameleon","floor":31,"turns":2},{"damage":0,"enemies":"Collector","floor":33,"turns":3},{"damage":0,"enemies":"3 Shapes","floor":35,"turns":3},{"damage":0,"enemies":"R_Hoarder","floor":40,"turns":2},{"damage":0,"enemies":"Giant Head","floor":42,"turns":3},{"damage":0,"enemies":"R_Hoarder","floor":46,"turns":2},{"damage":0,"enemies":"Awakened One","floor":50,"turns":3},{"damage":0,"enemies":"Shield and Spear","floor":54,"turns":1},{"damage":0,"enemies":"The Heart","floor":55,"turns":3}],"seed_played":"6711458200330948931","potions_obtained":[{"floor":0.0,"key":"Regen Potion"},{"floor":0.0,"key":"ColorlessPotion"},{"floor":0.0,"key":"Weak Potion"},{"floor":4.0,"key":"Ancient Potion"},{"floor":6.0,"key":"Energy Potion"},{"floor":8.0,"key":"Swift Potion"},{"floor":13.0,"key":"Fire Potion"},{"floor":16.0,"key":"BlessingOfTheForge"},{"floor":24,"key":"Venom Potion"},{"floor":24,"key":"Adrenaline Potion"},{"floor":24,"key":"Energy Potion"},{"floor":25,"key":"SkillPotion"},{"floor":27,"key":"Reflective Coating"},{"floor":31,"key":"Adrenaline Potion"},{"floor":31,"key":"SteroidPotion"},{"floor":33,"key":"Languid Potion"},{"floor":35,"key":"Strength Potion"},{"floor":40,"key":"EntropicBrew"}],"is_trial":false,"path_per_floor":["M","?","$","M","$","E","R","E","T","T","$","?","E","$","R","B",null,"M","$","?","$","?","T","M","E","T","E","$","R","$","E","R","B",null,"M","$","?","$","T","E","?","E","T","?","?","E","$","T","R","B",null,"R","$","E","B",null],"character_chosen":"THE_SERVANT","items_purchased":["LightFlow","GearUp","Boot","Matryoshka","TheAbacus","ReplayFunnel","Bottled Lightning","Orrery","Question Card","Membership Card","vexMod:Dragonfruit","SurpressingFire","Milkshake","Ice Cream","Tiny Chest","Guide Book","Snack Pack","Potion Belt","Bag of Marbles","Sling","Alleviate","Crow Ritual","vexMod:PaidLearning","Bronze Scales","Strange Spoon","DollysMirror","OldScarf","Mummified Hand","ReplayTheSpireMod:CursedCoin","Juzu Bracelet","Advance","vexMod:Cooldron","Chemical X","ReplayTheSpireMod:Ninjato","ReplayTheSpireMod:Lightbulb","PocketWatch","Lantern","Replay:Mystery Machine","BargainBundle","CaptainsWheel","Replay:Bottled Flurry","Bag of Preparation","ClockworkSouvenir","EntropicBrew","Frozen Egg 2","Happy Flower","Whetstone","EntropicBrew","Shuriken","ReplayTheSpireMod:EnergyBall","Replay:Kaleidoscope","Replay:Ringing Soul","Panache+1","TheWorld+1"],"campfire_rested":0,"item_purchase_floors":[3,3,3,3,3,3,3,3,5,5,5,5,5,11,11,14,14,19,19,19,19,19,21,21,28,30,30,30,30,30,30,36,36,36,36,36,36,38,38,38,38,38,38,38,47,47,47,47,53,53,53,53,53,53],"current_hp_per_floor":[62,62,62,62,67,67,67,61,61,61,61,47,33,33,33,37,70,63,63,63,63,63,63,54,43,43,43,43,43,43,47,47,51,70,70,67,67,67,67,67,64,64,64,64,64,64,64,64,74,74,74,74,77,77,77],"gold":180,"neow_bonus":"THREE_SMALL_POTIONS","is_daily":false,"chose_seed":false,"campfire_upgraded":3,"win_rate":0.0,"timestamp":1609931818,"path_taken":["M","?","$","?","$","E","R","E","T","?","$","?","E","$","R","BOSS","M","$","?","$","?","?","?","E","T","E","?","R","$","E","R","BOSS","M","$","?","$","?","E","?","E","T","?","?","E","$","?","R","BOSS","R","$","E","BOSS"],"items_purchased_type":["Card","Card","Relic","Relic","Relic","Relic","Relic","Relic","Relic","Relic","Relic","Card","Potion","Relic","Relic","Relic","Relic","Relic","Relic","Relic","Card","Card","Relic","Relic","Relic","Relic","Relic","Relic","Relic","Relic","Card","Relic","Relic","Relic","Relic","Relic","Relic","Relic","Relic","Relic","Relic","Relic","Relic","Potion","Relic","Relic","Relic","Potion","Relic","Relic","Relic","Relic","Card","Card"],"build_version":"2020-12-22","purchased_purges":22,"victory":true,"max_hp_per_floor":[65,65,65,65,70,70,70,70,70,70,70,70,70,70,70,70,70,70,70,70,70,70,70,70,70,70,70,70,70,70,70,70,70,70,70,67,67,67,67,67,64,64,64,64,64,64,64,64,74,74,74,74,77,77,77],"card_choices":[{"not_picked":["ShatteredReality","InstantArmor"],"picked":"Rearm","floor":1.0},{"not_picked":["Starlight","MoonPhase"],"picked":"ReturningBlade","floor":3.0},{"not_picked":["Spin","TimeWarp"],"picked":"Potential","floor":3.0},{"not_picked":["Gouge","Ricochet"],"picked":"TimeWarp","floor":3.0},{"not_picked":["Spin","DualDimension"],"picked":"ShatteredReality","floor":3.0},{"not_picked":["Starlight","Revamp"],"picked":"SoulSculpture","floor":3.0},{"not_picked":["Spin","GearUp","ShatteredReality"],"picked":"SKIP","floor":4.0},{"not_picked":["Spin","GearUp"],"picked":"ShatteredReality","floor":4.0},{"not_picked":["Hightail","DualDimension","WasteNot"],"picked":"SilverBlades","floor":6.0},{"not_picked":["Spin","Contraction","Unruled"],"picked":"SilverBlades","floor":8.0},{"not_picked":["Starlight","Potential","Defy","ShatteredReality"],"picked":"SKIP","floor":13.0},{"not_picked":["TimeWarp","Ricochet+1","Rewind"],"picked":"TimeTheft","floor":18},{"not_picked":["Unruled","Spin","SilverBlades","Rearm"],"picked":"SKIP","floor":24},{"not_picked":["Shuttle+1","FastForward","ShatteredReality"],"picked":"FanOfKnives+1","floor":25},{"not_picked":["GearUp","Barrier","FastForward"],"picked":"ShiftingGears+1","floor":27},{"not_picked":["Contraction","Snipe","ForgedInTime","BottledTime+1"],"picked":"SKIP","floor":31},{"not_picked":["PendulumOfEternity","Duplication","TheWorld"],"picked":"KillingDoll","floor":33},{"not_picked":["Looming Evil","ReplayTheSpireMod:Restless Dread","Regret"],"picked":"ReplayTheSpireMod:Splinters","floor":34},{"not_picked":["ReplayTheSpireMod:Faulty Equipment","ReplayTheSpireMod:IOU","Pain"],"picked":"Shame","floor":34},{"not_picked":["Doubt","Voices","Delirium"],"picked":"Decay","floor":34},{"not_picked":["FloweringNight","ReturningBlade+1","Alleviate","Snipe+1"],"picked":"SKIP","floor":35},{"not_picked":["Jack Of All Trades","Metamorphosis","ReplayTheSpireMod:Trickstab"],"picked":"ReplayTheSpireMod:Private Reserves","floor":37},{"not_picked":["Spin+1","Hightail+1","Moondial","Alleviate"],"picked":"SKIP","floor":40},{"not_picked":["Sabotage","KillingDoll","Rewind+1","Rearm"],"picked":"SKIP","floor":42},{"not_picked":["Starlight+1","Ricochet+1","Deadline+1"],"picked":"BestPractice+1","floor":46},{"not_picked":["Ricochet+1","Advance+1","Misdirection+1","Unruled+1"],"picked":"SKIP","floor":54}],"player_experience":29938,"relics_obtained":[{"floor":6.0,"key":"Incense Burner"},{"floor":8.0,"key":"Pen Nib"},{"floor":9.0,"key":"Replay:Wax Seal"},{"floor":9.0,"key":"Gremlin Horn"},{"floor":10.0,"key":"MawBank"},{"floor":13.0,"key":"Replay:Multitool"},{"floor":15.0,"key":"Calipers"},{"floor":20,"key":"Ring of Fury"},{"floor":20,"key":"Ring of Peace"},{"floor":23,"key":"White Beast Statue"},{"floor":25,"key":"Sundial"},{"floor":26,"key":"Replay:Towering Pillar of Hats"},{"floor":27,"key":"Ornamental Fan"},{"floor":31,"key":"Centennial Puzzle"},{"floor":39,"key":"Blue Doll"},{"floor":40,"key":"Golden Egg"},{"floor":42,"key":"Vajra"},{"floor":43,"key":"Nunchaku"},{"floor":46,"key":"vexMod:BarristanHead"},{"floor":48,"key":"vexMod:RedPlottingStone"},{"floor":49,"key":"Replay:Baseball"},{"floor":54,"key":"War Paint"}],"event_choices":[{"damage_healed":0.0,"max_hp_gain":0.0,"max_hp_loss":0.0,"gold_gain":275.0,"event_name":"Golden Shrine","player_choice":"Desecrate","floor":2.0,"gold_loss":0.0,"damage_taken":0.0,"cards_obtained":["Regret"]},{"damage_healed":0.0,"max_hp_gain":0.0,"max_hp_loss":0.0,"gold_gain":0.0,"event_name":"Shining Light","player_choice":"Entered Light","floor":12.0,"gold_loss":0.0,"damage_taken":14.0,"cards_upgraded":["SoulSculpture","GearUp"]},{"damage_healed":0,"gold_gain":0,"player_choice":"Ignored","damage_taken":0,"max_hp_gain":0,"max_hp_loss":0,"event_name":"Vampires","floor":22,"gold_loss":0},{"damage_healed":0,"gold_gain":0,"player_choice":"Memory 1","damage_taken":0,"max_hp_gain":0,"max_hp_loss":0,"event_name":"SensoryStone","floor":37,"gold_loss":0},{"damage_healed":0,"gold_gain":0,"player_choice":"Max HP","damage_taken":0,"max_hp_gain":0,"max_hp_loss":3,"event_name":"Winding Halls","floor":41,"gold_loss":0},{"damage_healed":0,"gold_gain":0,"player_choice":"Upgraded Two","damage_taken":0,"max_hp_gain":0,"max_hp_loss":0,"event_name":"Designer","floor":44,"gold_loss":40,"cards_upgraded":["ReplayTheSpireMod:Private Reserves","Exchange"]},{"damage_healed":0,"gold_gain":0,"player_choice":"Full Heal","damage_taken":0,"max_hp_gain":0,"max_hp_loss":0,"event_name":"Wheel of Change","floor":45,"gold_loss":0}],"is_beta":false,"boss_relics":[{"not_picked":["vexMod:MysteryBossChallenge","Runic Pyramid"],"picked":"vexMod:ImprovementManual"},{"not_picked":["Replay:Grab Bag","vexMod:DeviousBotling"],"picked":"Replay:Ancient Bell"},{"not_picked":["Anchor","Smiling Mask"],"picked":"Oddly Smooth Stone"},{"not_picked":["Divine Protection","vexMod:InvisibilityCloak"],"picked":"Onion Ring"},{"not_picked":["vexMod:RetaliationKit","Ginger"],"picked":"RomanBracelet"}],"items_purged_floors":[3,3,3,3,3,3,3,3,5,11,14,21,28,30,30,36,36,36,36,38,47,47],"is_endless":false,"potions_floor_spawned":[4,6,6,6,8,8,13,13,16,18,24,24,24,25,25,25,25,27,27,31,31,31,31,33,33,35,35,40,40,40,40,42,42,42,42,46,54,54,54],"ascension_level":3}}