{"host":"c5j8t0wyh2hvx9ju","time":1609896420,"event":{"mods":["Astrologer","BaseMod","BetterRewards","HololiveMod","Minty Spire (QoL Compilation)","Prisma Mod","StSLib"],"gold_per_floor":[113,123,48,63,73,73,93,106,156,190,190,206,237,252,252,347,347,363,373,393,427,352,352,352,352],"floor_reached":24,"playtime":1096,"items_purged":["Strike_P"],"score":374,"play_id":"b7b18a49-82bc-4479-b5d4-c6e53613f54d","local_time":"20210106102700","is_ascension_mode":true,"campfire_choices":[{"data":"Eruption","floor":6,"key":"SMITH"},{"data":"TalkToTheHand","floor":11,"key":"SMITH"},{"floor":15,"key":"REST"},{"floor":23,"key":"REST"}],"circlet_count":0,"master_deck":["Strike_P","Strike_P","Strike_P","Defend_P","Defend_P","Defend_P","Eruption+1","Vigilance","Worship","TalkToTheHand+1","Wallop","Tantrum","Indignation","Crescendo","CutThroughFate","ReachHeaven","Weave","MentalFortress","Adaptation","Wallop","Halt","Weave","Omniscience","CutThroughFate","MentalFortress+1","Vault"],"relics":["PureWater","Orrery","Smiling Mask","Frozen Egg 2","Pantograph","Hololive_Finger","Red Mask"],"acts_visited":["Exordium","TheCity"],"potions_floor_usage":[10,13,21,24,24],"damage_taken":[{"damage":1,"enemies":"Cultist","floor":1,"turns":4},{"damage":2,"enemies":"2 Louse","floor":2,"turns":2},{"damage":0,"enemies":"Jaw Worm","floor":4,"turns":4},{"damage":21,"enemies":"3 Louse","floor":5,"turns":2},{"damage":0,"enemies":"Large Slime","floor":7,"turns":3},{"damage":1,"enemies":"Blue Slaver","floor":8,"turns":3},{"damage":10,"enemies":"Gremlin Nob","floor":10,"turns":3},{"damage":9,"enemies":"3 Louse","floor":12,"turns":2},{"damage":17,"enemies":"3 Sentries","floor":13,"turns":6},{"damage":1,"enemies":"2 Fungi Beasts","floor":14,"turns":2},{"damage":28,"enemies":"Hexaghost","floor":16,"turns":9},{"damage":1,"enemies":"Chosen","floor":18,"turns":4},{"damage":16,"enemies":"Shell Parasite","floor":19,"turns":3},{"damage":41,"enemies":"Snake Plant","floor":20,"turns":5},{"damage":0,"enemies":"Masked Bandits","floor":21,"turns":2},{"damage":35,"enemies":"Book of Stabbing","floor":24,"turns":5}],"seed_played":"2092540839857947180","potions_obtained":[{"floor":2,"key":"SteroidPotion"},{"floor":7,"key":"LiquidMemories"},{"floor":12,"key":"StancePotion"},{"floor":13,"key":"Energy Potion"},{"floor":14,"key":"GamblersBrew"},{"floor":21,"key":"PowerPotion"}],"is_trial":false,"path_per_floor":["M","M","$","M","M","R","M","M","T","E","R","M","E","M","R","B",null,"M","M","M","?","?","R","E"],"character_chosen":"WATCHER","items_purchased":["Orrery"],"campfire_rested":2,"item_purchase_floors":[0],"current_hp_per_floor":[71,69,69,69,48,48,48,47,47,37,37,28,11,10,31,28,72,71,55,14,14,14,35,0,0],"gold":352,"neow_bonus":"","is_daily":false,"chose_seed":false,"campfire_upgraded":2,"win_rate":0.0,"timestamp":1609896420,"path_taken":["M","M","?","M","?","R","M","M","T","E","R","M","E","M","R","BOSS","M","M","?","?","?","R","E"],"items_purchased_type":["Relic"],"build_version":"2020-12-22","purchased_purges":1,"victory":false,"max_hp_per_floor":[72,72,72,72,72,72,72,72,72,72,72,72,72,72,72,72,72,72,72,72,72,72,72,72,72],"card_choices":[{"not_picked":["Study","ClearTheMind"],"picked":"Worship","floor":0},{"not_picked":["FearNoEvil","ClearTheMind"],"picked":"TalkToTheHand","floor":0},{"not_picked":["Prostrate","CrushJoints"],"picked":"Wallop","floor":0},{"not_picked":["FlurryOfBlows","ClearTheMind"],"picked":"Tantrum","floor":0},{"not_picked":["Halt","Evaluate"],"picked":"Indignation","floor":0},{"not_picked":["PathToVictory","WindmillStrike"],"picked":"Crescendo","floor":1},{"not_picked":["ForeignInfluence","Collect"],"picked":"CutThroughFate","floor":2},{"not_picked":["BowlingBash","FlurryOfBlows"],"picked":"ReachHeaven","floor":4},{"not_picked":["PathToVictory","FlyingSleeves"],"picked":"Weave","floor":5},{"not_picked":["Tantrum","InnerPeace"],"picked":"MentalFortress","floor":7},{"not_picked":["EmptyFist","PathToVictory"],"picked":"Adaptation","floor":8},{"not_picked":["Evaluate","FlyingSleeves"],"picked":"Wallop","floor":10},{"not_picked":["Blasphemy","Evaluate","BowlingBash"],"picked":"SKIP","floor":12},{"not_picked":["WheelKick","Swivel"],"picked":"Halt","floor":13},{"not_picked":["ForeignInfluence","Blasphemy"],"picked":"Weave","floor":14},{"not_picked":["DeusExMachina","Wish"],"picked":"Omniscience","floor":16},{"not_picked":["WindmillStrike","BowlingBash"],"picked":"CutThroughFate","floor":18},{"not_picked":["PathToVictory","Protect"],"picked":"MentalFortress+1","floor":19},{"not_picked":["Wireheading+1","CrushJoints+1"],"picked":"Vault","floor":20}],"player_experience":899986,"relics_obtained":[{"floor":9,"key":"Smiling Mask"},{"floor":10,"key":"Frozen Egg 2"},{"floor":13,"key":"Pantograph"},{"floor":21,"key":"Red Mask"}],"event_choices":[{"damage_healed":0,"gold_gain":0,"player_choice":"Fought Bandits","damage_taken":0,"max_hp_gain":0,"max_hp_loss":0,"event_name":"Masked Bandits","floor":21,"gold_loss":0},{"cards_removed":["Defend_P"],"damage_healed":0,"gold_gain":0,"player_choice":"Gave Gold","damage_taken":0,"max_hp_gain":0,"max_hp_loss":0,"event_name":"Beggar","floor":22,"gold_loss":75}],"is_beta":false,"boss_relics":[{"not_picked":["Busted Crown","Fusion Hammer"],"picked":"Hololive_Finger"}],"items_purged_floors":[3],"is_endless":false,"potions_floor_spawned":[2,7,12,13,14,16,21],"killed_by":"Book of Stabbing","ascension_level":4}}