{"host":"08sn1703g14rasc1","time":1609930806,"event":{"mods":["AchievementEnabler","BaseMod","Colored Map","Colored Powertips","Hermit","Minty Spire (QoL Compilation)","StSLib"],"gold_per_floor":[13,13,32,45,220,220,231,251,277,308,273,288,306,306,306,306,306],"floor_reached":16,"playtime":1111,"items_purged":[],"score":146,"play_id":"0314e6a6-e29a-42b4-aff9-b09d2dcb7752","local_time":"20210106030006","is_ascension_mode":true,"campfire_choices":[{"data":"hermit:Deadeye","floor":6,"key":"SMITH"},{"floor":15,"key":"REST"}],"circlet_count":0,"master_deck":["hermit:Strike_Hermit","hermit:Strike_Hermit","hermit:Strike_Hermit","hermit:Defend_Hermit","hermit:Defend_Hermit","hermit:Defend_Hermit","hermit:Defend_Hermit","hermit:Snapshot","hermit:Covet","hermit:Gestalt","hermit:Deadeye+1","hermit:BigShot","Doubt","hermit:WideOpen","hermit:Gambit","hermit:LoneWolf","hermit:Quickdraw","hermit:NoHoldsBarred"],"relics":["hermit:Momento","Orichalcum","Vajra"],"acts_visited":[],"potions_floor_usage":[10,16,16],"damage_taken":[{"damage":7,"enemies":"Small Slimes","floor":1,"turns":3},{"damage":0,"enemies":"Cultist","floor":3,"turns":5},{"damage":1,"enemies":"Jaw Worm","floor":4,"turns":4},{"damage":5,"enemies":"Blue Slaver","floor":7,"turns":4},{"damage":2,"enemies":"2 Fungi Beasts","floor":8,"turns":4},{"damage":43,"enemies":"Gremlin Nob","floor":10,"turns":6},{"damage":7,"enemies":"Looter","floor":12,"turns":3},{"damage":11,"enemies":"3 Louse","floor":13,"turns":4},{"damage":57,"enemies":"Hexaghost","floor":16,"turns":9}],"seed_played":"-5487522383686026428","potions_obtained":[{"floor":3,"key":"ColorlessPotion"},{"floor":10,"key":"SteroidPotion"},{"floor":13,"key":"SkillPotion"}],"is_trial":false,"path_per_floor":["M","?","M","M","?","R","M","M","T","E","?","M","M","?","R","B"],"character_chosen":"HERMIT","items_purchased":[],"campfire_rested":1,"item_purchase_floors":[],"current_hp_per_floor":[75,75,75,74,74,74,69,67,67,24,46,39,28,28,54,0,0],"gold":306,"neow_bonus":"TWENTY_PERCENT_HP_BONUS","is_daily":false,"chose_seed":false,"campfire_upgraded":1,"win_rate":0.0,"timestamp":1609930806,"path_taken":["M","?","M","?","?","R","M","M","T","E","?","M","M","?","R","BOSS"],"items_purchased_type":[],"build_version":"2020-12-22","purchased_purges":0,"victory":false,"max_hp_per_floor":[89,89,89,89,89,89,89,89,89,89,89,89,89,89,89,89,89],"card_choices":[{"not_picked":["hermit:Snipe","hermit:LowProfile"],"picked":"hermit:Gestalt","floor":1},{"not_picked":["hermit:SprayPray","hermit:BodyArmor"],"picked":"hermit:Deadeye","floor":3},{"not_picked":["hermit:HighCaliber","hermit:HoleUp"],"picked":"hermit:BigShot","floor":4},{"not_picked":["hermit:SprayPray","hermit:Cheat"],"picked":"hermit:WideOpen","floor":7},{"not_picked":["hermit:Deadeye","hermit:SprayPray"],"picked":"hermit:Gambit","floor":8},{"not_picked":["hermit:Enervate","hermit:GoldenBullet"],"picked":"hermit:LoneWolf","floor":10},{"not_picked":["hermit:Misfire","hermit:GoldenBullet"],"picked":"hermit:Quickdraw","floor":12},{"not_picked":["hermit:TakeAim","hermit:Manifest"],"picked":"hermit:NoHoldsBarred","floor":13}],"player_experience":464999,"relics_obtained":[{"floor":9,"key":"Orichalcum"},{"floor":10,"key":"Vajra"}],"event_choices":[{"cards_removed":["hermit:Strike_Hermit"],"damage_healed":0,"gold_gain":0,"player_choice":"Purged","damage_taken":0,"max_hp_gain":0,"max_hp_loss":0,"event_name":"Purifier","floor":2,"gold_loss":0},{"damage_healed":0,"gold_gain":175,"player_choice":"AGREE","damage_taken":0,"max_hp_gain":0,"max_hp_loss":0,"event_name":"Liars Game","floor":5,"gold_loss":0,"cards_obtained":["Doubt"]},{"damage_healed":22,"gold_gain":0,"player_choice":"Healed","damage_taken":0,"max_hp_gain":0,"max_hp_loss":0,"event_name":"The Cleric","floor":11,"gold_loss":35},{"damage_healed":0,"gold_gain":0,"player_choice":"Ignored","damage_taken":0,"max_hp_gain":0,"max_hp_loss":0,"event_name":"Shining Light","floor":14,"gold_loss":0}],"is_beta":false,"boss_relics":[],"items_purged_floors":[],"is_endless":false,"potions_floor_spawned":[3,10,13],"killed_by":"Hexaghost","ascension_level":8}}