{"host":"873t0y8ybyo38pfq","time":1609941787,"event":{"mods":["BaseMod","Bestiary","Colored Map","Colored Powertips","Highlight Path","Minty Spire (QoL Compilation)","Quick Restart","RNG Fix","Rare Cards Sparkle","Relic Stats","StSLib"],"gold_per_floor":[118,43,61,41,41,74,74,109,135,135,152,152,169,180,180,252,252,271,288,304,60,75,103,103,103,103,120,120,147,147,47,47,47,47],"floor_reached":33,"playtime":1284,"items_purged":["Strike_B","Strike_B"],"score":640,"play_id":"838074bf-5bf2-439f-8c0c-8d6bf849a3d2","local_time":"20210106090307","is_ascension_mode":true,"campfire_choices":[{"floor":7,"key":"REST"},{"data":"Capacitor","floor":10,"key":"SMITH"},{"data":"Zap","floor":12,"key":"SMITH"},{"data":"Consume","floor":15,"key":"SMITH"},{"floor":25,"key":"REST"},{"floor":28,"key":"REST"},{"floor":30,"key":"REST"},{"data":"Echo Form","floor":32,"key":"SMITH"}],"circlet_count":0,"master_deck":["AscendersBane","Strike_B","Strike_B","Defend_B+1","Defend_B","Defend_B","Defend_B","Zap+1","Dualcast","Ball Lightning","Capacitor+1","Glacier+1","Electrodynamics","Sweeping Beam","Leap","Static Discharge","Conserve Battery","Redo","Conserve Battery","Consume+1","Echo Form+1","Steam+1","Compile Driver+1","Doom and Gloom","Buffer","Reinforced Body","Turbo","Hologram+1","Multi-Cast","Glacier","Necronomicurse","Double Energy","Biased Cognition","Leap+1"],"relics":["Cracked Core","NeowsBlessing","Prayer Wheel","Toy Ornithopter","Anchor","Runic Pyramid","Orrery","Vajra","Necronomicon","Kunai","HornCleat"],"acts_visited":["Exordium","TheCity"],"potions_floor_usage":[19,23,23,27,29],"damage_taken":[{"damage":0,"enemies":"2 Louse","floor":1,"turns":1},{"damage":0,"enemies":"Jaw Worm","floor":3,"turns":1},{"damage":0,"enemies":"3 Sentries","floor":6,"turns":1},{"damage":7,"enemies":"Lagavulin","floor":8,"turns":9},{"damage":0,"enemies":"Small Slimes","floor":11,"turns":4},{"damage":4,"enemies":"Looter","floor":13,"turns":3},{"damage":0,"enemies":"Red Slaver","floor":14,"turns":4},{"damage":15,"enemies":"The Guardian","floor":16,"turns":12},{"damage":14,"enemies":"Chosen","floor":18,"turns":6},{"damage":11,"enemies":"Spheric Guardian","floor":19,"turns":4},{"damage":0,"enemies":"Snecko","floor":20,"turns":5},{"damage":0,"enemies":"Centurion and Healer","floor":22,"turns":9},{"damage":30,"enemies":"Book of Stabbing","floor":23,"turns":6},{"damage":25,"enemies":"Cultist and Chosen","floor":27,"turns":8},{"damage":26,"enemies":"Slavers","floor":29,"turns":5},{"damage":64,"enemies":"Collector","floor":33,"turns":7}],"seed_played":"-4968582914011658638","potions_obtained":[{"floor":1,"key":"SkillPotion"},{"floor":4,"key":"Ancient Potion"},{"floor":8,"key":"Fire Potion"},{"floor":19,"key":"Block Potion"},{"floor":23,"key":"Regen Potion"},{"floor":27,"key":"DuplicationPotion"}],"is_trial":false,"path_per_floor":["M","$","M","?","?","E","R","E","T","R","M","R","M","M","R","B",null,"M","M","M","$","M","E","?","R","T","M","R","E","R","$","R","B"],"character_chosen":"DEFECT","items_purchased":["Capacitor","Orrery"],"campfire_rested":4,"item_purchase_floors":[2,21],"current_hp_per_floor":[64,64,64,64,43,43,64,57,57,57,57,57,53,53,53,38,63,49,43,43,43,43,23,2,23,23,18,39,18,39,39,39,0,0],"gold":47,"neow_bonus":"THREE_ENEMY_KILL","is_daily":false,"chose_seed":false,"campfire_upgraded":4,"win_rate":0.0,"timestamp":1609941787,"path_taken":["M","$","M","?","?","E","R","E","T","R","?","R","M","M","R","BOSS","M","M","M","$","M","E","?","R","T","M","R","E","R","$","R","BOSS"],"items_purchased_type":["Card","Relic"],"build_version":"2020-12-22","purchased_purges":2,"victory":false,"max_hp_per_floor":[71,71,71,71,71,71,71,71,71,71,71,71,71,71,71,71,71,71,71,71,71,71,71,71,71,71,71,71,71,71,71,71,71,71],"relic_stats":{"counters":[16,85],"Prayer Wheel":8,"Necronomicon":[1],"Kunai":[1],"obtain_stats":[{"Anchor":9,"HornCleat":29,"NeowsBlessing":0,"Orrery":21,"Vajra":23,"Prayer Wheel":6,"Necronomicon":24,"Kunai":26,"Cracked Core":0,"Toy Ornithopter":8,"Runic Pyramid":17},{"Anchor":4,"HornCleat":15,"NeowsBlessing":0,"Orrery":11,"Vajra":13,"Prayer Wheel":3,"Necronomicon":13,"Kunai":13,"Cracked Core":0,"Toy Ornithopter":4,"Runic Pyramid":8},{"Anchor":12,"HornCleat":78,"NeowsBlessing":0,"Orrery":50,"Vajra":65,"Prayer Wheel":3,"Necronomicon":65,"Kunai":65,"Cracked Core":0,"Toy Ornithopter":12,"Runic Pyramid":35}],"Toy Ornithopter":25},"card_choices":[{"not_picked":["Conserve Battery","Stack"],"picked":"Ball Lightning","floor":1},{"not_picked":["Leap","Steam"],"picked":"Glacier","floor":3},{"not_picked":["Barrage","Rebound"],"picked":"Electrodynamics","floor":6},{"not_picked":["Stack","White Noise"],"picked":"Sweeping Beam","floor":8},{"not_picked":["Compile Driver","Double Energy"],"picked":"Leap","floor":11},{"not_picked":["Chaos","Doom and Gloom"],"picked":"Static Discharge","floor":11},{"not_picked":["Beam Cell","Static Discharge"],"picked":"Conserve Battery","floor":13},{"not_picked":["Hologram","Compile Driver"],"picked":"Redo","floor":13},{"not_picked":["Rebound","Streamline"],"picked":"Conserve Battery","floor":14},{"not_picked":["Loop","Sweeping Beam"],"picked":"Consume","floor":14},{"not_picked":["Reboot","Amplify"],"picked":"Echo Form","floor":16},{"not_picked":["Compile Driver","Stack"],"picked":"Steam+1","floor":18},{"not_picked":["Rebound","Sweeping Beam","Compile Driver+1"],"picked":"SKIP","floor":18},{"not_picked":["Barrage+1","Go for the Eyes"],"picked":"Compile Driver+1","floor":19},{"not_picked":["Loop","Melter"],"picked":"Doom and Gloom","floor":19},{"not_picked":["Go for the Eyes","Sunder+1"],"picked":"Buffer","floor":20},{"not_picked":["Ball Lightning","Storm"],"picked":"Reinforced Body","floor":20},{"not_picked":["White Noise+1","Ball Lightning"],"picked":"Turbo","floor":21},{"not_picked":["Auto Shields","Sweeping Beam"],"picked":"Hologram+1","floor":22},{"not_picked":["Beam Cell","Skim"],"picked":"Multi-Cast","floor":22},{"not_picked":["Sweeping Beam","Rip and Tear"],"picked":"Glacier","floor":23},{"not_picked":["Barrage","Steam"],"picked":"Double Energy","floor":27},{"not_picked":["Redo+1","Undo"],"picked":"Biased Cognition","floor":27},{"not_picked":["Sunder+1","Melter"],"picked":"Leap+1","floor":29}],"player_experience":1524926,"relics_obtained":[{"floor":6,"key":"Prayer Wheel"},{"floor":8,"key":"Toy Ornithopter"},{"floor":9,"key":"Anchor"},{"floor":23,"key":"Vajra"},{"floor":24,"key":"Necronomicon"},{"floor":26,"key":"Kunai"},{"floor":29,"key":"HornCleat"}],"event_choices":[{"damage_healed":0,"gold_gain":0,"player_choice":"Bought 1 Potion","damage_taken":0,"max_hp_gain":0,"max_hp_loss":0,"event_name":"The Woman in Blue","floor":4,"gold_loss":0},{"damage_healed":0,"gold_gain":0,"player_choice":"Entered Light","damage_taken":21,"max_hp_gain":0,"max_hp_loss":0,"event_name":"Shining Light","floor":5,"gold_loss":0,"cards_upgraded":["Defend_B","Glacier"]},{"damage_healed":0,"gold_gain":0,"player_choice":"Obtained Book","damage_taken":21,"max_hp_gain":0,"max_hp_loss":0,"event_name":"Cursed Tome","floor":24,"gold_loss":0}],"is_beta":false,"boss_relics":[{"not_picked":["Coffee Dripper","Black Star"],"picked":"Runic Pyramid"}],"items_purged_floors":[21,31],"is_endless":false,"potions_floor_spawned":[1,6,8,14,19,20,23,27],"killed_by":"Collector","ascension_level":20}}