{"host":"ws1rigs6jhqnf67d","time":1609944290,"event":{"mods":["BaseMod","Friendly Minions","KinomotoSakuraMod(ƒæ÷Æ±æ”£)","Kiyohime£®«Âºß£©","Lobotomy","LobotomyExtend","Marisa£®ÏF”Í°°ƒß¿Ì…≥£©","Minty Spire (QoL Compilation)","Remilia£®¿Ÿ√◊¿Ú—«£©","StSLib","The Bug Knight","Youmu£®ªÍ∆«—˝√Œ£©","[IsaacMod]“‘»ˆº‚À˛"],"gold_per_floor":[112,122,139,139,139,164,175,201,201,201,233,256,256,267,267,397,397,397,413,112,140,163,163,187,224,224,224,78,95,150,150,150,278,278,288,288,315,20,72,109,109,128,128,128,170,190,215,242,242,256,256],"floor_reached":52,"playtime":1732,"items_purged":[],"score":1545,"play_id":"5a6b060d-ef9c-4513-8e97-274219e37919","local_time":"20210106224450","is_ascension_mode":true,"campfire_choices":[{"data":"SpellCardSeal","floor":10,"key":"SMITH"},{"floor":13,"key":"REST"},{"data":"ClowCardTheFreeze","floor":15,"key":"SMITH"},{"floor":23,"key":"REST"},{"data":"ClowCardTheMove","floor":27,"key":"SMITH"},{"floor":32,"key":"REST"},{"data":"ClowCardTheSword","floor":41,"key":"SMITH"},{"floor":49,"key":"REST"}],"circlet_count":0,"master_deck":["SakuraCardTheThunder+","SakuraCardTheMove+","SakuraCardTheShield+","SakuraCardTheSword+","ClowCardTheSword+1","ClowCardTheSword","ClowCardTheSword","ClowCardTheShield","ClowCardTheShield","ClowCardTheShield","SpellCardSeal+1","SpellCardRelease","ClowCardTheFreeze+1","SakuraCardTheLove+","ClowCardTheMove+1"],"relics":["KSMOD_SealedBook","KSMOD_StarWand","HushsDoor","Oddly Smooth Stone","SatanicBible","LetterFromLob","PillsDrop","Vajra","SalivaCoin","Lantern","GuppysHairball","Boot","Orichalcum","Nilry\u0027s Codex","Matryoshka","Pen Nib","PunchingBag","KSMOD_SwordJade","Dream Catcher","KSMOD_DarknessWand","Turnip","D6","Mercury Hourglass","PreservedInsect","Omamori","KSMOD_RollerSkates","CeramicFish","HowToJump"],"acts_visited":["Exordium","TheCity","TheBeyond"],"potions_floor_usage":[33,39,45,48,50,50],"damage_taken":[{"damage":2,"enemies":"Small Slimes","floor":1,"turns":3},{"damage":0,"enemies":"Cultist","floor":2,"turns":3},{"damage":0,"enemies":"Jaw Worm","floor":3,"turns":3},{"damage":0,"enemies":"Gremlin Nob","floor":6,"turns":4},{"damage":7,"enemies":"Looter","floor":7,"turns":3},{"damage":0,"enemies":"3 Sentries","floor":8,"turns":3},{"damage":8,"enemies":"Lagavulin","floor":11,"turns":3},{"damage":10,"enemies":"Large Slime","floor":12,"turns":4},{"damage":0,"enemies":"3 Louse","floor":14,"turns":2},{"damage":18,"enemies":"Slime Boss","floor":16,"turns":8},{"damage":0,"enemies":"Chosen","floor":19,"turns":3},{"damage":0,"enemies":"Shell Parasite","floor":22,"turns":1},{"damage":2,"enemies":"Chosen and Byrds","floor":24,"turns":3},{"damage":0,"enemies":"Gremlin Leader","floor":25,"turns":4},{"damage":0,"enemies":"Sentry and Sphere","floor":29,"turns":2},{"damage":0,"enemies":"Book of Stabbing","floor":30,"turns":3},{"damage":23,"enemies":"Champ","floor":33,"turns":7},{"damage":0,"enemies":"3 Darklings","floor":35,"turns":2},{"damage":0,"enemies":"3 Shapes","floor":37,"turns":2},{"damage":0,"enemies":"2 Orb Walkers","floor":39,"turns":2},{"damage":0,"enemies":"Giant Head","floor":40,"turns":5},{"damage":12,"enemies":"Spire Growth","floor":42,"turns":3},{"damage":13,"enemies":"Reptomancer","floor":45,"turns":3},{"damage":0,"enemies":"Transient","floor":46,"turns":5},{"damage":0,"enemies":"Giant Head","floor":47,"turns":4},{"damage":0,"enemies":"Jaw Worm Horde","floor":48,"turns":1},{"damage":11,"enemies":"Awakened One","floor":50,"turns":4}],"seed_played":"-469861138844329032","potions_obtained":[{"floor":1,"key":"Swift Potion"},{"floor":2,"key":"SpeedPotion"},{"floor":7,"key":"Dexterity Potion"},{"floor":16,"key":"PowerPotion"},{"floor":19,"key":"AttackPotion"},{"floor":29,"key":"KSMOD_MagickBottle"},{"floor":42,"key":"DistilledChaos"},{"floor":46,"key":"Strength Potion"},{"floor":48,"key":"FearPotion"}],"is_trial":false,"path_per_floor":["M","M","M","?","?","E","M","E","T","R","E","M","R","M","R","B",null,"M","M","$","?","M","R","M","E","T","R","$","M","E","?","R","B",null,"M","?","M","$","?","E","R","M","T","?","E","M","E","M","R","B",null,null],"character_chosen":"KINOMOTOSAKURA","items_purchased":["GuppysHairball","Boot","Orichalcum","KSMOD_SwordJade","Turnip"],"campfire_rested":4,"item_purchase_floors":[17,20,20,28,38],"current_hp_per_floor":[61,61,61,61,61,61,54,54,54,54,46,36,57,57,57,39,55,55,55,55,39,39,57,55,55,55,55,55,55,55,55,60,57,59,59,59,59,59,55,55,55,43,43,43,30,30,30,30,46,35,35],"gold":256,"neow_bonus":"RANDOM_COMMON_RELIC","is_daily":false,"chose_seed":false,"campfire_upgraded":4,"win_rate":0.0,"timestamp":1609944290,"path_taken":["M","M","M","?","?","E","M","E","T","R","E","M","R","M","R","BOSS","M","M","$","?","M","R","M","E","T","R","$","M","E","?","R","BOSS","M","?","M","$","?","E","R","?","T","?","E","M","E","M","R","BOSS"],"items_purchased_type":["Relic","Relic","Relic","Relic","Relic"],"build_version":"2020-12-22","purchased_purges":0,"victory":true,"max_hp_per_floor":[70,70,70,70,70,70,70,70,70,70,70,70,70,70,70,70,60,60,60,60,60,60,60,60,60,60,60,60,60,60,60,60,60,60,60,60,60,60,55,55,55,55,55,55,55,55,55,55,55,55,55],"card_choices":[{"not_picked":["ClowCardTheEarthy","ClowCardTheShot"],"picked":"ClowCardTheCreate","floor":1},{"not_picked":["ClowCardTheFly","ClowCardTheFlower","ClowCardTheEarthy"],"picked":"SKIP","floor":2},{"not_picked":["ClowCardTheLibra","ClowCardTheShadow","ClowCardTheFloat"],"picked":"SKIP","floor":3},{"not_picked":["ClowCardTheChange","ClowCardTheLock","ClowCardTheGlow"],"picked":"SKIP","floor":6},{"not_picked":["ClowCardTheSleep","ClowCardTheSong"],"picked":"Bomb","floor":7},{"not_picked":["ClowCardTheFly","ClowCardTheVoice"],"picked":"ClowCardTheFreeze","floor":8},{"not_picked":["ClowCardTheShot","ClowCardTheFirey","ClowCardTheSand"],"picked":"SKIP","floor":11},{"not_picked":["ClowCardTheWatery","ClowCardTheThunder","ClowCardTheSweet"],"picked":"SKIP","floor":12},{"not_picked":["ClowCardTheRain","ClowCardTheMist","ClowCardTheMirror"],"picked":"SKIP","floor":14},{"not_picked":["ClowCardTheMirror","ClowCardTheWood","ClowCardTheFloat"],"picked":"SKIP","floor":19},{"not_picked":["ClowCardTheMaze","ClowCardTheWood","ClowCardTheSilent"],"picked":"SKIP","floor":22},{"not_picked":["ClowCardTheLock","ClowCardTheLibra","ClowCardTheShadow+1"],"picked":"SKIP","floor":24},{"not_picked":["ClowCardTheMirror","ClowCardTheSilent"],"picked":"ClowCardTheMove","floor":25},{"not_picked":["ClowCardTheFly","ClowCardTheWindy","ClowCardTheRain+1"],"picked":"SKIP","floor":29},{"not_picked":["ClowCardTheLock","ClowCardTheIllusion","ClowCardTheMaze"],"picked":"SKIP","floor":30},{"not_picked":["ClowCardTheSweet","ClowCardTheLibra","ClowCardThePower+1"],"picked":"SKIP","floor":35},{"not_picked":["ClowCardTheChange+1","ClowCardTheWindy","ClowCardTheRain"],"picked":"SKIP","floor":37},{"not_picked":["ClowCardTheFlower","ClowCardTheMist+1","ClowCardTheSilent"],"picked":"SKIP","floor":40},{"not_picked":["ClowCardTheWindy+1","ClowCardTheFirey"],"picked":"ClowCardTheCreate","floor":42},{"not_picked":["ClowCardTheGlow+1","ClowCardTheLock+1"],"picked":"ClowCardTheMove+1","floor":45},{"not_picked":["ClowCardTheArrow","ClowCardTheCloud+1","ClowCardTheErase"],"picked":"SKIP","floor":46},{"not_picked":["ClowCardTheWindy","ClowCardTheFlower","ClowCardTheSong+1"],"picked":"SKIP","floor":47},{"not_picked":["ClowCardTheStorm+1","ClowCardTheFly+1","ClowCardTheVoice"],"picked":"SKIP","floor":48}],"player_experience":786850,"relics_obtained":[{"floor":1,"key":"LetterFromLob"},{"floor":6,"key":"PillsDrop"},{"floor":6,"key":"Vajra"},{"floor":9,"key":"SalivaCoin"},{"floor":11,"key":"Lantern"},{"floor":21,"key":"Nilry\u0027s Codex"},{"floor":25,"key":"Matryoshka"},{"floor":26,"key":"Pen Nib"},{"floor":26,"key":"PunchingBag"},{"floor":30,"key":"Dream Catcher"},{"floor":39,"key":"D6"},{"floor":40,"key":"Mercury Hourglass"},{"floor":43,"key":"PreservedInsect"},{"floor":43,"key":"Omamori"},{"floor":45,"key":"KSMOD_RollerSkates"},{"floor":46,"key":"CeramicFish"},{"floor":47,"key":"HowToJump"}],"event_choices":[{"damage_healed":0,"gold_gain":0,"player_choice":"Leave","damage_taken":0,"max_hp_gain":0,"max_hp_loss":0,"event_name":"The Cleric","floor":5,"gold_loss":0},{"damage_healed":0,"gold_gain":0,"player_choice":"Obtained Book","damage_taken":16,"max_hp_gain":0,"max_hp_loss":0,"event_name":"Cursed Tome","floor":21,"gold_loss":0},{"damage_healed":0,"gold_gain":0,"player_choice":"Fight","damage_taken":0,"max_hp_gain":0,"max_hp_loss":0,"event_name":"Mysterious Sphere","floor":39,"gold_loss":0}],"is_beta":false,"boss_relics":[{"not_picked":["Empty Cage","SlaversCollar"],"picked":"KSMOD_StarWand"},{"not_picked":[]},{"not_picked":["Pandora\u0027s Box","Astrolabe"],"picked":"KSMOD_DarknessWand"},{"not_picked":[]}],"items_purged_floors":[],"is_endless":false,"potions_floor_spawned":[1,2,7,8,14,16,19,22,29,42,46,48],"ascension_level":8}}