{"host":"1kq2ingo3j45gyyp","time":1609957092,"event":{"mods":["BaseMod","Better Note","Better Third Choice","Downfall","Minty Spire (QoL Compilation)","StSLib"],"gold_per_floor":[99,118,130,145,245,170,170,95,95,108,40,40,54,67,77,77,77,77],"floor_reached":16,"playtime":562,"items_purged":[],"score":119,"play_id":"9e611634-26a2-4928-9ea3-527fa79d059f","local_time":"20210106131812","is_ascension_mode":false,"campfire_choices":[{"floor":1,"key":"RECALL"},{"data":"champ:FalseCounter","floor":6,"key":"SMITH"},{"data":"champ:FalseCounter","floor":8,"key":"SMITH"}],"circlet_count":0,"master_deck":["champ:Strike","champ:Strike","champ:Strike","champ:Strike","champ:Defend+1","champ:Defend","champ:Defend","champ:Defend","champ:Execute+1","champ:Taunt+1","champ:FalseCounter+1","champ:FalseCounter+1","champ:TornadoPunch","Regret","champ:Circumvent","champ:VampiricStrike","champ:Circumvent","champ:BringItOn","champ:StanceDance","champ:TornadoPunch"],"relics":["champ:ChampionCrown","downfall:HeartBlessingRed","downfall:HeartBlessingBlue"],"acts_visited":["Exordium"],"potions_floor_usage":[16],"damage_taken":[{"damage":2,"enemies":"Jaw Worm","floor":2,"turns":4},{"damage":7,"enemies":"Small Slimes","floor":3,"turns":5},{"damage":0,"enemies":"2 Louse","floor":4,"turns":4},{"damage":14,"enemies":"Exordium Thugs","floor":10,"turns":4},{"damage":6,"enemies":"downfall:FleeingMerchant","floor":11,"turns":4},{"damage":3,"enemies":"Exordium Wildlife","floor":13,"turns":4},{"damage":6,"enemies":"Blue Slaver","floor":14,"turns":4},{"damage":10,"enemies":"Large Slime","floor":15,"turns":6},{"damage":97,"enemies":"downfall:Defect","floor":16,"turns":11}],"seed_played":"5827634312111047832","potions_obtained":[{"floor":2,"key":"Weak Potion"},{"floor":4,"key":"ColorlessPotion"},{"floor":15,"key":"Dexterity Potion"}],"is_trial":false,"path_per_floor":["R","M","M","M","?","R","T","R","?","M","$","?","M","M","M","B"],"character_chosen":"THE_CHAMP","items_purchased":["champ:Circumvent"],"campfire_rested":0,"item_purchase_floors":[11],"current_hp_per_floor":[99,97,95,95,95,95,95,105,105,96,95,95,103,97,92,0,0,0],"gold":77,"neow_bonus":"TEN_PERCENT_HP_BONUS","is_daily":false,"chose_seed":false,"campfire_upgraded":2,"win_rate":0.0,"timestamp":1609957092,"path_taken":["R","M","M","M","?","R","T","R","?","?","$","?","M","M","M","BOSS"],"items_purchased_type":["Card"],"build_version":"2020-12-22","purchased_purges":0,"victory":false,"max_hp_per_floor":[99,99,99,99,99,99,99,109,109,109,109,109,109,109,109,109,109,109],"card_choices":[{"not_picked":["champ:BerserkersShout","champ:BladeFlurry"],"picked":"champ:FalseCounter","floor":2},{"not_picked":["champ:Haymaker","champ:GladiatorsShout"],"picked":"champ:FalseCounter","floor":3},{"not_picked":["champ:PerfectedStrike","champ:FanOfKnives"],"picked":"champ:TornadoPunch","floor":4},{"not_picked":["champ:AdrenalArmor","champ:TornadoPunch"],"picked":"champ:Circumvent","floor":10},{"not_picked":["champ:PerfectedStrike","champ:StanceDance"],"picked":"champ:VampiricStrike","floor":11},{"not_picked":["champ:BerserkerStyle","champ:DeathBlow"],"picked":"champ:BringItOn","floor":13},{"not_picked":["champ:RageSigil","champ:FanOfKnives"],"picked":"champ:StanceDance","floor":14},{"not_picked":["champ:FaceSlap","champ:FlashCut"],"picked":"champ:TornadoPunch","floor":15}],"player_experience":844355,"relics_obtained":[],"event_choices":[{"damage_healed":0,"gold_gain":0,"player_choice":"Ignored","damage_taken":0,"max_hp_gain":0,"max_hp_loss":0,"event_name":"betterNote:BetterNote","floor":12,"gold_loss":0,"cards_obtained":["Blind"]}],"is_beta":false,"boss_relics":[],"items_purged_floors":[],"is_endless":false,"potions_floor_spawned":[2,4,15],"killed_by":"downfall:Defect","ascension_level":0}}