{"host":"jn2qdns2nxijvlnt","time":1609952275,"event":{"mods":["BaseMod","Minty Spire (QoL Compilation)","Quick Restart"],"gold_per_floor":[119,119,119,20,74,74,408,408,433,460,460,460,489,505,505,601,601,619,605,605,605,620,645,22,121,144,156,168,196,208,240,252,362,374,396,408,436,448,480,492,35,63,63,118,128,128,128,163,163,163],"floor_reached":51,"playtime":3264,"items_purged":["Regret","Accuracy"],"score":949,"play_id":"918b62a4-8df6-42ea-bc1e-af96cfa390c0","local_time":"20210106115755","is_ascension_mode":true,"campfire_choices":[{"data":"Leg Sweep","floor":6.0,"key":"SMITH"},{"floor":8.0,"key":"REST"},{"floor":12.0,"key":"REST"},{"floor":15.0,"key":"REST"},{"floor":28.0,"key":"REST"},{"floor":30.0,"key":"REST"},{"data":"Poisoned Stab","floor":32.0,"key":"SMITH"},{"data":"Catalyst","floor":40.0,"key":"SMITH"},{"floor":46.0,"key":"REST"},{"floor":49.0,"key":"REST"}],"circlet_count":0,"master_deck":["Strike_G","Strike_G","Strike_G","Strike_G","Strike_G","Defend_G","Defend_G","Defend_G+1","Defend_G+1","Defend_G","Survivor","Neutralize","Leg Sweep+1","Slice","Backflip","Deadly Poison","Masterful Stab","Slice","Die Die Die","Footwork","Bouncing Flask+1","Catalyst+1","Poisoned Stab+1","Glass Knife","Apotheosis","PiercingWail+1","Panacea","Noxious Fumes+1"],"relics":["Ring of the Snake","Omamori","Tiny Chest","Anchor","Old Coin","Lantern","Blue Candle","War Paint","Busted Crown","MutagenicStrength","Bag of Marbles","Ancient Tea Set","Toy Ornithopter","Boot","MawBank","Enchiridion","Black Star","Strawberry","Juzu Bracelet","Toolbox","Darkstone Periapt","Ornamental Fan","Bottled Lightning","Pocketwatch","Bronze Scales","InkBottle"],"acts_visited":["Exordium","TheCity","TheBeyond"],"potions_floor_usage":[50],"damage_taken":[{"damage":0.0,"enemies":"Cultist","floor":1.0,"turns":4.0},{"damage":15.0,"enemies":"3 Sentries","floor":7.0,"turns":14.0},{"damage":19.0,"enemies":"Gremlin Nob","floor":10.0,"turns":5.0},{"damage":24.0,"enemies":"Lagavulin","floor":13.0,"turns":8.0},{"damage":0.0,"enemies":"Jaw Worm","floor":14.0,"turns":3.0},{"damage":29.0,"enemies":"Hexaghost","floor":16.0,"turns":13.0},{"damage":18.0,"enemies":"Spheric Guardian","floor":18.0,"turns":5.0},{"damage":0.0,"enemies":"2 Thieves","floor":19.0,"turns":4.0},{"damage":3.0,"enemies":"Centurion and Healer","floor":22.0,"turns":6.0},{"damage":16.0,"enemies":"Slavers","floor":23.0,"turns":8.0},{"damage":0.0,"enemies":"Sentry and Sphere","floor":29.0,"turns":3.0},{"damage":0.0,"enemies":"3 Cultists","floor":31.0,"turns":2.0},{"damage":49.0,"enemies":"Collector","floor":33.0,"turns":6.0},{"damage":8.0,"enemies":"3 Shapes","floor":35.0,"turns":4.0},{"damage":0.0,"enemies":"Orb Walker","floor":37.0,"turns":3.0},{"damage":14.0,"enemies":"Sphere and 2 Shapes","floor":39.0,"turns":5.0},{"damage":37.0,"enemies":"Giant Head","floor":42.0,"turns":7.0},{"damage":32.0,"enemies":"2 Orb Walkers","floor":44.0,"turns":4.0},{"damage":0.0,"enemies":"Maw","floor":45.0,"turns":5.0},{"damage":3.0,"enemies":"Reptomancer","floor":48.0,"turns":4.0},{"damage":56,"enemies":"Time Eater","floor":50,"turns":12}],"seed_played":"4189895331848193950","potions_obtained":[{"floor":7.0,"key":"Explosive Potion"},{"floor":14.0,"key":"BlessingOfTheForge"},{"floor":16.0,"key":"Weak Potion"},{"floor":18.0,"key":"Poison Potion"},{"floor":29.0,"key":"GamblersBrew"},{"floor":33.0,"key":"GhostInAJar"},{"floor":37.0,"key":"SteroidPotion"},{"floor":48.0,"key":"Poison Potion"}],"is_trial":false,"path_per_floor":["M","?","?","$","T","R","E","R","T","E","?","R","E","M","R","B",null,"M","M","?","T","M","E","$","?","T","?","R","M","R","M","R","B",null,"M","?","M","T","M","R","$","E","T","?","M","R","?","E","R","B",null],"character_chosen":"THE_SILENT","items_purchased":["Slice","Toy Ornithopter","Boot","Fruit Juice","Catalyst","Fire Potion","Apotheosis","Juzu Bracelet","Toolbox"],"campfire_rested":7,"item_purchase_floors":[4,24,24,24,24,24,41,41,41],"current_hp_per_floor":[77,77,65,65,65,65,50,73,73,54,54,77,53,53,76,47,77,59,59,59,59,56,40,50,50,50,34,58,63,82,82,82,33,82,74,74,74,81,72,72,72,40,40,8,8,34,34,31,57,6],"gold":163,"neow_bonus":"TEN_PERCENT_HP_BONUS","is_daily":false,"chose_seed":false,"campfire_upgraded":3,"win_rate":0.0,"timestamp":1609952275,"path_taken":["M","?","?","$","?","R","E","R","T","E","?","R","E","M","R","BOSS","M","M","?","?","M","E","$","?","T","?","R","M","R","M","R","BOSS","M","?","M","?","M","R","$","E","T","?","M","R","?","E","R","BOSS"],"items_purchased_type":["Card","Relic","Relic","Potion","Card","Potion","Card","Relic","Relic"],"build_version":"2020-12-22","purchased_purges":2,"victory":true,"max_hp_per_floor":[77,77,77,77,77,77,77,77,77,77,77,77,77,77,77,77,77,77,77,77,77,77,77,82,82,82,82,82,82,82,82,82,82,82,82,82,82,89,89,89,89,89,89,89,89,89,89,89,89,89],"card_choices":[{"not_picked":["Cloak And Dagger","Well Laid Plans"],"picked":"Leg Sweep","floor":1.0},{"not_picked":["Phantasmal Killer","Cloak And Dagger"],"picked":"Backflip","floor":7.0},{"not_picked":["Prepared","Slice"],"picked":"Deadly Poison","floor":10.0},{"not_picked":["Finisher","Flechettes"],"picked":"Masterful Stab","floor":13.0},{"not_picked":["Dash","Dodge and Roll"],"picked":"Slice","floor":14.0},{"not_picked":["Grand Finale","Glass Knife"],"picked":"Die Die Die","floor":16.0},{"not_picked":[],"picked":"Accuracy","floor":18.0},{"not_picked":[],"picked":"Footwork","floor":19.0},{"not_picked":["Prepared"],"picked":"SKIP","floor":22.0},{"not_picked":[],"picked":"Bouncing Flask+1","floor":23.0},{"not_picked":[],"picked":"Poisoned Stab","floor":29.0},{"not_picked":["Dodge and Roll"],"picked":"SKIP","floor":31.0},{"not_picked":[],"picked":"Glass Knife","floor":33.0},{"not_picked":["Riddle With Holes+1"],"picked":"SKIP","floor":35.0},{"not_picked":["Sucker Punch"],"picked":"SKIP","floor":37.0},{"not_picked":["Flechettes+1"],"picked":"SKIP","floor":39.0},{"not_picked":["Backflip"],"picked":"SKIP","floor":42.0},{"not_picked":[],"picked":"PiercingWail+1","floor":44.0},{"not_picked":["Dagger Spray+1"],"picked":"SKIP","floor":45.0},{"not_picked":[],"picked":"Panacea","floor":47.0},{"not_picked":[],"picked":"Noxious Fumes+1","floor":48.0}],"player_experience":485640,"relics_obtained":[{"floor":5.0,"key":"Anchor"},{"floor":7.0,"key":"Old Coin"},{"floor":9.0,"key":"Lantern"},{"floor":10.0,"key":"Blue Candle"},{"floor":13.0,"key":"War Paint"},{"floor":21.0,"key":"Bag of Marbles"},{"floor":23.0,"key":"Ancient Tea Set"},{"floor":26.0,"key":"MawBank"},{"floor":27.0,"key":"Enchiridion"},{"floor":38.0,"key":"Strawberry"},{"floor":42.0,"key":"Darkstone Periapt"},{"floor":42.0,"key":"Ornamental Fan"},{"floor":43.0,"key":"Bottled Lightning"},{"floor":44.0,"key":"Pocketwatch"},{"floor":48.0,"key":"Bronze Scales"},{"floor":48.0,"key":"InkBottle"}],"event_choices":[{"damage_healed":0.0,"max_hp_gain":0.0,"max_hp_loss":0.0,"gold_gain":0.0,"event_name":"Big Fish","player_choice":"Box","floor":2.0,"gold_loss":0.0,"damage_taken":0.0,"relics_obtained":["Omamori"],"cards_obtained":["Regret"]},{"damage_healed":0.0,"max_hp_gain":0.0,"max_hp_loss":0.0,"gold_gain":0.0,"event_name":"Scrap Ooze","player_choice":"Success","floor":3.0,"gold_loss":0.0,"damage_taken":12.0,"relics_obtained":["Tiny Chest"]},{"damage_healed":0.0,"max_hp_gain":0.0,"max_hp_loss":0.0,"gold_gain":0.0,"event_name":"Golden Wing","player_choice":"Ignored","floor":11.0,"gold_loss":0.0,"damage_taken":0.0},{"damage_healed":0.0,"max_hp_gain":0.0,"max_hp_loss":0.0,"gold_gain":0.0,"event_name":"Drug Dealer","player_choice":"Inject Mutagens","floor":20.0,"gold_loss":0.0,"damage_taken":0.0,"relics_obtained":["MutagenicStrength"]},{"damage_healed":0.0,"max_hp_gain":0.0,"max_hp_loss":0.0,"gold_gain":99.0,"event_name":"Nest","player_choice":"Stole From Cult","floor":25.0,"gold_loss":0.0,"damage_taken":0.0},{"damage_healed":0.0,"max_hp_gain":0.0,"max_hp_loss":0.0,"gold_gain":0.0,"event_name":"Cursed Tome","player_choice":"Obtained Book","floor":27.0,"gold_loss":0.0,"damage_taken":16.0},{"damage_healed":0.0,"max_hp_gain":0.0,"max_hp_loss":0.0,"gold_gain":0.0,"event_name":"Tomb of Lord Red Mask","player_choice":"Ignored","floor":36.0,"gold_loss":0.0,"damage_taken":0.0},{"damage_healed":0.0,"max_hp_gain":0.0,"max_hp_loss":0.0,"gold_gain":0.0,"event_name":"Mysterious Sphere","player_choice":"Fight","floor":44.0,"gold_loss":0.0,"damage_taken":0.0},{"damage_healed":0.0,"max_hp_gain":0.0,"max_hp_loss":0.0,"gold_gain":0.0,"event_name":"SensoryStone","player_choice":"Memory 1","floor":47.0,"gold_loss":0.0,"damage_taken":0.0}],"is_beta":false,"boss_relics":[{"not_picked":["Tiny House","Runic Pyramid"],"picked":"Busted Crown"},{"not_picked":["Pandora\u0027s Box","Astrolabe"],"picked":"Black Star"}],"items_purged_floors":[4,24],"is_endless":false,"potions_floor_spawned":[7,14,16,18,29,33,37,48],"ascension_level":4}}