{"host":"867cnhxguf2bzj4x","time":1609952388,"event":{"mods":["BaseMod","BetterRewards","Duelist Mod","GifTheSpireLib","Lobotomy","Minty Spire (QoL Compilation)","Replay The Spire","StSLib","The Bug Knight","The Cursed","The Necromancer"],"gold_per_floor":[110,40,40,51,51,51,51,70,70,100,25,25,100,100,100,197,197,211,226,176,192,210,210,210,210,210,210,110,110,130,148,148,246,246,261,27,27,100,100,100,135,152,152,152,152],"floor_reached":44,"playtime":1690,"items_purged":["Amnesia","Strike_G"],"score":479,"play_id":"c69536d2-dd11-4acb-8181-16e8d61b0842","local_time":"20210106175948","is_ascension_mode":false,"campfire_choices":[{"data":"Bouncing Flask","floor":6,"key":"SMITH"},{"floor":15,"key":"REST"},{"data":"Bane","floor":23,"key":"SMITH"},{"floor":25,"key":"REST"},{"floor":32,"key":"REST"},{"floor":40,"key":"REST"}],"circlet_count":0,"master_deck":["Strike_G","Strike_G","Strike_G+1","Strike_G","Defend_G","Defend_G","Defend_G","Defend_G+1","Defend_G","Survivor","Neutralize","LittlePrince","Deadly Poison","Bouncing Flask+1","Scarecrow","Catalyst","Deadly Poison","Backstab+1","Envenom","Bane+1","Corpse Explosion","Toxin Wave","Bane+1","Adrenaline","Draining Mist","Madness","Mind Blast","Mayhem","Crippling Poison","Catalyst","Draining Mist","Draining Mist"],"relics":["Ring of the Snake","CogitoBucket","Blood Vial","Ring of Peace","Mirror","Paper Crane","Cursed Key","Mercury Hourglass","Replay:Bronze Core","Whetstone","Anchor","Kunai"],"acts_visited":["Exordium","TheCity","TheBeyond"],"potions_floor_usage":[30,33,44],"damage_taken":[{"damage":1,"enemies":"2 Louse","floor":1,"turns":4},{"damage":0,"enemies":"Small Slimes","floor":4,"turns":3},{"damage":0,"enemies":"Cultist","floor":8,"turns":2},{"damage":17,"enemies":"3 Sentries","floor":10,"turns":6},{"damage":5,"enemies":"Exordium Wildlife","floor":14,"turns":5},{"damage":14,"enemies":"Hexaghost","floor":16,"turns":6},{"damage":16,"enemies":"Spheric Guardian","floor":18,"turns":2},{"damage":3,"enemies":"Chosen","floor":19,"turns":2},{"damage":0,"enemies":"Snake Plant","floor":21,"turns":4},{"damage":6,"enemies":"3 Cultists","floor":22,"turns":3},{"damage":13,"enemies":"Book of Stabbing","floor":24,"turns":5},{"damage":0,"enemies":"Colosseum Slavers","floor":27,"turns":3},{"damage":28,"enemies":"Centurion and Healer","floor":30,"turns":7},{"damage":3,"enemies":"Chosen and Byrds","floor":31,"turns":3},{"damage":30,"enemies":"Collector","floor":33,"turns":8},{"damage":0,"enemies":"3 Darklings","floor":35,"turns":2},{"damage":29,"enemies":"Nemesis","floor":41,"turns":9},{"damage":46,"enemies":"3 Shapes","floor":42,"turns":8},{"damage":10,"enemies":"Sphere and 2 Shapes","floor":44,"turns":3}],"seed_played":"4932079844779506459","potions_obtained":[{"floor":1,"key":"Flashbang"},{"floor":8,"key":"SmokeBomb"},{"floor":14,"key":"Block Potion"},{"floor":31,"key":"EntropicBrew"},{"floor":38,"key":"Milkshake"},{"floor":42,"key":"Block Potion"}],"is_trial":false,"path_per_floor":["M","$","?","M","?","R","?","M","T","E","$","?","?","M","R","B",null,"M","M","?","M","M","R","E","R","T","?","$","?","M","M","R","B",null,"M","$","?","?","?","R","E","M","T","M"],"character_chosen":"THE_SILENT","items_purchased":["Bouncing Flask","Draining Mist","Whetstone"],"campfire_rested":4,"item_purchase_floors":[2,36,36],"current_hp_per_floor":[69,69,51,53,53,53,53,55,55,40,40,40,29,30,51,39,70,54,57,57,59,59,59,48,69,69,70,70,70,42,45,66,42,70,70,70,60,43,43,64,41,7,7,0,0],"gold":152,"neow_bonus":"","is_daily":false,"chose_seed":false,"campfire_upgraded":2,"win_rate":0.0,"timestamp":1609952388,"path_taken":["M","$","?","M","?","R","?","?","T","E","$","?","?","M","R","BOSS","M","M","?","M","?","R","E","R","T","?","$","?","?","M","R","BOSS","M","$","?","?","?","R","E","M","T","M"],"items_purchased_type":["Card","Card","Relic"],"build_version":"2020-12-22","purchased_purges":2,"victory":false,"max_hp_per_floor":[70,70,70,70,70,70,70,70,70,70,70,70,70,70,70,70,70,70,70,70,70,70,70,70,70,70,70,70,70,70,70,70,70,70,70,70,70,70,70,70,70,70,70,70,70],"card_choices":[{"not_picked":["UniverseFragment","Yin"],"picked":"LittlePrince","floor":1},{"not_picked":["PiercingWail","Catalyst"],"picked":"Deadly Poison","floor":1},{"not_picked":["BigBadWolf","Porccubus"],"picked":"Scarecrow","floor":4},{"not_picked":["Outmaneuver","Dagger Spray"],"picked":"Catalyst","floor":4},{"not_picked":["Concentrate","Blade Dance"],"picked":"Backstab","floor":8},{"not_picked":["Concentrate","Deflect"],"picked":"Envenom","floor":10},{"not_picked":["Prepared","Distraction"],"picked":"Bane","floor":14},{"not_picked":["Wraith Form v2","Unload"],"picked":"Corpse Explosion","floor":16},{"not_picked":["Dagger Spray","Bane","Acrobatics+1"],"picked":"SKIP","floor":18},{"not_picked":["Poison Darts","Hidden Blade"],"picked":"Toxin Wave","floor":19},{"not_picked":["Outmaneuver","Deflect","Quick Slash"],"picked":"SKIP","floor":21},{"not_picked":["Dodge and Roll","ReplayTheSpireMod:Tripwire"],"picked":"Bane+1","floor":22},{"not_picked":["Underhanded Strike","ReplayTheSpireMod:Shiv Toss+1","Hidden Blade"],"picked":"SKIP","floor":24},{"not_picked":["Acrobatics","Backflip+1","Deflect+1"],"picked":"SKIP","floor":30},{"not_picked":["Acrobatics","Backflip+1","Deflect+1"],"picked":"SKIP","floor":30},{"not_picked":["Setup+1","Slice","Toxin Wave"],"picked":"SKIP","floor":31},{"not_picked":["Glass Knife","Grand Finale"],"picked":"Adrenaline","floor":33},{"not_picked":["Deflect","Flying Knee","Escape Plan"],"picked":"SKIP","floor":35},{"not_picked":["ReplayTheSpireMod:Private Reserves","ReplayTheSpireMod:Uncanny Aura"],"picked":"Madness","floor":37},{"not_picked":["Madness","Deep Breath"],"picked":"Mind Blast","floor":37},{"not_picked":["Dark Shackles","Replay:Sssssssssstrike"],"picked":"Mayhem","floor":37},{"not_picked":["Caltrops+1","Terror"],"picked":"Crippling Poison","floor":38},{"not_picked":["Eviscerate+1","Cloak And Dagger"],"picked":"Catalyst","floor":38},{"not_picked":["ReplayTheSpireMod:Necrosis","Blade Dance"],"picked":"Draining Mist","floor":41},{"not_picked":["ReplayTheSpireMod:Speed Training+1","ReplayTheSpireMod:Scrap Shanks+1","Replay:Bag of Tricks"],"picked":"SKIP","floor":42}],"player_experience":114600,"relics_obtained":[{"floor":5,"key":"Ring of Peace"},{"floor":9,"key":"Mirror"},{"floor":10,"key":"Paper Crane"},{"floor":24,"key":"Mercury Hourglass"},{"floor":38,"key":"Anchor"},{"floor":41,"key":"Kunai"}],"event_choices":[{"damage_healed":0,"gold_gain":0,"player_choice":"Success","damage_taken":18,"relics_obtained":["Blood Vial"],"max_hp_gain":0,"max_hp_loss":0,"event_name":"Scrap Ooze","floor":3,"gold_loss":0},{"damage_healed":0,"gold_gain":0,"player_choice":"1 cards matched","damage_taken":0,"max_hp_gain":0,"max_hp_loss":0,"event_name":"Match and Keep!","floor":7,"gold_loss":0,"cards_obtained":["Deadly Poison"]},{"damage_healed":0,"gold_gain":75,"player_choice":"Gather Gold","damage_taken":11,"max_hp_gain":0,"max_hp_loss":0,"event_name":"World of Goop","floor":13,"gold_loss":0},{"damage_healed":0,"gold_gain":0,"player_choice":"Bet on Owner","damage_taken":0,"max_hp_gain":0,"max_hp_loss":0,"event_name":"The Joust","floor":20,"gold_loss":50},{"damage_healed":0,"gold_gain":0,"player_choice":"Fight","damage_taken":0,"max_hp_gain":0,"max_hp_loss":0,"event_name":"Colosseum","floor":27,"gold_loss":0},{"damage_healed":0,"gold_gain":0,"player_choice":"Fled From Nobs","damage_taken":0,"max_hp_gain":0,"max_hp_loss":0,"event_name":"Colosseum","floor":27,"gold_loss":0},{"damage_healed":0,"gold_gain":0,"player_choice":"Ignored","damage_taken":0,"max_hp_gain":0,"max_hp_loss":0,"event_name":"NoteForYourself","floor":29,"gold_loss":0},{"damage_healed":0,"gold_gain":0,"player_choice":"Memory 3","damage_taken":10,"max_hp_gain":0,"max_hp_loss":0,"event_name":"SensoryStone","floor":37,"gold_loss":0},{"damage_healed":0,"gold_gain":0,"player_choice":"Copied","damage_taken":0,"max_hp_gain":0,"max_hp_loss":0,"event_name":"Duplicator","floor":39,"gold_loss":0,"cards_obtained":["Draining Mist"]}],"is_beta":false,"boss_relics":[{"not_picked":["Busted Crown","Painkiller Herb"],"picked":"Cursed Key"},{"not_picked":["Astrolabe","Snecko Scales"],"picked":"Replay:Bronze Core"}],"items_purged_floors":[11,28],"is_endless":false,"potions_floor_spawned":[1,8,14,21,24,27,31,42],"killed_by":"Sphere and 2 Shapes","ascension_level":0}}