{"host":"egwexuw5uvnxf11j","time":1609896982,"event":{"mods":["2.2 Compatiblity","Aspiration","BaseMod","Better Altar","Better Note","Better Sensory Stone","Better Third Choice","Displayed Cursed Tome","Downfall","Hermit","Key Reminder","Koishi","Marisa????????","Minty Spire (QoL Compilation)","Quick Restart","Shade Mod","Spicy Shops","StSLib","The Construct","The Cursed","The Hierophant","The Runesmith","The Senshi","The Servant 0.9.4","Transform Curses"],"gold_per_floor":[119,135,135,26,47,47,86,86,86,126,126,126,151,151,151,272,272,288,304,230,230,230,230],"floor_reached":22,"playtime":1173,"items_purged":["Injury"],"score":211,"play_id":"572e5c7e-9a6c-4058-8cd1-88cc0fe3fc84","local_time":"20210105203622","is_ascension_mode":true,"campfire_choices":[{"floor":6,"key":"REST"},{"floor":8,"key":"REST"},{"floor":12,"key":"REST"},{"floor":15,"key":"REST"}],"circlet_count":0,"master_deck":["Runesmith:Strike_RS","Runesmith:Strike_RS","Runesmith:Strike_RS","Runesmith:Strike_RS","Runesmith:Defend_RS","Runesmith:Defend_RS","Runesmith:Defend_RS","Runesmith:Defend_RS","Runesmith:CraftFirestone+1","Runesmith:Fortify","Runesmith:ShiftingStrike","Runesmith:CraftMagma","Runesmith:PoweredAnvil","Runesmith:HammerThrow","Runesmith:HammerTime","Runesmith:CraftReservo","Runesmith:HammerThrow","Regret","Runesmith:FissionHammer","Runesmith:FieryHammer+1","Runesmith:EarthShield","Runesmith:Superposition","Pain"],"relics":["Runesmith:BrokenRuby","Golden Idol","Mercury Hourglass","Meat on the Bone","Pen Nib","keyreminder:keyreminder","aspiration:HummingbirdHeart","FossilizedHelix","Black Star","WarpedTongs"],"acts_visited":["Exordium","TheCity"],"potions_floor_usage":[10],"damage_taken":[{"damage":12,"enemies":"Small Slimes","floor":1,"turns":3},{"damage":6,"enemies":"Jaw Worm","floor":2,"turns":3},{"damage":9,"enemies":"2 Louse","floor":5,"turns":3},{"damage":20,"enemies":"3 Sentries","floor":7,"turns":7},{"damage":39,"enemies":"Lagavulin","floor":10,"turns":7},{"damage":0,"enemies":"Exordium Wildlife","floor":13,"turns":2},{"damage":23,"enemies":"Hexaghost","floor":16,"turns":8},{"damage":6,"enemies":"3 Byrds","floor":18,"turns":4},{"damage":35,"enemies":"Shell Parasite","floor":19,"turns":6},{"damage":47,"enemies":"Cultist and Chosen","floor":22,"turns":4}],"seed_played":"7454544824289332260","potions_obtained":[{"floor":2,"key":"LiquidMemories"},{"floor":16,"key":"champ:CounterPotion"},{"floor":18,"key":"construct:ShiftPotion"}],"is_trial":false,"path_per_floor":["M","M","?","$","M","R","E","R","T","E","T","R","M","?","R","B",null,"M","M","$","?","M"],"character_chosen":"RUNESMITH_CLASS","items_purchased":["Runesmith:PoweredAnvil","Runesmith:Superposition"],"campfire_rested":4,"item_purchase_floors":[4,20],"current_hp_per_floor":[58,52,52,52,43,64,44,65,65,38,38,59,59,59,70,47,70,64,41,41,41,0,0],"gold":230,"neow_bonus":"UPGRADE_CARD","is_daily":false,"chose_seed":false,"campfire_upgraded":0,"win_rate":0.0,"timestamp":1609896982,"path_taken":["M","M","?","$","M","R","E","R","T","E","?","R","M","?","R","BOSS","M","M","$","?","?"],"items_purchased_type":["Card","Card"],"build_version":"2020-12-22","purchased_purges":1,"victory":false,"max_hp_per_floor":[70,70,70,70,70,70,70,70,70,70,70,70,70,70,70,70,70,70,70,70,70,70,70],"card_choices":[{"not_picked":["Runesmith:MakeshiftArmor","Runesmith:CraftProtectio"],"picked":"Runesmith:ShiftingStrike","floor":1},{"not_picked":["Runesmith:CraftVitae","Runesmith:RuneHurl"],"picked":"Runesmith:CraftMagma","floor":2},{"not_picked":["Runesmith:Electrocute","Runesmith:Firewall"],"picked":"Runesmith:HammerThrow","floor":5},{"not_picked":["Runesmith:Prism","Runesmith:Superposition"],"picked":"Runesmith:HammerTime","floor":7},{"not_picked":["Runesmith:RunicBlueprint","Runesmith:HeatedChisel"],"picked":"Runesmith:CraftReservo","floor":10},{"not_picked":["Runesmith:ChiselStab","Runesmith:HeatExchange"],"picked":"Runesmith:HammerThrow","floor":13},{"not_picked":["Runesmith:LightningRod","Runesmith:Supernova"],"picked":"Runesmith:FissionHammer","floor":16},{"not_picked":["Runesmith:Repurpose+1","Runesmith:Grindstone"],"picked":"Runesmith:FieryHammer+1","floor":18},{"not_picked":["Runesmith:ChiselStab","Runesmith:HeatedChisel"],"picked":"Runesmith:EarthShield","floor":19}],"player_experience":2147277,"relics_obtained":[{"floor":7,"key":"Mercury Hourglass"},{"floor":9,"key":"Meat on the Bone"},{"floor":10,"key":"Pen Nib"},{"floor":11,"key":"aspiration:HummingbirdHeart"}],"event_choices":[{"damage_healed":0,"gold_gain":0,"player_choice":"Take Wound","damage_taken":0,"relics_obtained":["Golden Idol"],"max_hp_gain":0,"max_hp_loss":0,"event_name":"Golden Idol","floor":3,"gold_loss":0,"cards_obtained":["Injury"]},{"damage_healed":0,"gold_gain":0,"player_choice":"Box","damage_taken":0,"relics_obtained":["FossilizedHelix"],"max_hp_gain":0,"max_hp_loss":0,"event_name":"Big Fish","floor":14,"gold_loss":0,"cards_obtained":["Regret"]},{"damage_healed":0,"gold_gain":0,"player_choice":"Rummage","damage_taken":0,"relics_obtained":["WarpedTongs"],"max_hp_gain":0,"max_hp_loss":0,"event_name":"Accursed Blacksmith","floor":21,"gold_loss":0,"cards_obtained":["Pain"]}],"is_beta":false,"boss_relics":[{"not_picked":["Runesmith:PocketReactor","SacredBark"],"picked":"Black Star"}],"items_purged_floors":[4],"is_endless":false,"potions_floor_spawned":[2,16,18],"killed_by":"Cultist and Chosen","ascension_level":2}}