{"host":"sm7bnwhqk38mm91i","time":1609942019,"event":{"mods":["BaseMod","Minty Spire (QoL Compilation)"],"gold_per_floor":[112,212,225,400,400,400,420,449,449,34,67,77,109,148,148,244,244,260,185,211,211,248,248,248,285,311,348,358,392,53,153,153,248,248,259,2,40,40,40,72,72,72,72,72,101,121,186,34,34,34],"floor_reached":51,"playtime":5526,"items_purged":[],"score":833,"play_id":"56b4a0ad-104d-4ccc-93d5-1400b0ac7cf6","local_time":"20210106090659","is_ascension_mode":false,"campfire_choices":[{"floor":15,"key":"REST"},{"floor":23,"key":"REST"},{"floor":32,"key":"REST"},{"floor":41,"key":"REST"},{"data":"Whirlwind","floor":44,"key":"SMITH"},{"floor":49,"key":"REST"}],"circlet_count":0,"master_deck":["Strike_R","Strike_R","Strike_R","Strike_R","Strike_R","Defend_R","Defend_R","Defend_R","Defend_R","Bash","Perfected Strike","Whirlwind+1","Pommel Strike","Uppercut","HandOfGreed","Perfected Strike","Rage","Inflame","Carnage","Double Tap","Headbutt","Sword Boomerang+1","Thunderclap","Headbutt+1","Rampage+1","Armaments","Carnage","Apotheosis","Heavy Blade+1","Bludgeon","Clothesline+1","Hemokinesis+1","Madness","Madness","Warcry+1","Doubt","Parasite","Seeing Red+1","Blood for Blood+1"],"relics":["Burning Blood","Ice Cream","Sundial","HornCleat","Blood Vial","Strawberry","SlaversCollar","Red Mask","Bag of Preparation","Calipers","Juzu Bracelet","Thread and Needle","InkBottle","Cursed Key","Frozen Egg 2","MealTicket","Ancient Tea Set","Champion Belt","Oddly Smooth Stone","Mango","Toolbox"],"acts_visited":["Exordium","TheCity","TheBeyond"],"potions_floor_usage":[10,16,16,29,29,31,50,50],"damage_taken":[{"damage":5,"enemies":"2 Louse","floor":1,"turns":3},{"damage":1,"enemies":"Cultist","floor":3,"turns":3},{"damage":7,"enemies":"Small Slimes","floor":7,"turns":2},{"damage":45,"enemies":"3 Sentries","floor":8,"turns":7},{"damage":2,"enemies":"3 Louse","floor":11,"turns":3},{"damage":10,"enemies":"Looter","floor":12,"turns":2},{"damage":6,"enemies":"Gremlin Nob","floor":13,"turns":4},{"damage":13,"enemies":"Red Slaver","floor":14,"turns":2},{"damage":60,"enemies":"The Guardian","floor":16,"turns":8},{"damage":36,"enemies":"2 Thieves","floor":18,"turns":4},{"damage":29,"enemies":"Masked Bandits","floor":20,"turns":5},{"damage":7,"enemies":"3 Byrds","floor":22,"turns":5},{"damage":51,"enemies":"Centurion and Healer","floor":25,"turns":5},{"damage":21,"enemies":"Sentry and Sphere","floor":27,"turns":5},{"damage":35,"enemies":"Chosen and Byrds","floor":28,"turns":6},{"damage":4,"enemies":"Slavers","floor":29,"turns":4},{"damage":0,"enemies":"Colosseum Slavers","floor":31,"turns":1},{"damage":25,"enemies":"Colosseum Nobs","floor":31,"turns":4},{"damage":31,"enemies":"Champ","floor":33,"turns":9},{"damage":34,"enemies":"3 Darklings","floor":35,"turns":5},{"damage":5,"enemies":"3 Shapes","floor":37,"turns":3},{"damage":50,"enemies":"Reptomancer","floor":40,"turns":5},{"damage":4,"enemies":"Giant Head","floor":45,"turns":5},{"damage":19,"enemies":"Maw","floor":46,"turns":7},{"damage":40,"enemies":"2 Orb Walkers","floor":47,"turns":4},{"damage":78,"enemies":"Time Eater","floor":50,"turns":10}],"seed_played":"-5889768662718814993","potions_obtained":[{"floor":7,"key":"Fire Potion"},{"floor":8,"key":"BlessingOfTheForge"},{"floor":11,"key":"BlessingOfTheForge"},{"floor":12,"key":"SmokeBomb"},{"floor":20,"key":"DuplicationPotion"},{"floor":25,"key":"PowerPotion"},{"floor":33,"key":"BlessingOfTheForge"},{"floor":35,"key":"Weak Potion"},{"floor":45,"key":"Dexterity Potion"},{"floor":47,"key":"Energy Potion"}],"is_trial":false,"path_per_floor":["M","?","M","?","?","?","M","E","T","$","M","M","E","M","R","B",null,"M","?","?","?","M","R","?","M","T","M","M","E","$","?","R","B",null,"M","$","M","?","?","E","R","?","T","R","E","M","?","$","R","B",null],"character_chosen":"IRONCLAD","items_purchased":["Blood Vial","HandOfGreed","Fruit Juice","Apotheosis","Juzu Bracelet","Frozen Egg 2","Toolbox"],"campfire_rested":5,"item_purchase_floors":[10,10,10,30,30,36,48],"current_hp_per_floor":[57,57,62,62,67,67,66,27,27,32,38,36,45,40,69,17,97,67,67,46,46,47,76,97,52,52,39,12,16,16,7,36,13,97,69,69,72,72,60,18,47,97,97,97,97,84,66,81,111,39],"gold":34,"neow_bonus":"ONE_RARE_RELIC","is_daily":false,"chose_seed":false,"campfire_upgraded":1,"win_rate":0.0,"timestamp":1609942019,"path_taken":["M","?","?","?","?","?","M","E","T","?","M","?","E","M","R","BOSS","M","?","?","?","M","R","?","M","T","M","M","E","$","?","R","BOSS","M","$","M","?","?","E","R","?","T","R","E","M","?","?","R","BOSS"],"items_purchased_type":["Relic","Card","Potion","Card","Relic","Relic","Relic"],"build_version":"2020-12-22","purchased_purges":0,"victory":true,"max_hp_per_floor":[80,80,80,80,85,85,85,85,85,90,90,90,97,97,97,97,97,97,97,97,97,97,97,97,97,97,97,97,97,97,97,97,97,97,97,97,97,97,97,97,97,97,97,97,97,97,111,111,111,111],"card_choices":[{"not_picked":["Twin Strike","Clash"],"picked":"Perfected Strike","floor":1},{"not_picked":["Ghostly Armor","True Grit"],"picked":"Whirlwind","floor":3},{"not_picked":["Flex","Body Slam"],"picked":"Pommel Strike","floor":7},{"not_picked":["Clothesline","Shrug It Off"],"picked":"Uppercut","floor":8},{"not_picked":["Body Slam","Twin Strike"],"picked":"Perfected Strike","floor":11},{"not_picked":["Body Slam","Inflame"],"picked":"Rage","floor":12},{"not_picked":["Disarm","Pummel"],"picked":"Inflame","floor":13},{"not_picked":["Flex","Clash"],"picked":"Carnage","floor":14},{"not_picked":["Berserk","Impervious"],"picked":"Double Tap","floor":16},{"not_picked":["Armaments","Fire Breathing+1"],"picked":"Headbutt","floor":18},{"not_picked":["Clash","Flex"],"picked":"Sword Boomerang+1","floor":20},{"not_picked":["Body Slam+1","Ghostly Armor"],"picked":"Thunderclap","floor":22},{"not_picked":["Pommel Strike","Disarm+1"],"picked":"Headbutt+1","floor":25},{"not_picked":["Warcry+1","Entrench+1"],"picked":"Rampage+1","floor":27},{"not_picked":["True Grit","Pommel Strike"],"picked":"Armaments","floor":28},{"not_picked":["Iron Wave","Reckless Charge"],"picked":"Carnage","floor":29},{"not_picked":["Hemokinesis","Armaments"],"picked":"Heavy Blade+1","floor":31},{"not_picked":["Barricade","Corruption"],"picked":"Bludgeon","floor":33},{"not_picked":["Sword Boomerang+1","Body Slam+1"],"picked":"Clothesline+1","floor":35},{"not_picked":["Cleave+1","Bloodletting+1"],"picked":"Hemokinesis+1","floor":37},{"not_picked":["Clash+1","Body Slam+1"],"picked":"Warcry+1","floor":40},{"not_picked":["Cleave+1","Anger"],"picked":"Seeing Red+1","floor":45},{"not_picked":["Searing Blow","Reckless Charge","Pummel+1"],"picked":"SKIP","floor":46},{"not_picked":["Heavy Blade","Hemokinesis+1"],"picked":"Blood for Blood+1","floor":47}],"player_experience":27508,"relics_obtained":[{"floor":8,"key":"Sundial"},{"floor":9,"key":"HornCleat"},{"floor":13,"key":"Strawberry"},{"floor":20,"key":"Red Mask"},{"floor":26,"key":"Bag of Preparation"},{"floor":29,"key":"Calipers"},{"floor":31,"key":"Thread and Needle"},{"floor":31,"key":"InkBottle"},{"floor":40,"key":"Ancient Tea Set"},{"floor":43,"key":"Champion Belt"},{"floor":45,"key":"Oddly Smooth Stone"},{"floor":47,"key":"Mango"}],"event_choices":[{"damage_healed":0,"gold_gain":100,"player_choice":"Pray","damage_taken":0,"max_hp_gain":0,"max_hp_loss":0,"event_name":"Golden Shrine","floor":2,"gold_loss":0},{"damage_healed":0,"gold_gain":175,"player_choice":"AGREE","damage_taken":0,"max_hp_gain":0,"max_hp_loss":0,"event_name":"Liars Game","floor":4,"gold_loss":0,"cards_obtained":["Doubt"]},{"damage_healed":0,"gold_gain":0,"player_choice":"Donut","damage_taken":0,"max_hp_gain":5,"max_hp_loss":0,"event_name":"Big Fish","floor":5,"gold_loss":0},{"damage_healed":0,"gold_gain":0,"player_choice":"Ignored","damage_taken":0,"max_hp_gain":0,"max_hp_loss":0,"event_name":"Golden Wing","floor":6,"gold_loss":0},{"cards_removed":["Doubt"],"damage_healed":0,"gold_gain":0,"player_choice":"Gave Gold","damage_taken":0,"max_hp_gain":0,"max_hp_loss":0,"event_name":"Beggar","floor":19,"gold_loss":75},{"damage_healed":0,"gold_gain":0,"player_choice":"Fought Bandits","damage_taken":0,"max_hp_gain":0,"max_hp_loss":0,"event_name":"Masked Bandits","floor":20,"gold_loss":0},{"damage_healed":0,"gold_gain":0,"player_choice":"Ignored","damage_taken":0,"max_hp_gain":0,"max_hp_loss":0,"event_name":"Ghosts","floor":21,"gold_loss":0},{"damage_healed":32,"gold_gain":0,"player_choice":"Heal","damage_taken":0,"max_hp_gain":0,"max_hp_loss":0,"event_name":"The Library","floor":24,"gold_loss":0},{"damage_healed":0,"gold_gain":0,"player_choice":"Fight","damage_taken":0,"max_hp_gain":0,"max_hp_loss":0,"event_name":"Colosseum","floor":31,"gold_loss":0},{"damage_healed":0,"gold_gain":0,"player_choice":"Fought Nobs","damage_taken":0,"max_hp_gain":0,"max_hp_loss":0,"event_name":"Colosseum","floor":31,"gold_loss":0},{"damage_healed":0,"gold_gain":0,"player_choice":"Gave Potion","damage_taken":0,"relics_obtained":["MealTicket"],"max_hp_gain":0,"max_hp_loss":0,"event_name":"WeMeetAgain","floor":38,"gold_loss":0},{"damage_healed":0,"gold_gain":0,"player_choice":"Embrace Madness","damage_taken":12,"max_hp_gain":0,"max_hp_loss":0,"event_name":"Winding Halls","floor":39,"gold_loss":0,"cards_obtained":["Madness","Madness"]},{"damage_healed":50,"gold_gain":0,"player_choice":"Heal","damage_taken":0,"max_hp_gain":0,"max_hp_loss":0,"event_name":"MindBloom","floor":42,"gold_loss":0,"cards_obtained":["Doubt"]},{"damage_healed":0,"gold_gain":0,"player_choice":"Fight","damage_taken":0,"max_hp_gain":0,"max_hp_loss":0,"event_name":"Mysterious Sphere","floor":47,"gold_loss":0}],"is_beta":false,"boss_relics":[{"not_picked":["Ectoplasm","Coffee Dripper"],"picked":"SlaversCollar"},{"not_picked":["Philosopher\u0027s Stone","Runic Pyramid"],"picked":"Cursed Key"}],"items_purged_floors":[],"is_endless":false,"potions_floor_spawned":[7,8,11,12,20,25,31,33,35,45,47],"ascension_level":0}}