{"host":"2qv44oxt58ptq59r","time":1609956301,"event":{"mods":["AchievementEnabler","BaseMod","Colored Powertips","Highlight Path","Minty Spire (QoL Compilation)","Permanent Neow","StSLib"],"gold_per_floor":[118,118,142,242,265,265,298,335,372,397,424,459,471,519,531,664,676,708,720,732,744,773,785,810,822,881,893,924,966,978,259,259,364,364,380,380,397,111,4,4,54,54,54,54,80,80,93,108,108,108,108,108,9,44,44,44],"floor_reached":55,"playtime":8181,"items_purged":[],"score":725,"play_id":"2ed7f15f-239e-4a48-908b-833182fccb93","local_time":"20210106180501","is_ascension_mode":false,"campfire_choices":[{"data":"Bash","floor":6.0,"key":"SMITH"},{"floor":13.0,"key":"REST"},{"data":"Uppercut","floor":15.0,"key":"SMITH"},{"floor":23.0,"key":"RECALL"},{"data":"Inflame","floor":25.0,"key":"SMITH"},{"data":"Metallicize","floor":30.0,"key":"SMITH"},{"data":"Disarm","floor":32.0,"key":"SMITH"},{"data":"Limit Break","floor":40.0,"key":"SMITH"},{"data":"Storm","floor":42.0,"key":"SMITH"},{"data":"Metallicize","floor":44.0,"key":"SMITH"},{"data":"Blood for Blood","floor":46.0,"key":"SMITH"},{"data":"Clothesline","floor":49.0,"key":"SMITH"},{"data":"Body Slam","floor":52.0,"key":"SMITH"}],"circlet_count":0,"master_deck":["Strike_R+1","Strike_R+1","Strike_R+1","Strike_R+1","Strike_R+1","Defend_R+1","Defend_R+1","Defend_R+1","Defend_R+1","Bash+1","Body Slam+1","Inflame+1","Rage","Uppercut+1","Carnage","Clothesline+1","Metallicize+1","Disarm+1","Bludgeon","Heavy Blade","Inflame+1","Feel No Pain","Impervious","Inflame+1","Bullet Time","Storm+1","Trip+1","Limit Break+1","Metallicize+1","Blood for Blood+1","Redo","ForeignInfluence","Dash+1","Slice+1","Ragnarok"],"relics":["Burning Blood","Nunchaku","Bloody Idol","MawBank","Akabeko","SacredBark","PreservedInsect","CaptainsWheel","Pen Nib","Eternal Feather","PrismaticShard","Vajra","Thread and Needle","Boot","Juzu Bracelet","Shuriken"],"acts_visited":["Exordium","TheCity","TheBeyond","TheEnding"],"potions_floor_usage":[54,54,54,55],"damage_taken":[{"damage":0.0,"enemies":"2 Louse","floor":1.0,"turns":2.0},{"damage":1.0,"enemies":"Cultist","floor":3.0,"turns":4.0},{"damage":7.0,"enemies":"Small Slimes","floor":5.0,"turns":4.0},{"damage":15.0,"enemies":"Gremlin Nob","floor":7.0,"turns":4.0},{"damage":1.0,"enemies":"2 Fungi Beasts","floor":8.0,"turns":3.0},{"damage":15.0,"enemies":"Blue Slaver","floor":10.0,"turns":4.0},{"damage":18.0,"enemies":"Exordium Thugs","floor":11.0,"turns":4.0},{"damage":3.0,"enemies":"Looter","floor":12.0,"turns":3.0},{"damage":18.0,"enemies":"3 Sentries","floor":14.0,"turns":7.0},{"damage":10.0,"enemies":"The Guardian","floor":16.0,"turns":12.0},{"damage":19.0,"enemies":"Shell Parasite","floor":18.0,"turns":6.0},{"damage":21.0,"enemies":"2 Thieves","floor":22.0,"turns":3.0},{"damage":28.0,"enemies":"Cultist and Chosen","floor":24.0,"turns":6.0},{"damage":6.0,"enemies":"Snake Plant","floor":28.0,"turns":4.0},{"damage":37.0,"enemies":"Book of Stabbing","floor":29.0,"turns":6.0},{"damage":2.0,"enemies":"Champ","floor":33.0,"turns":12.0},{"damage":23.0,"enemies":"Orb Walker","floor":35.0,"turns":4.0},{"damage":27.0,"enemies":"3 Darklings","floor":37.0,"turns":7.0},{"damage":21.0,"enemies":"Mind Bloom Boss Battle","floor":41.0,"turns":7.0},{"damage":17.0,"enemies":"Reptomancer","floor":45.0,"turns":5.0},{"damage":0.0,"enemies":"Jaw Worm Horde","floor":47.0,"turns":5.0},{"damage":13.0,"enemies":"Sphere and 2 Shapes","floor":48.0,"turns":3.0},{"damage":75.0,"enemies":"Donu and Deca","floor":50.0,"turns":9.0},{"damage":10,"enemies":"Shield and Spear","floor":54,"turns":4},{"damage":81,"enemies":"The Heart","floor":55,"turns":6}],"seed_played":"-2569011336515086268","potions_obtained":[{"floor":3.0,"key":"Weak Potion"},{"floor":5.0,"key":"FearPotion"},{"floor":10.0,"key":"Fire Potion"},{"floor":14.0,"key":"SteroidPotion"},{"floor":18.0,"key":"BlessingOfTheForge"},{"floor":24.0,"key":"SkillPotion"},{"floor":29.0,"key":"Ancient Potion"},{"floor":33.0,"key":"EntropicBrew"},{"floor":35.0,"key":"Strength Potion"},{"floor":37.0,"key":"HeartOfIron"},{"floor":45.0,"key":"Ancient Potion"},{"floor":54,"key":"Block Potion"}],"is_trial":false,"path_per_floor":["M","?","M","?","M","R","E","M","T","M","M","M","R","E","R","B",null,"M","?","?","?","M","R","M","R","T","?","M","E","R","$","R","B",null,"M","?","M","$","$","R","?","R","T","R","E","R","M","M","R","B",null,"R","$","E","B"],"character_chosen":"IRONCLAD","items_purchased":["Pen Nib","Eternal Feather","DuplicationPotion","DistilledChaos","PrismaticShard","Inflame","Vajra","Limit Break","Metallicize","Blood for Blood","Block Potion","SkillPotion"],"campfire_rested":1,"item_purchase_floors":[31,31,31,31,31,31,38,38,39,39,53,53],"current_hp_per_floor":[80,60,65,65,64,64,55,60,60,51,39,42,66,54,54,50,80,67,67,72,77,75,80,63,68,78,80,80,54,59,64,76,80,80,68,68,52,52,52,70,60,78,78,80,74,80,80,78,80,43,80,80,80,80,0,0],"gold":44,"neow_bonus":"RANDOM_COMMON_RELIC","is_daily":false,"chose_seed":false,"campfire_upgraded":11,"win_rate":0.0,"timestamp":1609956301,"path_taken":["M","?","M","?","?","R","E","M","T","M","M","M","R","E","R","BOSS","M","?","?","?","M","R","?","R","T","?","M","E","R","$","R","BOSS","M","?","?","?","$","R","?","R","T","R","E","R","M","M","R","BOSS","R","$","E","BOSS"],"items_purchased_type":["Relic","Relic","Potion","Potion","Relic","Card","Relic","Card","Card","Card","Potion","Potion"],"build_version":"2020-12-22","purchased_purges":0,"victory":false,"max_hp_per_floor":[80,80,80,80,80,80,80,80,80,80,80,80,80,80,80,80,80,80,80,80,80,80,80,80,80,80,80,80,80,80,80,80,80,80,80,80,80,80,80,80,80,80,80,80,80,80,80,80,80,80,80,80,80,80,80,80],"card_choices":[{"not_picked":["Twin Strike","Wild Strike"],"picked":"Body Slam","floor":1.0},{"not_picked":["Wild Strike","Havoc"],"picked":"Inflame","floor":3.0},{"not_picked":["Havoc","Dark Embrace"],"picked":"Rage","floor":5.0},{"not_picked":["Brutality","Perfected Strike"],"picked":"Uppercut","floor":7.0},{"not_picked":["Infernal Blade","Clash","Body Slam"],"picked":"SKIP","floor":8.0},{"not_picked":["Anger","Havoc"],"picked":"Carnage","floor":10.0},{"not_picked":["Evolve","Thunderclap"],"picked":"Clothesline","floor":11.0},{"not_picked":["Dropkick","Evolve"],"picked":"Metallicize","floor":12.0},{"not_picked":["Pummel","Twin Strike"],"picked":"Disarm","floor":14.0},{"not_picked":["Fiend Fire","Double Tap"],"picked":"Bludgeon","floor":16.0},{"not_picked":["Iron Wave","Twin Strike","Sever Soul"],"picked":"SKIP","floor":18.0},{"not_picked":["Thunderclap+1","Twin Strike"],"picked":"Heavy Blade","floor":22.0},{"not_picked":["Perfected Strike","Combust","True Grit"],"picked":"SKIP","floor":24.0},{"not_picked":["Warcry+1","Headbutt"],"picked":"Feel No Pain","floor":28.0},{"not_picked":["Body Slam","Wild Strike"],"picked":"Impervious","floor":29.0},{"not_picked":["Omniscience","Secret Weapon"],"picked":"Bullet Time","floor":33.0},{"not_picked":["Sentinel+1","Flex+1"],"picked":"Storm","floor":35.0},{"not_picked":["Leap+1","Evaluate"],"picked":"Trip+1","floor":37.0},{"not_picked":["Acrobatics","Power Through+1"],"picked":"Redo","floor":41.0},{"not_picked":["Pommel Strike+1","Meditate+1"],"picked":"ForeignInfluence","floor":45.0},{"not_picked":["Entrench","Twin Strike"],"picked":"Dash+1","floor":47.0},{"not_picked":["Choke","Twin Strike"],"picked":"Slice+1","floor":48.0},{"not_picked":["JustLucky+1","Clash+1"],"picked":"Ragnarok","floor":54}],"player_experience":5222070,"relics_obtained":[{"floor":7.0,"key":"MawBank"},{"floor":14.0,"key":"Akabeko"},{"floor":26.0,"key":"PreservedInsect"},{"floor":29.0,"key":"CaptainsWheel"},{"floor":41.0,"key":"Thread and Needle"},{"floor":43.0,"key":"Boot"},{"floor":45.0,"key":"Juzu Bracelet"},{"floor":54,"key":"Shuriken"}],"event_choices":[{"damage_healed":0.0,"max_hp_gain":0.0,"max_hp_loss":0.0,"gold_gain":0.0,"event_name":"Golden Idol","player_choice":"Take Damage","floor":2.0,"gold_loss":0.0,"damage_taken":20.0,"relics_obtained":["Golden Idol"]},{"damage_healed":0.0,"max_hp_gain":0.0,"max_hp_loss":0.0,"gold_gain":100.0,"event_name":"Golden Shrine","player_choice":"Pray","floor":4.0,"gold_loss":0.0,"damage_taken":0.0},{"damage_healed":0.0,"max_hp_gain":0.0,"max_hp_loss":0.0,"gold_gain":0.0,"event_name":"Forgotten Altar","player_choice":"Gave Idol","floor":19.0,"relics_lost":["Golden Idol"],"gold_loss":0.0,"damage_taken":0.0,"relics_obtained":["Bloody Idol"]},{"damage_healed":0.0,"max_hp_gain":0.0,"max_hp_loss":0.0,"gold_gain":0.0,"event_name":"Back to Basics","player_choice":"Simplicity","floor":20.0,"gold_loss":0.0,"damage_taken":0.0,"cards_upgraded":["Strike_R","Strike_R","Strike_R","Strike_R","Strike_R","Defend_R","Defend_R","Defend_R","Defend_R"]},{"damage_healed":0.0,"max_hp_gain":0.0,"max_hp_loss":0.0,"gold_gain":0.0,"event_name":"Purifier","player_choice":"Ignored","floor":21.0,"gold_loss":0.0,"damage_taken":0.0},{"damage_healed":0.0,"max_hp_gain":0.0,"max_hp_loss":0.0,"gold_gain":0.0,"event_name":"Duplicator","player_choice":"Copied","floor":27.0,"gold_loss":0.0,"damage_taken":0.0,"cards_obtained":["Inflame"]},{"damage_healed":0.0,"max_hp_gain":0.0,"max_hp_loss":0.0,"gold_gain":0.0,"event_name":"Accursed Blacksmith","player_choice":"Forge","floor":36.0,"gold_loss":0.0,"damage_taken":0.0,"cards_upgraded":["Inflame"]},{"damage_healed":0.0,"max_hp_gain":0.0,"max_hp_loss":0.0,"gold_gain":0.0,"event_name":"MindBloom","player_choice":"Fight","floor":41.0,"gold_loss":0.0,"damage_taken":0.0}],"is_beta":false,"boss_relics":[{"not_picked":["Pandora\u0027s Box","Black Star"],"picked":"SacredBark"},{"not_picked":["Sozu","Coffee Dripper","Cursed Key"]}],"items_purged_floors":[],"is_endless":false,"potions_floor_spawned":[3,5,10,14,18,24,29,33,35,37,45,54],"killed_by":"The Heart","ascension_level":0}}