{"host":"6hzrz31j95f2y1pa","time":1609965846,"event":{"mods":["BaseMod","Colored Map","Downfall","Minty Spire (QoL Compilation)","StSLib"],"gold_per_floor":[99,109,109,119,119,135,135,135,163,179,10,22,22,22,42,114,114,114,124,124,9,9,9,9,9],"floor_reached":23,"playtime":687,"items_purged":["hexamod:Defend","Pain"],"score":331,"play_id":"5e0bd67c-b4aa-4c73-8b41-d26d3367579d","local_time":"20210106154406","is_ascension_mode":true,"campfire_choices":[{"data":"hexamod:Float","floor":1,"key":"SMITH"},{"data":"hexamod:Sear","floor":13,"key":"SMITH"},{"floor":18,"key":"RECALL"}],"circlet_count":0,"master_deck":["AscendersBane","hexamod:Strike","hexamod:Strike","hexamod:Strike+1","hexamod:Strike","hexamod:Defend","hexamod:Defend","hexamod:Defend+1","hexamod:Sear+1","hexamod:Float+1","hexamod:ApocalypticArmor","hexamod:EmpoweredFlame+1","hexamod:Haunt","hexamod:FirstSeal","hexamod:TimeWarp","hexamod:RainOfEmbers","hexamod:SwordOfDarkness","hexamod:FifthSeal","hexamod:ShieldOfDarkness","hexamod:ThirdSeal","hexamod:AdvancingGuard","hexamod:StepThrough"],"relics":["hexamod:SpiritBrand","Ornamental Fan","WarpedTongs","Cursed Key","downfall:RedIOU"],"acts_visited":["Exordium","TheCity"],"potions_floor_usage":[16,16],"damage_taken":[{"damage":0,"enemies":"Small Slimes","floor":2,"turns":3},{"damage":9,"enemies":"Jaw Worm","floor":4,"turns":4},{"damage":0,"enemies":"2 Louse","floor":6,"turns":2},{"damage":18,"enemies":"Gremlin Nob","floor":9,"turns":5},{"damage":4,"enemies":"Red Slaver","floor":10,"turns":3},{"damage":0,"enemies":"downfall:FleeingMerchant","floor":11,"turns":4},{"damage":0,"enemies":"Large Slime","floor":12,"turns":3},{"damage":11,"enemies":"Exordium Thugs","floor":15,"turns":5},{"damage":19,"enemies":"downfall:Watcher","floor":16,"turns":6},{"damage":35,"enemies":"Chosen","floor":19,"turns":6},{"damage":12,"enemies":"downfall:FleeingMerchant","floor":21,"turns":4},{"damage":29,"enemies":"Cultist and Chosen","floor":23,"turns":6}],"seed_played":"-6939695477353925184","potions_obtained":[{"floor":2,"key":"FearPotion"},{"floor":9,"key":"SteroidPotion"},{"floor":15,"key":"EntropicBrew"}],"is_trial":false,"path_per_floor":["R","M","?","M","?","M","T","?","E","M","$","M","R","?","M","B",null,"R","M","?","$","?","M"],"character_chosen":"THE_SPIRIT","items_purchased":["hexamod:TimeWarp"],"campfire_rested":0,"item_purchase_floors":[11],"current_hp_per_floor":[57,57,57,48,48,48,48,48,37,33,40,40,40,40,36,24,59,59,31,31,26,26,0,0,0],"gold":9,"neow_bonus":"ONE_RANDOM_RARE_CARD","is_daily":false,"chose_seed":false,"campfire_upgraded":2,"win_rate":0.0,"timestamp":1609965846,"path_taken":["R","M","?","M","?","M","T","?","E","M","$","?","R","?","M","BOSS","R","M","?","$","?","M"],"items_purchased_type":["Card"],"build_version":"2020-12-22","purchased_purges":2,"victory":false,"max_hp_per_floor":[63,63,63,63,63,63,63,63,70,70,70,70,70,70,70,70,70,70,70,70,70,70,70,70,70],"card_choices":[{"not_picked":["hexamod:SwordOfDarkness","hexamod:RainOfEmbers"],"picked":"hexamod:EmpoweredFlame","floor":2},{"not_picked":["hexamod:GhostLash","hexamod:PhantomFireball"],"picked":"hexamod:Haunt","floor":4},{"not_picked":["hexamod:HauntingEcho","hexamod:EtherealExpedition","hexamod:NightmareStrike"],"picked":"SKIP","floor":6},{"not_picked":["hexamod:ShieldOfDarkness","hexamod:EtherealExpedition","hexamod:Hexaguard"],"picked":"SKIP","floor":9},{"not_picked":["hexamod:AdvancingGuard","hexamod:Firestarter"],"picked":"hexamod:FirstSeal","floor":10},{"not_picked":["hexamod:BurningTouch","hexamod:RetreatToShadows","hexamod:ShieldOfDarkness"],"picked":"SKIP","floor":11},{"not_picked":["hexamod:ThirdSeal","hexamod:StepThrough"],"picked":"hexamod:RainOfEmbers","floor":12},{"not_picked":["hexamod:FlamesFromBeyond","hexamod:RainOfEmbers"],"picked":"hexamod:SwordOfDarkness","floor":15},{"not_picked":["hexamod:UnlimitedPower","hexamod:TimeWarp"],"picked":"hexamod:FifthSeal","floor":16},{"not_picked":["hexamod:RadiantFlame","hexamod:HauntingEcho"],"picked":"hexamod:ShieldOfDarkness","floor":19},{"not_picked":["hexamod:FourthSeal","hexamod:FirstSeal"],"picked":"hexamod:ThirdSeal","floor":19},{"not_picked":["hexamod:ChargedBarrage","hexamod:BacktrackSmack"],"picked":"hexamod:AdvancingGuard","floor":21},{"not_picked":["hexamod:PhantomFireball","hexamod:NecessarySacrifice"],"picked":"hexamod:StepThrough","floor":21}],"player_experience":1290224,"relics_obtained":[{"floor":7,"key":"Ornamental Fan"},{"floor":9,"key":"Strawberry"}],"event_choices":[{"cards_removed":["Regret"],"damage_healed":0,"gold_gain":0,"player_choice":"Card Removal","damage_taken":0,"max_hp_gain":0,"max_hp_loss":0,"event_name":"The Cleric","floor":5,"gold_loss":0},{"damage_healed":0,"gold_gain":0,"player_choice":"Leave","damage_taken":0,"max_hp_gain":0,"max_hp_loss":0,"event_name":"FaceTrader","floor":8,"gold_loss":0},{"damage_healed":0,"gold_gain":0,"player_choice":"Rummage","damage_taken":0,"relics_obtained":["WarpedTongs"],"max_hp_gain":0,"max_hp_loss":0,"event_name":"Accursed Blacksmith","floor":14,"gold_loss":0,"cards_obtained":["Pain"]}],"is_beta":false,"boss_relics":[{"not_picked":["Runic Pyramid","Tiny House"],"picked":"Cursed Key"}],"items_purged_floors":[11,21],"is_endless":false,"potions_floor_spawned":[2,9,15],"killed_by":"Cultist and Chosen","ascension_level":15}}