{"host":"byfc0n0a1d7t61kp","time":1609952138,"event":{"mods":["BaseMod","Bestiary","Better Third Choice","BetterRewards","Colored Powertips","Conspire","Curses Come First","Downfall","Evolution","Hubris","Infinite Spire","Minty Spire (QoL Compilation)","Quick Restart","Replay The Spire","Shop Mod","Spicy Shops","StSLib","Synergy Search"],"gold_per_floor":[119,176,176,195,205,236,236,253,253,265,277,302,314,339,351,467,479,511,523,535,567,579,591,603,615,705,747,778,790,815,827,839,851,851],"floor_reached":33,"playtime":2488,"items_purged":["Pain"],"score":552,"play_id":"c6dfbbd1-f790-421f-ac8b-f20d58a91443","local_time":"20210106175538","is_ascension_mode":true,"campfire_choices":[{"data":"Replay:Dark Deal","floor":7.0,"key":"SMITH"},{"floor":15.0,"key":"REST"},{"floor":23.0,"key":"REST"},{"data":"ReplaySolidLightProjector","floor":25.0,"key":"SMITH"},{"floor":32,"key":"REST"}],"circlet_count":0,"master_deck":["Sweeping Beam","Rebound","Strike_B","Strike_B","Defend_B","Defend_B","Defend_B","Defend_B","Transmutation","Leap","Rebound","Rebound","FIFO Queue","Midas Touch","Replay:Bootleg Shield Generator","Replay:Dark Deal+1","Ball Lightning","ReplayTheSpireMod:Splinters","Sweeping Beam","Fusion","Conserve Battery","Turbo","Steam","Vigilance","ReplaySolidLightProjector+1","Ball Lightning","hubris:Compulsion","hubris:Despair","infinitespire:Gouge","hubris:Prefetch","Time Bomb+1","Defragment","Auto Shields","Storm","Go for the Eyes","Steam"],"relics":["Cracked Core","EVO:Axolotl","ReplayTheSpireMod:ShopPack","Ice Cream","WarpedTongs","MawBank","hubris:Backtick","Pet Ghost","Strange Spoon","MutagenicStrength","Replay:Blank Codex","conspire:TopHat"],"acts_visited":["Exordium","TheCity"],"potions_floor_usage":[30,33],"damage_taken":[{"damage":10.0,"enemies":"Jaw Worm","floor":1.0,"turns":4.0},{"damage":0.0,"enemies":"Small Slimes","floor":4.0,"turns":3.0},{"damage":0.0,"enemies":"Cultist","floor":5.0,"turns":1.0},{"damage":18.0,"enemies":"Gremlin Nob","floor":6.0,"turns":3.0},{"damage":0.0,"enemies":"Blue Slaver","floor":8.0,"turns":3.0},{"damage":6.0,"enemies":"2 Fungi Beasts","floor":12.0,"turns":4.0},{"damage":17.0,"enemies":"Lots of Slimes","floor":14.0,"turns":4.0},{"damage":24.0,"enemies":"Hexaghost","floor":16.0,"turns":11.0},{"damage":21.0,"enemies":"Spheric Guardian","floor":18.0,"turns":4.0},{"damage":0.0,"enemies":"3 Byrds","floor":21.0,"turns":1.0},{"damage":0.0,"enemies":"Slavers","floor":27.0,"turns":1.0},{"damage":21,"enemies":"Snake Plant","floor":28,"turns":5},{"damage":21,"enemies":"Sentry and Sphere","floor":30,"turns":5},{"damage":53,"enemies":"Pondfish","floor":33,"turns":8}],"seed_played":"-3057827058972926719","potions_obtained":[{"floor":2.0,"key":"FairyPotion"},{"floor":2.0,"key":"LifebloodPotion"},{"floor":27.0,"key":"Regen Potion"},{"floor":30,"key":"FocusPotion"}],"is_trial":false,"path_per_floor":["M","?","?","M","M","E","R","M","T","?","?","M","?","M","R","B",null,"M","AVR","?","M","?","R","?","R","T","E","M","$","M","?","R","B"],"character_chosen":"DEFECT","items_purchased":["Transmutation","ReplayTheSpireMod:ShopPack","Ice Cream","Leap","Rebound","FIFO Queue"],"campfire_rested":3,"item_purchase_floors":[0,0,0,0,0,0],"current_hp_per_floor":[58,58,58,58,58,40,40,40,40,40,40,34,34,17,39,15,60,39,39,39,39,23,45,45,45,45,45,24,24,3,3,25,0,0],"gold":851,"neow_bonus":"","is_daily":false,"chose_seed":false,"campfire_upgraded":2,"win_rate":0.0,"timestamp":1609952138,"path_taken":["M","?","?","?","M","E","R","M","T","?","?","?","?","M","R","BOSS","M","AVR","?","M","?","R","?","R","T","E","M","$","?","?","R","BOSS"],"items_purchased_type":["Card","Relic","Relic","Card","Card","Card"],"build_version":"2020-12-22","purchased_purges":1,"victory":false,"max_hp_per_floor":[75,75,75,75,75,75,75,75,75,75,75,75,75,75,75,75,75,75,75,75,75,75,75,75,75,75,75,75,75,75,75,75,75,75],"card_choices":[{"not_picked":["HandOfGreed","Poisoned Strike"],"picked":"Midas Touch","floor":0.0},{"not_picked":["Purity","expansioncontent:PolyBeam"],"picked":"Replay:Bootleg Shield Generator","floor":0.0},{"not_picked":["PanicButton","Specialist"],"picked":"Replay:Dark Deal","floor":0.0},{"not_picked":["Steam","Double Energy"],"picked":"Ball Lightning","floor":1.0},{"not_picked":["Skim","conspire:SharedLibrary"],"picked":"Sweeping Beam","floor":2.0},{"not_picked":["conspire:SharedLibrary","Coolheaded"],"picked":"Fusion","floor":4.0},{"not_picked":["Buffer","Rebound"],"picked":"Conserve Battery","floor":5.0},{"not_picked":["Skim","Panic Button"],"picked":"Turbo","floor":6.0},{"not_picked":["Coolheaded","Steam Power"],"picked":"Steam","floor":8.0},{"not_picked":["Sweeping Beam","Streamline"],"picked":"Ball Lightning","floor":12.0},{"not_picked":["infinitespire:FinalStrike","infinitespire:SealOfDarkness+"],"picked":"infinitespire:Gouge","floor":13.0},{"not_picked":["hubris:PowerSurge","Compile Driver","BasicCrystalCard"],"picked":"SKIP","floor":14.0},{"not_picked":["Multi-Cast","Mirror Shield"],"picked":"hubris:Prefetch","floor":16.0},{"not_picked":["Chaos+1","Steam Power"],"picked":"Time Bomb+1","floor":18.0},{"not_picked":["Barrage","ReplayGash+1"],"picked":"Defragment","floor":21.0},{"not_picked":["Rebound+1","Glacier+1"],"picked":"Storm","floor":27.0},{"not_picked":["Ball Lightning","Consume"],"picked":"Go for the Eyes","floor":28},{"not_picked":["Fusion","Compile Driver"],"picked":"Steam","floor":30}],"player_experience":352111,"relics_obtained":[{"floor":9.0,"key":"MawBank"},{"floor":22.0,"key":"Replay:Blank Codex"},{"floor":27.0,"key":"conspire:TopHat"}],"event_choices":[{"damage_healed":0.0,"max_hp_gain":0.0,"max_hp_loss":0.0,"gold_gain":0.0,"event_name":"Accursed Blacksmith","player_choice":"Rummage","floor":3.0,"gold_loss":0.0,"damage_taken":0.0,"relics_obtained":["WarpedTongs"],"cards_obtained":["Pain"]},{"damage_healed":0.0,"max_hp_gain":0.0,"max_hp_loss":0.0,"gold_gain":0.0,"cards_transformed":["Eruption"],"event_name":"Transmorgrifier","player_choice":"Transformed","floor":11.0,"gold_loss":0.0,"damage_taken":0.0,"cards_obtained":["ReplaySolidLightProjector"]},{"damage_healed":0.0,"max_hp_gain":0.0,"max_hp_loss":0.0,"gold_gain":0.0,"event_name":"Drug Dealer","player_choice":"Inject Mutagens","floor":20.0,"gold_loss":0.0,"damage_taken":0.0,"relics_obtained":["MutagenicStrength"]},{"damage_healed":0.0,"max_hp_gain":0.0,"max_hp_loss":0.0,"gold_gain":0.0,"event_name":"Cursed Tome","player_choice":"Obtained Book","floor":22.0,"gold_loss":0.0,"damage_taken":16.0},{"damage_healed":0.0,"max_hp_gain":0.0,"max_hp_loss":0.0,"gold_gain":0.0,"event_name":"The Library","player_choice":"Read","floor":24.0,"gold_loss":0.0,"damage_taken":0.0,"cards_obtained":["Auto Shields"]}],"is_beta":false,"boss_relics":[{"not_picked":["Snecko Eye","Runic Pyramid"],"picked":"hubris:Backtick"}],"items_purged_floors":[19],"is_endless":false,"potions_floor_spawned":[4,12,27,28,30],"killed_by":"Pondfish","ascension_level":7}}