{"host":"dmdprxj8bosbz96f","time":1609949771,"event":{"mods":["AchievementEnabler","BaseMod","Colored Map","DeckTracker","Minty Spire (QoL Compilation)","Quick Restart","SuperFastMode","everything is the same but u backflip on backflip"],"gold_per_floor":[119,194,144,117,117,117,142,14,14,28,28,49,74,90,90,90,90],"floor_reached":16,"playtime":301,"items_purged":["Defend_G"],"score":115,"play_id":"f48ac7f6-e7ca-495a-be1e-d40d9d899498","local_time":"20210107011611","is_ascension_mode":true,"campfire_choices":[{"floor":6.0,"key":"REST"},{"data":"Calculated Gamble","floor":15,"key":"SMITH"}],"circlet_count":0,"master_deck":["Strike_G","Strike_G","Strike_G","Strike_G","Strike_G","Defend_G","Defend_G","Defend_G","Survivor","Neutralize","Die Die Die","Noxious Fumes","Deadly Poison","Concentrate","Prepared","Blur","Regret","Calculated Gamble+1","Deflect","Blur"],"relics":["Ring of the Snake","Golden Idol","StrikeDummy","Lantern"],"acts_visited":["Exordium"],"potions_floor_usage":[],"damage_taken":[{"damage":0.0,"enemies":"2 Louse","floor":1.0,"turns":1.0},{"damage":0.0,"enemies":"Small Slimes","floor":7.0,"turns":2.0},{"damage":2,"enemies":"Jaw Worm","floor":10,"turns":3},{"damage":2,"enemies":"Large Slime","floor":12,"turns":4},{"damage":0,"enemies":"2 Fungi Beasts","floor":13,"turns":2},{"damage":9,"enemies":"3 Louse","floor":14,"turns":3},{"damage":43,"enemies":"Hexaghost","floor":16,"turns":9}],"seed_played":"-2153416682003621365","potions_obtained":[{"floor":10,"key":"Swift Potion"},{"floor":14,"key":"Weak Potion"}],"is_trial":false,"path_per_floor":["M","?","?","$","?","R","M","$","T","M","?","M","M","M","R","B"],"character_chosen":"THE_SILENT","items_purchased":["Deadly Poison","Prepared"],"campfire_rested":1,"item_purchase_floors":[4,8],"current_hp_per_floor":[63,52,52,52,37,55,55,55,55,53,53,51,51,42,42,0,0],"gold":90,"neow_bonus":"THREE_RARE_CARDS","is_daily":false,"chose_seed":false,"campfire_upgraded":1,"win_rate":0.0,"timestamp":1609949771,"path_taken":["M","?","?","$","?","R","M","$","T","M","?","M","M","?","R","BOSS"],"items_purchased_type":["Card","Card"],"build_version":"2020-12-22","purchased_purges":1,"victory":false,"max_hp_per_floor":[63,63,63,63,63,63,63,63,63,63,63,63,63,63,63,63,63],"card_choices":[{"not_picked":["Bullet Time","Unload"],"picked":"Die Die Die","floor":0.0},{"not_picked":["Blade Dance","Quick Slash"],"picked":"Noxious Fumes","floor":1.0},{"not_picked":["Distraction","Leg Sweep"],"picked":"Concentrate","floor":7.0},{"not_picked":["Bouncing Flask","Backstab"],"picked":"Blur","floor":10},{"not_picked":["Deflect","Masterful Stab"],"picked":"Calculated Gamble","floor":12},{"not_picked":["Prepared","Dagger Spray"],"picked":"Deflect","floor":13},{"not_picked":["Outmaneuver","Distraction"],"picked":"Blur","floor":14}],"player_experience":105693,"relics_obtained":[{"floor":9,"key":"StrikeDummy"}],"event_choices":[{"damage_healed":0.0,"max_hp_gain":0.0,"max_hp_loss":0.0,"gold_gain":75.0,"event_name":"World of Goop","player_choice":"Gather Gold","floor":2.0,"gold_loss":0.0,"damage_taken":11.0},{"cards_removed":["Defend_G"],"damage_healed":0.0,"max_hp_gain":0.0,"max_hp_loss":0.0,"gold_gain":0.0,"event_name":"The Cleric","player_choice":"Card Removal","floor":3.0,"gold_loss":50.0,"damage_taken":0.0},{"damage_healed":0.0,"max_hp_gain":0.0,"max_hp_loss":0.0,"gold_gain":0.0,"event_name":"Golden Idol","player_choice":"Take Damage","floor":5.0,"gold_loss":0.0,"damage_taken":15.0,"relics_obtained":["Golden Idol"]},{"damage_healed":0,"gold_gain":0,"player_choice":"Box","damage_taken":0,"relics_obtained":["Lantern"],"max_hp_gain":0,"max_hp_loss":0,"event_name":"Big Fish","floor":11,"gold_loss":0,"cards_obtained":["Regret"]}],"is_beta":false,"boss_relics":[],"items_purged_floors":[8],"is_endless":false,"potions_floor_spawned":[10,14],"killed_by":"Hexaghost","ascension_level":5}}