{"host":"l84l8xigz5v5foa2","time":1609925112,"event":{"mods":["2.2 Compatiblity","AchievementEnabler","BaseMod","Better Note","Better Vampires","Card Filter","Colored Map","DeckTracker","Downfall","Gremlin Skip","Highlight Path","Keyboard Shortcuts","Minty Spire (QoL Compilation)","Permanent Neow","Quick Restart","Relic Filter","Relic Stats","StSLib","SuperFastMode","Transform Curses","Unknown Chances"],"gold_per_floor":[99,110,120,120,140,169,194,194,294,294,356,368,368,384,400,400,400,400],"floor_reached":16,"playtime":756,"items_purged":[],"score":208,"play_id":"d90e49e0-d995-4774-b870-d9dde222606f","local_time":"20210106182512","is_ascension_mode":true,"campfire_choices":[{"data":"Guardian:CurlUp","floor":1.0,"key":"SMITH"},{"data":"Guardian:Suspension","floor":10.0,"key":"SMITH"},{"data":"Guardian:FierceBash","floor":13.0,"key":"SMITH"}],"circlet_count":0,"master_deck":["AscendersBane","Guardian:Strike_Guardian","Guardian:Strike_Guardian","Guardian:Defend_Guardian","Guardian:Defend_Guardian","Guardian:Defend_Guardian","Guardian:Defend_Guardian","Guardian:CurlUp+1","Guardian:TwinSlam","Guardian:ChargeCore","Guardian:Suspension+1","Guardian:FierceBash+1","Guardian:Repulse","Guardian:Incinerate","Guardian:Gem_Yellow"],"relics":["Philosopher\u0027s Stone","Singing Bowl","FaceOfCleric","SsserpentHead","GremlinMask","NlothsMask","CultistMask"],"acts_visited":["Exordium"],"potions_floor_usage":[14],"damage_taken":[{"damage":5.0,"enemies":"Small Slimes","floor":2.0,"turns":4.0},{"damage":0.0,"enemies":"Jaw Worm","floor":3.0,"turns":2.0},{"damage":0.0,"enemies":"2 Louse","floor":5.0,"turns":2.0},{"damage":44.0,"enemies":"Lagavulin","floor":6.0,"turns":10.0},{"damage":8.0,"enemies":"downfall:FaceTrader","floor":9.0,"turns":9.0},{"damage":5.0,"enemies":"Red Slaver","floor":11.0,"turns":4.0},{"damage":0.0,"enemies":"Large Slime","floor":12.0,"turns":5.0},{"damage":0,"enemies":"3 Louse","floor":14,"turns":4},{"damage":4,"enemies":"Blue Slaver","floor":15,"turns":4},{"damage":22,"enemies":"downfall:Defect","floor":16,"turns":4}],"seed_played":"1750262442365032124","potions_obtained":[{"floor":3.0,"key":"Guardian:AcceleratePotion"},{"floor":5.0,"key":"Regen Potion"},{"floor":11.0,"key":"BlessingOfTheForge"},{"floor":12.0,"key":"Guardian:BlockOnCardUsePotion"}],"is_trial":false,"path_per_floor":["R","M","M","?","M","E","T","?","?","R","M","M","R","M","M","B"],"character_chosen":"GUARDIAN","items_purchased":[],"campfire_rested":0,"item_purchase_floors":[],"current_hp_per_floor":[65,60,60,60,60,31,31,31,25,25,21,24,24,25,22,0,0,0],"gold":400,"neow_bonus":"BOSS_RELIC","is_daily":false,"chose_seed":false,"campfire_upgraded":3,"win_rate":0.0,"timestamp":1609925112,"path_taken":["R","M","M","?","M","E","T","?","?","R","?","M","R","M","M","BOSS"],"items_purchased_type":[],"build_version":"2020-12-22","purchased_purges":0,"victory":false,"max_hp_per_floor":[72,72,72,72,72,72,72,72,74,74,75,78,78,79,80,80,80,80],"relic_stats":{"SsserpentHead":50,"Singing Bowl":4,"FaceOfCleric":4,"counters":[10,48],"obtain_stats":[{"SsserpentHead":10,"Singing Bowl":6,"FaceOfCleric":10,"Guardian:ModeShifter":0,"Philosopher\u0027s Stone":0,"GremlinMask":10,"CultistMask":10,"NlothsMask":10},{"SsserpentHead":5,"Singing Bowl":4,"FaceOfCleric":5,"Guardian:ModeShifter":0,"Philosopher\u0027s Stone":0,"GremlinMask":5,"CultistMask":5,"NlothsMask":5},{"SsserpentHead":27,"Singing Bowl":18,"FaceOfCleric":27,"Guardian:ModeShifter":0,"Philosopher\u0027s Stone":0,"GremlinMask":27,"CultistMask":27,"NlothsMask":27}]},"card_choices":[{"not_picked":["Guardian:PrimingBeam","Guardian:CrystalBeam"],"picked":"Guardian:ChargeCore","floor":2.0},{"not_picked":["Guardian:Reroute","Guardian:ShieldCharger"],"picked":"Guardian:Suspension","floor":3.0},{"not_picked":["Guardian:Clone","Guardian:PrismaticBarrier"],"picked":"Guardian:FierceBash","floor":5.0},{"not_picked":["Guardian:Gem_Crimson","Guardian:ChargeCore"],"picked":"Guardian:Repulse","floor":6.0},{"not_picked":["Guardian:ShieldCharger","Guardian:PrismaticBeam","Guardian:TimeBomb"],"picked":"Singing Bowl","floor":9.0},{"not_picked":["Guardian:Suspension","Guardian:Gem_Green"],"picked":"Guardian:Gem_Cyan","floor":11.0},{"not_picked":["Guardian:HyperBeam_Guardian","Guardian:Gem_Red","Guardian:BronzeOrb"],"picked":"Singing Bowl","floor":12.0},{"not_picked":["Guardian:Gem_Crimson","Guardian:Reroute"],"picked":"Guardian:Incinerate","floor":14},{"not_picked":["Guardian:WalkerClaw","Guardian:Preprogram"],"picked":"Guardian:Gem_Yellow","floor":15}],"player_experience":2921684,"relics_obtained":[{"floor":6.0,"key":"Singing Bowl"}],"event_choices":[{"cards_removed":["Guardian:Strike_Guardian"],"damage_healed":0.0,"max_hp_gain":0.0,"max_hp_loss":0.0,"gold_gain":0.0,"event_name":"The Cleric","player_choice":"Card Removal","floor":8.0,"gold_loss":0.0,"damage_taken":0.0}],"is_beta":false,"boss_relics":[],"items_purged_floors":[],"is_endless":false,"potions_floor_spawned":[3,5,11,12],"killed_by":"downfall:Defect","ascension_level":20}}