{"host":"56xwnffi6e9z5l58","time":1609944354,"event":{"mods":["Aspiration","BaseMod","Better Match","Better Note","Better Sensory Stone","BetterRewards","Colored Map","Colored Powertips","Conspire","GifTheSpireLib","Hermit","Highlight Path","Hubris","Infinite Spire","Key Reminder","Minty Spire (QoL Compilation)","Permanent Neow","Quick Restart","Rare Cards Sparkle","Replay The Spire","StSLib","Stuff the Spire","SuperFastMode","Unceasing Turn Reminder"],"gold_per_floor":[117,117,131,146,160,160,175,55,78,78,96,96,108,33,33,33,33],"floor_reached":16,"playtime":389,"items_purged":["Strike_B"],"score":155,"play_id":"e256ea19-add6-4c78-9e45-1ef32940327b","local_time":"20210106224554","is_ascension_mode":true,"campfire_choices":[{"data":"ReplayTheSpireMod:Fabricate Wheel","floor":6,"key":"SMITH"},{"floor":10,"key":"REST"},{"floor":12,"key":"REST"}],"circlet_count":0,"master_deck":["AscendersBane","Strike_B","Strike_B","Strike_B","Defend_B","Defend_B","Defend_B","Defend_B","Zap","Dualcast","Go for the Eyes","Hologram","Fusion","Rebound","Hyperbeam","Static Discharge","Biased Cognition","Replay:Bootleg Shield Generator","Redo+1","Crystallizer","Panic Button","conspire:SharedLibrary"],"relics":["Cracked Core","Prayer Wheel","Ancient Tea Set","infinitespire:Beetle Shell"],"acts_visited":["Exordium"],"potions_floor_usage":[5],"damage_taken":[{"damage":2,"enemies":"Jaw Worm","floor":1,"turns":4},{"damage":0,"enemies":"Cultist","floor":3,"turns":4},{"damage":0,"enemies":"Small Slimes","floor":4,"turns":3},{"damage":26,"enemies":"Exordium Thugs","floor":5,"turns":5},{"damage":17,"enemies":"Blue Slaver","floor":7,"turns":5},{"damage":15,"enemies":"Red Slaver","floor":11,"turns":4},{"damage":2,"enemies":"Looter","floor":13,"turns":3},{"damage":49,"enemies":"Fading Forest","floor":16,"turns":7}],"seed_played":"5636050987777495658","potions_obtained":[{"floor":1,"key":"Strength Potion"},{"floor":2,"key":"Elixir"},{"floor":2,"key":"FocusPotion"},{"floor":11,"key":"Dexterity Potion"}],"is_trial":false,"path_per_floor":["M","?","M","M","M","R","M","$","T","R","M","R","M","$","R_BF","B"],"character_chosen":"DEFECT","items_purchased":["Replay:Bootleg Shield Generator","Redo+1"],"campfire_rested":2,"item_purchase_floors":[8,8],"current_hp_per_floor":[48,48,48,48,22,22,5,5,5,27,12,34,32,32,32,0,0],"gold":33,"neow_bonus":"THREE_RARE_CARDS","is_daily":false,"chose_seed":false,"campfire_upgraded":1,"win_rate":0.0,"timestamp":1609944354,"path_taken":["M","?","M","?","M","R","M","?","T","R","M","R","M","?","R_BF","BOSS"],"items_purchased_type":["Card","Card"],"build_version":"2020-12-22","purchased_purges":1,"victory":false,"max_hp_per_floor":[75,75,75,75,75,75,75,75,75,75,75,75,75,75,75,75,75],"card_choices":[{"not_picked":["Seek","Fission"],"picked":"ReplayTheSpireMod:Fabricate Wheel","floor":0},{"not_picked":["Turbo","Hello World"],"picked":"Go for the Eyes","floor":1},{"not_picked":["Beam Cell","Recycle"],"picked":"Hologram","floor":3},{"not_picked":["Go for the Eyes","Steam"],"picked":"Fusion","floor":4},{"not_picked":["Ball Lightning","Redo"],"picked":"Rebound","floor":5},{"not_picked":["Redo","Hologram"],"picked":"Static Discharge","floor":7},{"not_picked":["aspiration:Polymerization","Steam Power"],"picked":"Biased Cognition","floor":7},{"not_picked":["Turbo","BasicCrystalCard"],"picked":"Crystallizer","floor":11},{"not_picked":["Beam Cell","Reprogram"],"picked":"Panic Button","floor":11},{"not_picked":["Conserve Battery","Panic Button"],"picked":"conspire:SharedLibrary","floor":13},{"not_picked":["Turbo","Steam","Go for the Eyes"],"picked":"SKIP","floor":13}],"player_experience":949559,"relics_obtained":[{"floor":9,"key":"Ancient Tea Set"}],"event_choices":[{"damage_healed":0,"gold_gain":0,"player_choice":"Got Potions","damage_taken":0,"max_hp_gain":0,"max_hp_loss":0,"event_name":"Lab","floor":2,"gold_loss":0},{"damage_healed":0,"gold_gain":0,"player_choice":"Gave Potion","damage_taken":0,"relics_obtained":["infinitespire:Beetle Shell"],"max_hp_gain":0,"max_hp_loss":0,"event_name":"WeMeetAgain","floor":15,"gold_loss":0}],"is_beta":false,"boss_relics":[],"items_purged_floors":[14],"is_endless":false,"potions_floor_spawned":[1,4,11,13],"killed_by":"Fading Forest","ascension_level":13}}