{"host":"8o45mh5p3pp1o2mi","time":1609894200,"event":{"mods":["BaseMod","Better Match","Better Third Choice","BetterRewards","Minty Spire (QoL Compilation)","Rare Cards Sparkle","Relic Stats","Replay The Spire","Shop Mod","StSLib","everything is the same but u backflip on backflip"],"gold_per_floor":[118,82,189,209,159,190,190,222,222,37,37,49,78,18,18,115,115,100,100,100],"floor_reached":19,"playtime":1014,"items_purged":["Strike_B"],"score":201,"play_id":"c1fb9e80-e44f-45a2-b3b5-a25082d7eba8","local_time":"20210106005000","is_ascension_mode":true,"campfire_choices":[{"data":"BasicCrystalCard","floor":7,"key":"SMITH"},{"floor":15,"key":"REST"}],"circlet_count":0,"master_deck":["Defend_B","Defend_B","Defend_B","Defend_B","Zap","Dualcast","Electrodynamics","Crystallizer","White Noise","Self Repair","Time Bomb","BasicCrystalCard+1","Auto Shields","Capacitor","Undo","Defragment","Redo","Coolheaded","Static Discharge","Ball Lightning","Biased Cognition","Coolheaded+1"],"relics":["Cracked Core","Omamori","Replay:PocketPolymizer","Question Card","The Courier","Ginger","SlaversCollar"],"acts_visited":["Exordium","TheCity"],"potions_floor_usage":[6,13,16,16],"damage_taken":[{"damage":2,"enemies":"Jaw Worm","floor":1,"turns":3},{"damage":1,"enemies":"Small Slimes","floor":4,"turns":4},{"damage":18,"enemies":"3 Sentries","floor":6,"turns":4},{"damage":29,"enemies":"Lagavulin","floor":8,"turns":7},{"damage":3,"enemies":"Cultist","floor":12,"turns":4},{"damage":22,"enemies":"Gremlin Nob","floor":13,"turns":4},{"damage":38,"enemies":"The Guardian","floor":16,"turns":8},{"damage":27,"enemies":"2 Thieves","floor":18,"turns":4},{"damage":65,"enemies":"Masked Bandits","floor":19,"turns":3}],"seed_played":"7556730772892220032","potions_obtained":[{"floor":4,"key":"Energy Potion"},{"floor":8,"key":"Energy Potion"},{"floor":12,"key":"DuplicationPotion"},{"floor":13,"key":"LiquidBronze"}],"is_trial":false,"path_per_floor":["M","$","?","M","?","E","R","E","T","$","?","M","E","$","R","B",null,"M","?"],"character_chosen":"DEFECT","items_purchased":["White Noise","Defragment","Redo","Coolheaded","Static Discharge"],"campfire_rested":1,"item_purchase_floors":[2,10,10,10,10],"current_hp_per_floor":[73,73,43,49,49,38,38,16,16,16,41,45,30,30,52,21,75,55,0,0],"gold":100,"neow_bonus":"RANDOM_EVENT","is_daily":false,"chose_seed":false,"campfire_upgraded":1,"win_rate":0.0,"timestamp":1609894200,"path_taken":["M","$","?","M","?","E","R","E","T","?","?","?","E","$","R","BOSS","M","?"],"items_purchased_type":["Card","Card","Card","Card","Card"],"build_version":"2020-12-22","purchased_purges":1,"victory":false,"max_hp_per_floor":[75,75,75,75,75,75,75,75,75,75,75,75,75,75,75,75,75,75,75,75],"relic_stats":{"counters":[9,41],"Ginger":[2],"Question Card":4,"obtain_stats":[{"SlaversCollar":17,"Replay:PocketPolymizer":6,"The Courier":9,"Omamori":3,"Ginger":13,"Cracked Core":0,"Question Card":8},{"SlaversCollar":7,"Replay:PocketPolymizer":3,"The Courier":4,"Omamori":1,"Ginger":6,"Cracked Core":0,"Question Card":4},{"SlaversCollar":34,"Replay:PocketPolymizer":11,"The Courier":18,"Omamori":3,"Ginger":26,"Cracked Core":0,"Question Card":18}]},"card_choices":[{"not_picked":["Coolheaded","Chill"],"picked":"Crystallizer","floor":1},{"not_picked":["BootSequence","Fusion"],"picked":"Self Repair","floor":3},{"not_picked":["Crystallizer","Steam"],"picked":"Time Bomb","floor":3},{"not_picked":["Chaos","Steam"],"picked":"BasicCrystalCard","floor":4},{"not_picked":["Coolheaded","Leap"],"picked":"Auto Shields","floor":6},{"not_picked":["Electrodynamics","Blizzard"],"picked":"Undo","floor":8},{"not_picked":["Chaos","Streamline","Undo","Reprogram"],"picked":"SKIP","floor":12},{"not_picked":["Static Discharge","Stack","Streamline"],"picked":"Ball Lightning","floor":13},{"not_picked":["All For One","Thunder Strike","Echo Form"],"picked":"Biased Cognition","floor":16},{"not_picked":["Conserve Battery","Ball Lightning","Cold Snap"],"picked":"Coolheaded+1","floor":18}],"player_experience":48565,"relics_obtained":[{"floor":3,"key":"Omamori"},{"floor":6,"key":"Replay:PocketPolymizer"},{"floor":8,"key":"Question Card"},{"floor":9,"key":"The Courier"},{"floor":13,"key":"Ginger"}],"event_choices":[{"damage_healed":0,"gold_gain":0,"cards_transformed":["Strike_B"],"player_choice":"Change","damage_taken":0,"max_hp_gain":0,"max_hp_loss":0,"event_name":"Living Wall","floor":0,"gold_loss":0,"cards_obtained":["Electrodynamics"]},{"cards_removed":["Strike_B"],"damage_healed":0,"gold_gain":0,"player_choice":"Card Removal","damage_taken":0,"max_hp_gain":0,"max_hp_loss":0,"event_name":"The Cleric","floor":5,"gold_loss":50},{"damage_healed":25,"gold_gain":0,"player_choice":"Banana","damage_taken":0,"max_hp_gain":0,"max_hp_loss":0,"event_name":"Big Fish","floor":11,"gold_loss":0},{"damage_healed":0,"gold_gain":0,"player_choice":"Fought Bandits","damage_taken":0,"max_hp_gain":0,"max_hp_loss":0,"event_name":"Masked Bandits","floor":19,"gold_loss":0}],"is_beta":false,"boss_relics":[{"not_picked":["Nuclear Battery","Replay:Wanted Poster"],"picked":"SlaversCollar"}],"items_purged_floors":[14],"is_endless":false,"potions_floor_spawned":[4,8,12,13],"killed_by":"Masked Bandits","ascension_level":2}}