{"host":"dmdprxj8bosbz96f","time":1609956062,"event":{"mods":["AchievementEnabler","BaseMod","Colored Map","DeckTracker","Minty Spire (QoL Compilation)","Permanent Neow","Quick Restart","SuperFastMode","everything is the same but u backflip on backflip"],"gold_per_floor":[118,118,128,147,159,159,177,24,24,37,37,52,52,52],"floor_reached":13,"playtime":343,"items_purged":["Defend_G"],"score":99,"play_id":"2bf8b09a-53e7-4fba-bd1e-e26f73e5e49d","local_time":"20210107030102","is_ascension_mode":true,"campfire_choices":[{"data":"Catalyst","floor":6,"key":"SMITH"}],"circlet_count":0,"master_deck":["Strike_G","Strike_G","Strike_G","Strike_G","Strike_G","Defend_G","Defend_G","Defend_G","Defend_G","Survivor","Neutralize","Catalyst+1","Noxious Fumes","Deflect","Well Laid Plans","Adrenaline","Cloak And Dagger"],"relics":["WristBlade","Torii"],"acts_visited":["Exordium"],"potions_floor_usage":[3,3,5,5,5,7,10,13,13],"damage_taken":[{"damage":5,"enemies":"Jaw Worm","floor":1,"turns":6},{"damage":0,"enemies":"Cultist","floor":3,"turns":5},{"damage":3,"enemies":"2 Louse","floor":4,"turns":3},{"damage":16,"enemies":"Exordium Wildlife","floor":5,"turns":4},{"damage":5,"enemies":"2 Fungi Beasts","floor":7,"turns":3},{"damage":13,"enemies":"3 Louse","floor":10,"turns":4},{"damage":14,"enemies":"Exordium Wildlife","floor":12,"turns":5},{"damage":50,"enemies":"Gremlin Nob","floor":13,"turns":5}],"seed_played":"-8878348236979940008","potions_obtained":[{"floor":2,"key":"GamblersBrew"},{"floor":2,"key":"Swift Potion"},{"floor":2,"key":"GhostInAJar"},{"floor":3,"key":"EntropicBrew"},{"floor":7,"key":"Fruit Juice"},{"floor":10,"key":"Block Potion"},{"floor":12,"key":"SteroidPotion"}],"is_trial":false,"path_per_floor":["M","?","M","M","M","R","M","$","T","M","$","M","E"],"character_chosen":"THE_SILENT","items_purchased":["Well Laid Plans"],"campfire_rested":0,"item_purchase_floors":[8],"current_hp_per_floor":[65,65,65,62,46,46,46,46,46,33,33,19,0,0],"gold":52,"neow_bonus":"BOSS_RELIC","is_daily":false,"chose_seed":false,"campfire_upgraded":1,"win_rate":0.0,"timestamp":1609956062,"path_taken":["M","?","M","M","M","R","M","?","T","M","$","?","E"],"items_purchased_type":["Card"],"build_version":"2020-12-22","purchased_purges":1,"victory":false,"max_hp_per_floor":[70,70,70,70,70,70,75,75,75,75,75,75,75,75],"card_choices":[{"not_picked":["Poisoned Stab","Heel Hook"],"picked":"Catalyst","floor":1},{"not_picked":["PiercingWail","Endless Agony"],"picked":"Noxious Fumes","floor":3},{"not_picked":["Endless Agony","Sucker Punch","Distraction"],"picked":"SKIP","floor":4},{"not_picked":["Reflex","Bane"],"picked":"Deflect","floor":5},{"not_picked":["Caltrops","Poisoned Stab","Underhanded Strike"],"picked":"SKIP","floor":7},{"not_picked":["Backstab","Eviscerate"],"picked":"Adrenaline","floor":10},{"not_picked":["Footwork","Eviscerate"],"picked":"Cloak And Dagger","floor":12}],"player_experience":170175,"relics_obtained":[{"floor":9,"key":"Torii"}],"event_choices":[{"damage_healed":0,"gold_gain":0,"player_choice":"Got Potions","damage_taken":0,"max_hp_gain":0,"max_hp_loss":0,"event_name":"Lab","floor":2,"gold_loss":0}],"is_beta":false,"boss_relics":[],"items_purged_floors":[8],"is_endless":false,"potions_floor_spawned":[3,7,10,12],"killed_by":"Gremlin Nob","ascension_level":5}}