{"host":"5s7sm4h73jkd9266","time":1609974331,"event":{"mods":["AchievementEnabler","Bartender","BaseMod","Better Match","Better Vampires","BetterRewards","Colored Map","Colored Powertips","Conspire","Downfall","Energized Spire","GifTheSpireLib","Hermit","Hubris","Magitek Elite","Marisa????????","Melee Mod","Minty Spire (QoL Compilation)","Potion Indicator Mod","Rare Cards Sparkle","Relic Stats","Replay The Spire","Robot Space Explorer","Shop Mod","StSLib","Stuff the Spire","The Bladedancer","The Blue Laboratory","The Cursed","The Disciple","The Dragon Tamer","The Forsaken","The Necromancer","The Wild Card","The Witch","Virulent Crown","everything is the same but u backflip on backflip","slay the spire mod where everything is the same but ironclad has a cowboy hat","vexMod"],"gold_per_floor":[118,43,43,56,56,56,85,104,104,104,104,115,115,140,140,240,240,251,265,277,124,1,1,14,28,28,28,28],"floor_reached":27,"playtime":5106,"items_purged":[],"score":380,"play_id":"50ba7837-48b1-461c-ab6c-34869ed0434f","local_time":"20210106180530","is_ascension_mode":true,"campfire_choices":[{"floor":6.0,"key":"REST"},{"floor":10.0,"key":"REST"},{"data":"Alpha","floor":13.0,"key":"SMITH"},{"data":"Replay:Battleflow","floor":15.0,"key":"SMITH"},{"floor":23,"key":"REST"}],"circlet_count":0,"master_deck":["Strike_P","Strike_P","Strike_P","Strike_P","Defend_P","Defend_P","Defend_P","Eruption","Vigilance","Alpha+1","Midas Touch","Consecrate","Tantrum","Worship","Replay:Battleflow+1","Devotion+1","Brilliance+1","Alpha+1","Wallop","ClearTheMind","Devotion","LikeWater","EmptyBody","Crescendo","DevaForm","ForeignInfluence","Halt","ThirdEye","Alpha","Perseverance","WaveOfTheHand","SashWhip","Evaluate","Halt","Prostrate","Wallop+1"],"relics":["PureWater","StuffTheSpire:RubySignet","hubris:Icosahedron","Replay:Bottled Flurry","ReplayTheSpireMod:TigerMarble","StuffTheSpire:PointBlank","conspire:RunicOctahedron","Orrery","Quantum Egg"],"acts_visited":["Exordium","TheCity"],"potions_floor_usage":[19,24,25],"damage_taken":[{"damage":0.0,"enemies":"2 Louse","floor":1.0,"turns":2.0},{"damage":0.0,"enemies":"Cultist","floor":4.0,"turns":2.0},{"damage":17.0,"enemies":"Gremlin Nob","floor":7.0,"turns":4.0},{"damage":7.0,"enemies":"conspire:RoseBush","floor":8.0,"turns":4.0},{"damage":8.0,"enemies":"Blue Slaver","floor":12.0,"turns":2.0},{"damage":0.0,"enemies":"Lagavulin","floor":14.0,"turns":4.0},{"damage":51.0,"enemies":"The Guardian","floor":16.0,"turns":7.0},{"damage":23.0,"enemies":"Chosen","floor":18.0,"turns":7.0},{"damage":31,"enemies":"conspire:FuzzyDice","floor":19,"turns":4},{"damage":1,"enemies":"Sentry and Sphere","floor":20,"turns":3},{"damage":12,"enemies":"3 Cultists","floor":24,"turns":4},{"damage":1,"enemies":"conspire:HollyBat","floor":25,"turns":6},{"damage":28,"enemies":"Cultist and Chosen","floor":27,"turns":4}],"seed_played":"-8217358406748744045","potions_obtained":[{"floor":8.0,"key":"Weak Potion"},{"floor":12.0,"key":"blueLaboratory:BottleOfVodka"},{"floor":14.0,"key":"Dexterity Potion"},{"floor":16.0,"key":"DistilledChaos"},{"floor":24,"key":"hexamod:EctoCoolerPotion"}],"is_trial":false,"path_per_floor":["M","?","?","M","?","R","E","M","T","R","?","M","R","E","R","B",null,"M","M","M","$","$","R","M","M","T","M"],"character_chosen":"WATCHER","items_purchased":["StuffTheSpire:RubySignet","Alpha","Fruit Juice","Midas Touch","Tantrum","Worship","Orrery","LiquidMemories","Halt"],"campfire_rested":3,"item_purchase_floors":[0,0,0,0,0,0,21,22,22],"current_hp_per_floor":[42,42,42,42,42,65,50,45,45,68,68,60,60,60,60,11,61,42,11,10,10,10,33,21,20,20,0,0],"gold":28,"neow_bonus":"","is_daily":false,"chose_seed":false,"campfire_upgraded":2,"win_rate":0.0,"timestamp":1609974330,"path_taken":["M","?","?","M","?","R","E","M","T","R","?","M","R","E","R","BOSS","M","?","?","?","$","R","M","?","T","M"],"items_purchased_type":["Relic","Card","Potion","Card","Card","Card","Relic","Potion","Card"],"build_version":"2020-12-22","purchased_purges":0,"victory":false,"max_hp_per_floor":[77,77,77,77,77,77,77,77,77,77,77,77,77,77,77,77,77,77,77,77,77,77,77,77,77,77,79,79],"relic_stats":{"counters":[13,53],"obtain_stats":[{"hubris:Icosahedron":3,"Quantum Egg":26,"Orrery":21,"conspire:RunicOctahedron":17,"StuffTheSpire:RubySignet":0,"Replay:Bottled Flurry":7,"ReplayTheSpireMod:TigerMarble":9,"StuffTheSpire:PointBlank":14,"PureWater":0},{"hubris:Icosahedron":1,"Quantum Egg":12,"Orrery":10,"conspire:RunicOctahedron":7,"StuffTheSpire:RubySignet":0,"Replay:Bottled Flurry":3,"ReplayTheSpireMod:TigerMarble":4,"StuffTheSpire:PointBlank":6,"PureWater":0},{"hubris:Icosahedron":2,"Quantum Egg":49,"Orrery":39,"conspire:RunicOctahedron":25,"StuffTheSpire:RubySignet":0,"Replay:Bottled Flurry":8,"ReplayTheSpireMod:TigerMarble":12,"StuffTheSpire:PointBlank":18,"PureWater":0}]},"card_choices":[{"not_picked":["Replay:Anticipation","FollowUp"],"picked":"Replay:Battleflow","floor":1.0},{"not_picked":["Wish+1","Brilliance+1"],"picked":"Devotion+1","floor":2.0},{"not_picked":["Wish+1","LessonLearned+1"],"picked":"Brilliance+1","floor":2.0},{"not_picked":["Establishment+1","Scrawl+1"],"picked":"Alpha+1","floor":2.0},{"not_picked":["SandsOfTime","TalkToTheHand"],"picked":"Wallop","floor":4.0},{"not_picked":["EmptyMind","Vengeance"],"picked":"ClearTheMind","floor":7.0},{"not_picked":["Replay:AtTheReady","Consecrate"],"picked":"Devotion","floor":8.0},{"not_picked":["SashWhip","EmptyMind"],"picked":"EmptyBody","floor":12.0},{"not_picked":["Evaluate","FollowUp"],"picked":"Crescendo","floor":14.0},{"not_picked":["Replay:LoomingThreat","ConjureBlade"],"picked":"DevaForm","floor":16.0},{"not_picked":["PathToVictory","TalkToTheHand"],"picked":"ForeignInfluence","floor":18.0},{"not_picked":["Replay:AtTheReady","Worship+1"],"picked":"Halt","floor":19},{"not_picked":["EmptyFist","JustLucky"],"picked":"ThirdEye","floor":20},{"not_picked":["Protect","JustLucky"],"picked":"Alpha","floor":21},{"not_picked":["FlurryOfBlows+1","Replay:ManipulateFuture"],"picked":"Perseverance","floor":21},{"not_picked":["Weave+1","MentalFortress"],"picked":"WaveOfTheHand","floor":21},{"not_picked":["WreathOfFlame","EmptyBody"],"picked":"SashWhip","floor":21},{"not_picked":["Consecrate","CrushJoints"],"picked":"Evaluate","floor":21},{"not_picked":["Replay:DivineShield+1","Halt"],"picked":"Prostrate","floor":24},{"not_picked":["EmptyBody+1","Protect"],"picked":"Wallop+1","floor":25}],"player_experience":5419590,"relics_obtained":[{"floor":7.0,"key":"Replay:Bottled Flurry"},{"floor":9.0,"key":"ReplayTheSpireMod:TigerMarble"},{"floor":14.0,"key":"StuffTheSpire:PointBlank"},{"floor":26,"key":"Quantum Egg"}],"event_choices":[{"damage_healed":0.0,"max_hp_gain":0.0,"max_hp_loss":0.0,"gold_gain":0.0,"event_name":"betterMatch:BetterMatch","player_choice":"3","floor":2.0,"gold_loss":0.0,"damage_taken":0.0,"cards_obtained":["betterMatch:RareCard"]},{"damage_healed":0.0,"max_hp_gain":0.0,"max_hp_loss":0.0,"gold_gain":0.0,"cards_transformed":["Defend_P"],"event_name":"Transmorgrifier","player_choice":"Transformed","floor":11.0,"gold_loss":0.0,"damage_taken":0.0,"cards_obtained":["LikeWater"]}],"is_beta":false,"boss_relics":[{"not_picked":["Kintsugi","Replay:Drink Me"],"picked":"conspire:RunicOctahedron"}],"items_purged_floors":[],"is_endless":false,"potions_floor_spawned":[8,12,14,16,20,24],"killed_by":"Cultist and Chosen","ascension_level":6}}