{"host":"nn8ykqwz2w24pkn4","time":1609977021,"event":{"mods":["AchievementEnabler","Aspiration","BaseMod","Better Note","BetterRewards","DNKmod","Friendly Minions","Gold Saver","Highlight Path","Hubris","Minty Spire (QoL Compilation)","Rare Cards Sparkle","Spire Birthday Party","StSLib","Uncapped","Unceasing Turn Reminder","egg"],"gold_per_floor":[365,380,395,395,410,410,425,440,515,465,465,465,15,45,45,145,145,160,175,175,190,190,190,205,220,245,245,170,185,215,230,230,330,330,350,405,435,470,510,585,42,42,92,147,147,222,222,317,317,317],"floor_reached":51,"playtime":2004,"items_purged":["Normality","hubris:Lust"],"score":1303,"play_id":"afb63ba7-8a5f-4ec9-acf9-ce9b47d00d8c","local_time":"20210106155021","daily_mods":["Cursed Run","Uncertain Future","Binary"],"is_ascension_mode":false,"campfire_choices":[{"data":"Eruption","floor":6,"key":"SMITH"},{"data":"WheelKick","floor":11,"key":"SMITH"},{"data":"FlurryOfBlows","floor":15,"key":"SMITH"},{"data":"Devotion","floor":23,"key":"SMITH"},{"data":"Tantrum","floor":32,"key":"SMITH"},{"data":"Alpha","floor":45,"key":"SMITH"},{"data":"Mind Blast","floor":47,"key":"SMITH"},{"data":"Devotion","floor":49,"key":"SMITH"}],"circlet_count":0,"master_deck":["Strike_P","Strike_P","Strike_P","Strike_P","Defend_P","Defend_P","Defend_P","Defend_P","Eruption+1","Vigilance","EmptyFist","Sanctity+1","Consecrate","EmptyBody+1","WheelKick+1","FlurryOfBlows+1","Devotion+1","Consecrate+1","JustLucky+1","Tantrum+1","BowlingBash","CutThroughFate","Consecrate+1","SashWhip+1","PathToVictory+1","SashWhip","CrushJoints","FollowUp+1","hubris:Greed","DeusExMachina","ThirdEye","Crescendo","hubris:Greed","hubris:Greed","Tantrum+1","BattleHymn+1","hubris:Greed","PathToVictory+1","hubris:Greed","hubris:Greed","FollowUp+1","Devotion+1","Weave","Alpha+1","Mind Blast+1","hubris:Greed","hubris:Greed","ForeignInfluence+1","hubris:Greed","hubris:Greed","hubris:Greed","hubris:Greed","Weave","hubris:Greed","hubris:Greed","hubris:Greed","hubris:Envy"],"relics":["Cursed Key","Darkstone Periapt","Du-Vu Doll","Art of War","Meat on the Bone","aspiration:StickyExplosives","aspiration:Lifesprig","Lee\u0027s Waffle","Bag of Preparation","Omamori","Calling Bell","Toy Ornithopter","hubris:Reverence","Prayer Wheel","Gremlin Horn","Enchiridion","Bronze Scales","hubris:Towel","War Paint","aspiration:RunicSpoon","Ginger","hubris:CuriousFeather","Lantern","Orrery","Nunchaku","Anchor"],"acts_visited":["Exordium","TheCity","TheBeyond"],"potions_floor_usage":[30,40,50,50,50],"damage_taken":[{"damage":0,"enemies":"Small Slimes","floor":1,"turns":2},{"damage":0,"enemies":"2 Louse","floor":2,"turns":2},{"damage":0,"enemies":"Cultist","floor":3,"turns":3},{"damage":0,"enemies":"2 Fungi Beasts","floor":5,"turns":4},{"damage":0,"enemies":"Blue Slaver","floor":7,"turns":2},{"damage":0,"enemies":"Exordium Wildlife","floor":8,"turns":2},{"damage":0,"enemies":"Lagavulin","floor":14,"turns":4},{"damage":0,"enemies":"The Guardian","floor":16,"turns":5},{"damage":0,"enemies":"Spheric Guardian","floor":18,"turns":1},{"damage":0,"enemies":"3 Byrds","floor":19,"turns":4},{"damage":0,"enemies":"Snecko","floor":21,"turns":2},{"damage":15,"enemies":"Sentry and Sphere","floor":24,"turns":3},{"damage":6,"enemies":"3 Cultists","floor":25,"turns":2},{"damage":8,"enemies":"Centurion and Healer","floor":29,"turns":2},{"damage":0,"enemies":"Gremlin Leader","floor":30,"turns":3},{"damage":0,"enemies":"Snake Plant","floor":31,"turns":2},{"damage":0,"enemies":"Champ","floor":33,"turns":5},{"damage":0,"enemies":"3 Shapes","floor":35,"turns":1},{"damage":1,"enemies":"Mind Bloom Boss Battle","floor":36,"turns":5},{"damage":0,"enemies":"Orb Walker","floor":37,"turns":1},{"damage":0,"enemies":"Transient","floor":38,"turns":5},{"damage":0,"enemies":"Jaw Worm Horde","floor":39,"turns":2},{"damage":8,"enemies":"2 Orb Walkers","floor":40,"turns":2},{"damage":0,"enemies":"3 Darklings","floor":44,"turns":1},{"damage":0,"enemies":"Transient","floor":46,"turns":5},{"damage":0,"enemies":"Nemesis","floor":48,"turns":3},{"damage":0,"enemies":"hubris:GrandSnecko","floor":50,"turns":3}],"seed_played":"-5218424555718163201","potions_obtained":[{"floor":2,"key":"Regen Potion"},{"floor":3,"key":"Ancient Potion"},{"floor":7,"key":"Fire Potion"},{"floor":14,"key":"StancePotion"},{"floor":31,"key":"Block Potion"},{"floor":40,"key":"PowerPotion"}],"is_trial":false,"path_per_floor":["M","M","M","?","M","R","M","M","T","?","R","?","$","E","R","B",null,"M","M","T","M","?","R","M","M","T","?","$","M","E","M","R","B",null,"M","?","M","M","M","?","$","?","T","M","R","M","R","E","R","B",null],"character_chosen":"WATCHER","items_purchased":["aspiration:Lifesprig","Lee\u0027s Waffle","Bag of Preparation","Lantern","Orrery","Alpha"],"campfire_rested":0,"item_purchase_floors":[13,13,13,41,41,41],"current_hp_per_floor":[125,125,125,122,122,122,122,122,128,128,128,128,138,138,138,138,138,138,138,144,144,128,128,113,107,113,113,113,105,119,119,119,125,156,156,167,167,173,179,178,178,178,184,190,190,214,214,220,220,246],"gold":317,"neow_bonus":"","is_daily":true,"chose_seed":false,"campfire_upgraded":8,"win_rate":0.0,"timestamp":1609977021,"path_taken":["M","M","M","?","M","R","M","M","T","?","R","?","$","E","R","BOSS","M","M","?","M","?","R","M","M","T","?","$","M","E","M","R","BOSS","M","?","M","M","M","?","$","?","T","M","R","M","R","E","R","BOSS"],"items_purchased_type":["Relic","Relic","Relic","Relic","Relic","Card"],"build_version":"2020-12-22","purchased_purges":2,"victory":true,"max_hp_per_floor":[125,125,125,125,125,125,125,125,131,131,131,131,138,138,138,138,138,138,138,144,144,144,144,144,144,150,150,150,150,150,150,150,156,156,156,168,168,174,180,186,186,186,192,198,198,222,222,228,228,246],"card_choices":[{"not_picked":["Crescendo"],"picked":"EmptyFist","floor":1},{"not_picked":["EmptyBody"],"picked":"Sanctity","floor":2},{"not_picked":["Prostrate"],"picked":"Consecrate","floor":3},{"not_picked":["Adaptation"],"picked":"EmptyBody","floor":5},{"not_picked":["Evaluate","Adaptation"],"picked":"SKIP","floor":7},{"not_picked":["Vault"],"picked":"WheelKick","floor":8},{"not_picked":["ClearTheMind"],"picked":"FlurryOfBlows","floor":14},{"not_picked":["Scrawl"],"picked":"Devotion","floor":16},{"not_picked":["Protect"],"picked":"Consecrate+1","floor":18},{"not_picked":["DeceiveReality"],"picked":"JustLucky+1","floor":18},{"not_picked":["Perseverance"],"picked":"Tantrum","floor":19},{"not_picked":["EmptyBody"],"picked":"BowlingBash","floor":19},{"not_picked":["JustLucky"],"picked":"CutThroughFate","floor":21},{"not_picked":["Fasting2","Protect"],"picked":"SKIP","floor":21},{"not_picked":["ClearTheMind+1"],"picked":"Consecrate+1","floor":24},{"not_picked":["Halt","JustLucky"],"picked":"SKIP","floor":24},{"not_picked":["FlurryOfBlows"],"picked":"SashWhip+1","floor":25},{"not_picked":["FollowUp"],"picked":"PathToVictory+1","floor":25},{"not_picked":["Wish"],"picked":"SashWhip","floor":29},{"not_picked":["Protect"],"picked":"CrushJoints","floor":29},{"not_picked":["Omniscience","Protect"],"picked":"SKIP","floor":30},{"not_picked":["EmptyBody"],"picked":"FollowUp+1","floor":31},{"not_picked":["Fasting2","ClearTheMind+1"],"picked":"SKIP","floor":31},{"not_picked":["Omniscience"],"picked":"DeusExMachina","floor":33},{"not_picked":["Collect+1"],"picked":"ThirdEye","floor":35},{"not_picked":["Evaluate+1"],"picked":"Crescendo","floor":35},{"not_picked":["SignatureMove+1"],"picked":"Tantrum+1","floor":36},{"not_picked":["Halt"],"picked":"BattleHymn+1","floor":37},{"not_picked":["CrushJoints","Ragnarok"],"picked":"SKIP","floor":37},{"not_picked":["Pray"],"picked":"PathToVictory+1","floor":38},{"not_picked":["CrushJoints","EmptyMind+1"],"picked":"SKIP","floor":38},{"not_picked":["BowlingBash","Tantrum"],"picked":"SKIP","floor":39},{"not_picked":["Halt","Sanctity"],"picked":"SKIP","floor":39},{"not_picked":["ClearTheMind+1"],"picked":"FollowUp+1","floor":41},{"not_picked":["ThirdEye"],"picked":"Devotion","floor":41},{"not_picked":["Study+1"],"picked":"Weave","floor":41},{"not_picked":["Discovery"],"picked":"Mind Blast","floor":42},{"not_picked":["Swivel+1"],"picked":"ForeignInfluence+1","floor":44},{"not_picked":["CrushJoints","Swivel+1"],"picked":"SKIP","floor":44},{"not_picked":["Wireheading"],"picked":"Weave","floor":46},{"not_picked":["Crescendo+1","ThirdEye+1"],"picked":"SKIP","floor":46},{"not_picked":["EmptyMind","Nirvana"],"picked":"SKIP","floor":48}],"player_experience":424033,"relics_obtained":[{"floor":9,"key":"Meat on the Bone"},{"floor":14,"key":"Omamori"},{"floor":17,"key":"Toy Ornithopter"},{"floor":17,"key":"hubris:Reverence"},{"floor":17,"key":"Prayer Wheel"},{"floor":20,"key":"Gremlin Horn"},{"floor":22,"key":"Enchiridion"},{"floor":26,"key":"Bronze Scales"},{"floor":30,"key":"War Paint"},{"floor":36,"key":"Ginger"},{"floor":40,"key":"hubris:CuriousFeather"},{"floor":43,"key":"Nunchaku"},{"floor":48,"key":"Anchor"}],"event_choices":[{"damage_healed":0,"gold_gain":0,"player_choice":"Success","damage_taken":3,"relics_obtained":["Art of War"],"max_hp_gain":0,"max_hp_loss":0,"event_name":"Scrap Ooze","floor":4,"gold_loss":0},{"cards_removed":["Normality"],"damage_healed":0,"gold_gain":0,"player_choice":"Card Removal","damage_taken":0,"max_hp_gain":0,"max_hp_loss":0,"event_name":"The Cleric","floor":10,"gold_loss":50},{"damage_healed":0,"gold_gain":0,"player_choice":"Gave Potion","damage_taken":0,"relics_obtained":["aspiration:StickyExplosives"],"max_hp_gain":0,"max_hp_loss":0,"event_name":"WeMeetAgain","floor":12,"gold_loss":0},{"damage_healed":0,"gold_gain":0,"player_choice":"Obtained Book","damage_taken":16,"max_hp_gain":0,"max_hp_loss":0,"event_name":"Cursed Tome","floor":22,"gold_loss":0},{"damage_healed":0,"gold_gain":0,"player_choice":"Fight","damage_taken":0,"max_hp_gain":0,"max_hp_loss":0,"event_name":"MindBloom","floor":36,"gold_loss":0},{"damage_healed":0,"gold_gain":0,"player_choice":"Fight","damage_taken":0,"max_hp_gain":0,"max_hp_loss":0,"event_name":"Mysterious Sphere","floor":40,"gold_loss":0},{"damage_healed":0,"gold_gain":0,"player_choice":"Memory 1","damage_taken":0,"max_hp_gain":0,"max_hp_loss":0,"event_name":"SensoryStone","floor":42,"gold_loss":0}],"is_beta":false,"boss_relics":[{"not_picked":["Busted Crown","Sozu"],"picked":"Calling Bell"},{"not_picked":["hubris:HollowSoul","hubris:TerracottaHorce"],"picked":"aspiration:RunicSpoon"}],"items_purged_floors":[28,41],"is_endless":false,"potions_floor_spawned":[2,3,7,14,16,19,24,29,31,37,40,44,46],"ascension_level":0}}