{"host":"egyxg9lnjq7g2hmw","time":1609961267,"event":{"mods":["AchievementEnabler","BaseMod","Block Reminder","Colored Map","Colored Powertips","Highlight Path","Minty Spire (QoL Compilation)","Rare Cards Sparkle","StSLib"],"gold_per_floor":[112,37,47,66,80,110,110,110,136,136,170,189,189,218,218,218,218],"floor_reached":16,"playtime":580,"items_purged":["Strike_B"],"score":162,"play_id":"0d95066b-a6a2-47b7-b071-be106a361743","local_time":"20210106112747","is_ascension_mode":true,"campfire_choices":[{"data":"Chaos","floor":8.0,"key":"SMITH"},{"floor":10.0,"key":"REST"},{"data":"Fusion","floor":13,"key":"SMITH"},{"data":"Darkness","floor":15,"key":"SMITH"}],"circlet_count":0,"master_deck":["Strike_B","Strike_B","Strike_B","Defend_B","Defend_B","Defend_B","Defend_B","Zap","Dualcast","Ball Lightning","Rebound","Chaos+1","Self Repair","Fusion+1","Darkness+1","Stack"],"relics":["Cracked Core","Blood Vial","CeramicFish","Art of War"],"acts_visited":["Exordium"],"potions_floor_usage":[11,11,12],"damage_taken":[{"damage":1.0,"enemies":"Cultist","floor":1.0,"turns":4.0},{"damage":14.0,"enemies":"Small Slimes","floor":3.0,"turns":3.0},{"damage":7.0,"enemies":"Jaw Worm","floor":4.0,"turns":3.0},{"damage":16.0,"enemies":"Blue Slaver","floor":5.0,"turns":3.0},{"damage":31.0,"enemies":"Gremlin Nob","floor":6.0,"turns":5.0},{"damage":26,"enemies":"3 Sentries","floor":11,"turns":6},{"damage":0,"enemies":"Exordium Thugs","floor":12,"turns":4},{"damage":0,"enemies":"Large Slime","floor":14,"turns":3},{"damage":30,"enemies":"The Guardian","floor":16,"turns":8}],"seed_played":"-8761645634766715157","potions_obtained":[{"floor":3.0,"key":"Ancient Potion"},{"floor":5.0,"key":"Energy Potion"},{"floor":6.0,"key":"BlessingOfTheForge"},{"floor":7.0,"key":"PowerPotion"},{"floor":7.0,"key":"DistilledChaos"}],"is_trial":false,"path_per_floor":["M","$","M","M","M","E","?","R","T","R","E","M","R","M","R","B"],"character_chosen":"DEFECT","items_purchased":[],"campfire_rested":1,"item_purchase_floors":[],"current_hp_per_floor":[74,74,60,53,37,6,6,6,6,30,13,22,22,24,24,0,0],"gold":218,"neow_bonus":"TEN_PERCENT_HP_BONUS","is_daily":false,"chose_seed":false,"campfire_upgraded":3,"win_rate":0.0,"timestamp":1609961267,"path_taken":["M","$","?","M","M","E","?","R","T","R","E","M","R","?","R","BOSS"],"items_purchased_type":[],"build_version":"2020-12-22","purchased_purges":1,"victory":false,"max_hp_per_floor":[82,82,82,82,82,82,82,82,82,82,82,82,82,82,82,82,82],"card_choices":[{"not_picked":["Beam Cell","Leap","Turbo"],"picked":"SKIP","floor":1.0},{"not_picked":["Tempest","Go for the Eyes"],"picked":"Ball Lightning","floor":3.0},{"not_picked":["Ball Lightning","Go for the Eyes"],"picked":"Rebound","floor":4.0},{"not_picked":["Conserve Battery","Cold Snap"],"picked":"Chaos","floor":5.0},{"not_picked":["Skim","Storm"],"picked":"Self Repair","floor":6.0},{"not_picked":["Double Energy","BootSequence"],"picked":"Fusion","floor":11},{"not_picked":["Static Discharge","Lockon"],"picked":"Darkness","floor":12},{"not_picked":["Compile Driver","Storm"],"picked":"Stack","floor":14}],"player_experience":585278,"relics_obtained":[{"floor":6.0,"key":"Blood Vial"},{"floor":9.0,"key":"CeramicFish"},{"floor":11,"key":"Art of War"}],"event_choices":[{"damage_healed":0.0,"max_hp_gain":0.0,"max_hp_loss":0.0,"gold_gain":0.0,"event_name":"Lab","player_choice":"Got Potions","floor":7.0,"gold_loss":0.0,"damage_taken":0.0}],"is_beta":false,"boss_relics":[],"items_purged_floors":[2],"is_endless":false,"potions_floor_spawned":[3,5,6],"killed_by":"The Guardian","ascension_level":9}}