{"host":"n7mxhpjy89lltbhc","time":1609946003,"event":{"mods":["2.2 Compatiblity","Act Like it!","Bard","BaseMod","Better Match","Better Sensory Stone","Better Synergies","Better Third Choice","Better Vampires","BetterRewards","Challenge The Spire","Colored Map","Colored Powertips","Downfall","Gensokyo","Hubris","Infinite Spire","Jedi Mod","Marisa????????","Marked Mod","Minty Spire (QoL Compilation)","Permanent Neow","Rare Cards Sparkle","Relic Sorter","Relic Stats","Replay The Spire","Shop Mod","Small Relic Pack","Spicy Shops","StSLib","Strawberry Spire","The Blue Laboratory","The Disciple","The Marked","The Servant 0.9.4","Uncapped","Waifu the Spire","Wandering Minibosses","vexMod"],"gold_per_floor":[118,136,136,136,6,6,31,45,45,45,45],"floor_reached":10,"playtime":382,"items_purged":[],"score":108,"play_id":"9bd667ab-f7e2-434b-9823-d4fd9c65e5e6","local_time":"25640106221323","is_ascension_mode":true,"campfire_choices":[{"data":"KidneyShot","floor":6,"key":"SMITH"}],"circlet_count":0,"master_deck":["AscendersBane","Strike_S","Strike_S","Strike_S","Defend_S","Defend_S","Defend_S","Defend_S","KidneyShot+1","Exchange","Deadline","GearUp","Gensokyo:BlemishedSteel","LightFlow","Pot Of Greed","Pot Of Greed","Potential","Deny"],"relics":["Uniform","Grinning Jar","hubris:TinFlute"],"acts_visited":["Gensokyo:Gensokyo"],"potions_floor_usage":[],"damage_taken":[{"damage":11,"enemies":"Gensokyo:2_Kodama","floor":1,"turns":5},{"damage":3,"enemies":"Gensokyo:3_Fairies","floor":2,"turns":7},{"damage":15,"enemies":"Gensokyo:Aya","floor":7,"turns":9},{"damage":6,"enemies":"Gensokyo:Gryphon","floor":8,"turns":4},{"damage":19,"enemies":"Gensokyo:Cirno","floor":10,"turns":5}],"seed_played":"-1830709881249914919","potions_obtained":[{"floor":8,"key":"blueLaboratory:RememoryPotion"}],"is_trial":false,"path_per_floor":["M","M","?","$","COS","R","E","M","T","E"],"character_chosen":"THE_SERVANT","items_purchased":[],"campfire_rested":0,"item_purchase_floors":[],"current_hp_per_floor":[43,40,40,40,40,40,25,19,19,0,0],"gold":45,"neow_bonus":"THREE_CARDS","is_daily":false,"chose_seed":false,"campfire_upgraded":1,"win_rate":0.0,"timestamp":1609946003,"path_taken":["M","M","?","?","COS","R","E","M","T","E"],"items_purchased_type":[],"build_version":"2020-12-22","purchased_purges":0,"victory":false,"max_hp_per_floor":[60,60,60,60,60,60,60,60,60,60,60],"relic_stats":{"counters":[5,30],"obtain_stats":[{"Uniform":0,"Grinning Jar":7,"hubris:TinFlute":9},{"Uniform":0,"Grinning Jar":3,"hubris:TinFlute":4},{"Uniform":0,"Grinning Jar":21,"hubris:TinFlute":25}]},"card_choices":[{"not_picked":["Replace","FastForward"],"picked":"Deadline","floor":0},{"not_picked":["Snipe","Misdirection"],"picked":"GearUp","floor":1},{"not_picked":["Revamp","TimeWarp","Alleviate"],"picked":"SKIP","floor":2},{"not_picked":["FanOfKnives","Rewind"],"picked":"LightFlow","floor":7},{"not_picked":["FastForward","Moondial"],"picked":"Potential","floor":8},{"not_picked":["TheWorld","ForgedInTime"],"picked":"Deny","floor":8}],"player_experience":1039953,"relics_obtained":[{"floor":7,"key":"Grinning Jar"},{"floor":9,"key":"hubris:TinFlute"}],"event_choices":[],"is_beta":false,"boss_relics":[],"items_purged_floors":[],"is_endless":false,"potions_floor_spawned":[8],"killed_by":"Gensokyo:Cirno","ascension_level":15}}