{"host":"og6lam4kt3nibbw0","time":1609957999,"event":{"mods":["AchievementEnabler","BaseMod","Colored Map","DeckTracker","Highlight Path","Keyboard Shortcuts","Minty Spire (QoL Compilation)","Permanent Neow","Quick Restart","StSLib","SuperFastMode"],"gold_per_floor":[109,125,144,69,69,86,86,97,143,143,160,174,139,158,158,236,236,255,255,70,83,83,116,116,144,197,197,197],"floor_reached":27,"playtime":1579,"items_purged":["Strike_B"],"score":490,"play_id":"b9fc6410-0e0d-4159-bb6e-1adf3ee3ca0b","local_time":"20210107033319","is_ascension_mode":true,"campfire_choices":[{"data":"Zap","floor":7.0,"key":"SMITH"},{"data":"Electrodynamics","floor":10.0,"key":"SMITH"},{"data":"Force Field","floor":15.0,"key":"SMITH"},{"floor":24.0,"key":"REST"}],"circlet_count":0,"master_deck":["AscendersBane","Strike_B","Strike_B","Defend_B","Defend_B","Zap+1","Dualcast","Electrodynamics+1","Coolheaded","Loop","Ball Lightning","Force Field+1","White Noise","Undo","Leap","Biased Cognition","Capacitor","Reprogram","Buffer","Apotheosis","Go for the Eyes","Ghostly","Ghostly","Ghostly","Self Repair+1"],"relics":["Cracked Core","Toy Ornithopter","Black Star","Darkstone Periapt","Bag of Marbles","MealTicket","Centennial Puzzle","DataDisk"],"acts_visited":["Exordium","TheCity"],"potions_floor_usage":[],"damage_taken":[{"damage":9.0,"enemies":"Jaw Worm","floor":1.0,"turns":3.0},{"damage":1.0,"enemies":"Cultist","floor":2.0,"turns":3.0},{"damage":0.0,"enemies":"2 Louse","floor":3.0,"turns":1.0},{"damage":7.0,"enemies":"2 Fungi Beasts","floor":6.0,"turns":4.0},{"damage":13.0,"enemies":"Lots of Slimes","floor":8.0,"turns":2.0},{"damage":0.0,"enemies":"Large Slime","floor":11.0,"turns":4.0},{"damage":9.0,"enemies":"Red Slaver","floor":12.0,"turns":2.0},{"damage":13.0,"enemies":"Looter","floor":14.0,"turns":3.0},{"damage":13.0,"enemies":"The Guardian","floor":16.0,"turns":10.0},{"damage":31.0,"enemies":"2 Thieves","floor":18.0,"turns":3.0},{"damage":13.0,"enemies":"Spheric Guardian","floor":21.0,"turns":4.0},{"damage":12.0,"enemies":"Slavers","floor":23.0,"turns":4.0},{"damage":12.0,"enemies":"Gremlin Leader","floor":25.0,"turns":8.0},{"damage":12,"enemies":"Cultist and Chosen","floor":27,"turns":6}],"seed_played":"-6940643040990240591","potions_obtained":[{"floor":1.0,"key":"Swift Potion"},{"floor":3.0,"key":"Fire Potion"},{"floor":8.0,"key":"DistilledChaos"},{"floor":18.0,"key":"EssenceOfDarkness"},{"floor":23.0,"key":"FearPotion"}],"is_trial":false,"path_per_floor":["M","M","M","$","?","M","R","M","T","R","M","M","?","M","R","B",null,"M","?","$","M","?","E","R","E","T","M"],"character_chosen":"DEFECT","items_purchased":["Apotheosis"],"campfire_rested":1,"item_purchase_floors":[20],"current_hp_per_floor":[37,36,36,36,36,29,29,16,16,16,16,7,24,11,11,3,54,23,23,23,10,10,3,13,16,16,4,4],"gold":197,"neow_bonus":"THREE_RARE_CARDS","is_daily":false,"chose_seed":false,"campfire_upgraded":3,"win_rate":0.0,"timestamp":1609957999,"path_taken":["M","M","M","$","?","?","R","?","T","R","M","M","?","M","R","BOSS","M","?","$","M","?","E","R","E","T","M"],"items_purchased_type":["Card"],"build_version":"2020-12-22","purchased_purges":1,"victory":false,"max_hp_per_floor":[71,71,71,71,71,71,71,71,71,71,71,71,71,71,71,71,71,71,71,71,71,35,35,35,35,35,35,35],"card_choices":[{"not_picked":["Biased Cognition","Multi-Cast"],"picked":"Electrodynamics","floor":0.0},{"not_picked":["Scrape","Cold Snap","Steam Power"],"picked":"SKIP","floor":1.0},{"not_picked":["Steam","Gash"],"picked":"Coolheaded","floor":2.0},{"not_picked":["Barrage","Beam Cell"],"picked":"Loop","floor":3.0},{"not_picked":["Tempest","Beam Cell"],"picked":"Ball Lightning","floor":6.0},{"not_picked":["Leap","Darkness"],"picked":"Force Field","floor":8.0},{"not_picked":["Steam Power","Melter"],"picked":"White Noise","floor":11.0},{"not_picked":["Ball Lightning","Go for the Eyes"],"picked":"Undo","floor":12.0},{"not_picked":["Doom and Gloom","BootSequence"],"picked":"Leap","floor":14.0},{"not_picked":["Echo Form","Reboot"],"picked":"Biased Cognition","floor":16.0},{"not_picked":["Doom and Gloom","Barrage"],"picked":"Capacitor","floor":18.0},{"not_picked":["Melter","Cold Snap"],"picked":"Go for the Eyes","floor":21.0},{"not_picked":["Force Field","Beam Cell"],"picked":"Self Repair+1","floor":23.0},{"not_picked":["Leap","Chaos","Steam"],"picked":"SKIP","floor":25.0}],"player_experience":823243,"relics_obtained":[{"floor":9.0,"key":"Toy Ornithopter"},{"floor":23.0,"key":"Darkstone Periapt"},{"floor":23.0,"key":"Bag of Marbles"},{"floor":25.0,"key":"MealTicket"},{"floor":25.0,"key":"Centennial Puzzle"},{"floor":26.0,"key":"DataDisk"}],"event_choices":[{"cards_removed":["Defend_B"],"damage_healed":0.0,"max_hp_gain":0.0,"max_hp_loss":0.0,"gold_gain":0.0,"event_name":"Purifier","player_choice":"Purged","floor":5.0,"gold_loss":0.0,"damage_taken":0.0},{"damage_healed":17.0,"max_hp_gain":0.0,"max_hp_loss":0.0,"gold_gain":0.0,"event_name":"The Cleric","player_choice":"Healed","floor":13.0,"gold_loss":35.0,"damage_taken":0.0},{"damage_healed":0.0,"max_hp_gain":0.0,"max_hp_loss":0.0,"gold_gain":0.0,"cards_transformed":["Strike_B","Defend_B"],"event_name":"Drug Dealer","player_choice":"Became Test Subject","floor":19.0,"gold_loss":0.0,"damage_taken":0.0,"cards_obtained":["Reprogram","Buffer"]},{"damage_healed":0.0,"max_hp_gain":0.0,"max_hp_loss":36.0,"gold_gain":0.0,"event_name":"Ghosts","player_choice":"Became a Ghost","floor":22.0,"gold_loss":0.0,"damage_taken":0.0,"cards_obtained":["Ghostly","Ghostly","Ghostly"]}],"is_beta":false,"boss_relics":[{"not_picked":["Cursed Key","Ectoplasm"],"picked":"Black Star"}],"items_purged_floors":[4],"is_endless":false,"potions_floor_spawned":[1,3,8,14,18,23],"killed_by":"Cultist and Chosen","ascension_level":20}}