{"host":"05vhm55ztg7fyvhd","time":1609950986,"event":{"mods":["BaseMod","Downfall","Googly Eyes","Hubris","Minty Spire (QoL Compilation)","Replay The Spire","Shop Mod","StSLib"],"gold_per_floor":[112,124,124,124,3,37,37,37,37,68,68,68,86,113,113,210,210,229,247,247,103,120,120,219,219,246,256,276,276,276,286,286,286,286],"floor_reached":33,"playtime":1387,"items_purged":[],"score":376,"play_id":"b2a00dbb-8b44-4ca6-8c8a-7ef8dd6278ed","local_time":"20210106173626","is_ascension_mode":true,"campfire_choices":[{"data":"Chaos","floor":11,"key":"SMITH"},{"data":"Double Energy","floor":15,"key":"SMITH"},{"data":"Tempest","floor":23,"key":"SMITH"},{"data":"Barrage","floor":25,"key":"SMITH"},{"data":"Barrage","floor":30,"key":"SMITH"},{"data":"hubris:SpecializedCircuitry","floor":32,"key":"SMITH"}],"circlet_count":0,"master_deck":["Strike_B","Strike_B","Strike_B","Strike_B","Defend_B","Defend_B","Defend_B","Zap","Dualcast","BasicCrystalCard+1","Sweeping Beam","Chaos+1","hubris:PowerSurge+1","FIFO Queue","Cold Snap","Double Energy+1","Barrage+1","hubris:DoWhile+1","Auto Shields+1","Barrage+1","Tempest+1","Glacier","Rebound+1","hubris:SpecializedCircuitry+1"],"relics":["Cracked Core","NeowsBlessing","Potion Belt","StrikeDummy","Kunai","Replay:Wax Seal","Bird Faced Urn","Oddly Smooth Stone","Sozu","hubris:Icosahedron","Guide Book","DataDisk","hubris:BottledHeart"],"acts_visited":["Exordium","TheCity"],"potions_floor_usage":[10,14,18],"damage_taken":[{"damage":0,"enemies":"2 Louse","floor":1,"turns":1},{"damage":0,"enemies":"Jaw Worm","floor":2,"turns":1},{"damage":0,"enemies":"Lagavulin","floor":6,"turns":1},{"damage":18,"enemies":"Gremlin Nob","floor":10,"turns":3},{"damage":0,"enemies":"Small Slimes","floor":13,"turns":2},{"damage":18,"enemies":"3 Sentries","floor":14,"turns":5},{"damage":8,"enemies":"The Guardian","floor":16,"turns":8},{"damage":12,"enemies":"Chosen","floor":18,"turns":4},{"damage":12,"enemies":"3 Byrds","floor":19,"turns":4},{"damage":0,"enemies":"Snake Plant","floor":22,"turns":6},{"damage":0,"enemies":"Shelled Parasite and Fungi","floor":27,"turns":3},{"damage":9,"enemies":"Snecko","floor":28,"turns":4},{"damage":0,"enemies":"Sentry and Sphere","floor":31,"turns":4},{"damage":21,"enemies":"Pondfish","floor":33,"turns":6}],"seed_played":"-6891805834599976259","potions_obtained":[{"floor":2,"key":"Explosive Potion"},{"floor":6,"key":"PotionOfCapacity"},{"floor":16,"key":"Reflective Coating"}],"is_trial":false,"path_per_floor":["M","M","?","?","$","E","$","?","T","E","R","T","M","E","R","B",null,"M","M","?","$","M","R","?","R","T","M","M","?","R","M","R","B"],"character_chosen":"DEFECT","items_purchased":["Chaos","hubris:PowerSurge","Guide Book"],"campfire_rested":0,"item_purchase_floors":[5,5,21],"current_hp_per_floor":[75,75,68,68,68,68,68,61,61,43,43,43,43,27,27,23,75,63,53,53,53,57,57,57,57,57,59,50,1,1,1,1,0,0],"gold":286,"neow_bonus":"THREE_ENEMY_KILL","is_daily":false,"chose_seed":false,"campfire_upgraded":6,"win_rate":0.0,"timestamp":1609950986,"path_taken":["M","M","?","?","$","E","?","?","T","E","R","?","M","E","R","BOSS","M","M","?","$","M","R","?","R","T","M","M","?","R","M","R","BOSS"],"items_purchased_type":["Card","Card","Relic"],"build_version":"2020-12-22","purchased_purges":0,"victory":false,"max_hp_per_floor":[75,75,75,75,75,75,75,75,75,75,75,75,75,75,75,75,75,75,75,75,75,75,75,75,75,75,75,75,1,1,1,1,1,1],"card_choices":[{"not_picked":["Barrage","ReplayTheSpireMod:Repulse"],"picked":"BasicCrystalCard","floor":1},{"not_picked":["Stack","Redo"],"picked":"Sweeping Beam","floor":2},{"not_picked":["Genetic Algorithm","Barrage"],"picked":"FIFO Queue","floor":6},{"not_picked":["Beam Cell","Sweeping Beam"],"picked":"Cold Snap","floor":10},{"not_picked":["Cold Snap","Go for the Eyes"],"picked":"Double Energy","floor":13},{"not_picked":["Stack","Lockon"],"picked":"Barrage","floor":14},{"not_picked":["ReplayRNGCard","All For One"],"picked":"hubris:DoWhile","floor":16},{"not_picked":["Gash","ReplayTheSpireMod:Repulse+1"],"picked":"Auto Shields+1","floor":18},{"not_picked":["Fusion","ReplayTheSpireMod:System Scan"],"picked":"Barrage","floor":19},{"not_picked":["Barrage","Sweeping Beam"],"picked":"Tempest","floor":22},{"not_picked":["Hologram","Compile Driver"],"picked":"Glacier","floor":27},{"not_picked":["Barrage","Gash"],"picked":"Rebound+1","floor":28},{"not_picked":["Leap","Scrape+1"],"picked":"hubris:SpecializedCircuitry","floor":31}],"player_experience":441395,"relics_obtained":[{"floor":6,"key":"StrikeDummy"},{"floor":9,"key":"Kunai"},{"floor":10,"key":"Replay:Wax Seal"},{"floor":12,"key":"Bird Faced Urn"},{"floor":14,"key":"Oddly Smooth Stone"},{"floor":26,"key":"DataDisk"}],"event_choices":[{"damage_healed":0,"gold_gain":0,"player_choice":"Success","damage_taken":7,"relics_obtained":["Potion Belt"],"max_hp_gain":0,"max_hp_loss":0,"event_name":"Scrap Ooze","floor":3,"gold_loss":0},{"cards_removed":["Defend_B"],"damage_healed":0,"gold_gain":0,"player_choice":"Card Removal","damage_taken":7,"max_hp_gain":0,"max_hp_loss":0,"event_name":"Golden Wing","floor":8,"gold_loss":0},{"damage_healed":0,"gold_gain":99,"player_choice":"Stole From Cult","damage_taken":0,"max_hp_gain":0,"max_hp_loss":0,"event_name":"Nest","floor":24,"gold_loss":0}],"is_beta":false,"boss_relics":[{"not_picked":["SlaversCollar","Replay:Wanted Poster"],"picked":"Sozu"}],"items_purged_floors":[],"is_endless":false,"potions_floor_spawned":[2,6,16,19,28],"killed_by":"Pondfish","ascension_level":4}}