{"host":"m113y2j4kbc0e5kb","time":1609932418,"event":{"mods":["BaseMod","Colored Powertips","Lobotomy","LobotomyExtend","Minty Spire (QoL Compilation)","StSLib"],"gold_per_floor":[218,218,236,59,73,73,105,125,125,141,141,209,220,240,240,338,338,353,369,388,388,460,460,460,460],"floor_reached":24,"playtime":2198,"items_purged":[],"score":275,"play_id":"b7f11392-3a4a-4928-a6a4-6ae94efaa4d1","local_time":"20210106202658","is_ascension_mode":false,"campfire_choices":[{"floor":11.0,"key":"REST"}],"circlet_count":0,"master_deck":["SpecialBullet","SpecialBullet","SpecialBullet","SpecialBullet","SpecialBullet","SpecialBullet","SpecialBullet","SpecialBullet","InformationCode","CentralCode","ExtractionCode","Spore","WristCuter+1","UniverseFragment","GrinderMk4","TheSmile","SilentOrchestra","Beak","WristCuter+1","OldLady","BlackSwan_ego","VoidDream","Adoration","Logging","GoldRush","Mimicry","BigBadWolf","Soda+1","Horn","QueenBee","Horn","Parasite"],"relics":["CogitoBucket","LetterFromLob","Potion Belt","Whetstone","BehaviorAdjustment","Cursed Key","AspirationHeart","Ornamental Fan","Heaven_r"],"acts_visited":["Exordium","TheCity"],"potions_floor_usage":[19,24],"damage_taken":[{"damage":11.0,"enemies":"Jaw Worm","floor":1.0,"turns":2.0},{"damage":0.0,"enemies":"Cultist","floor":3.0,"turns":2.0},{"damage":0.0,"enemies":"2 Louse","floor":5.0,"turns":2.0},{"damage":11.0,"enemies":"3 Sentries","floor":7.0,"turns":6.0},{"damage":13.0,"enemies":"Exordium Thugs","floor":8.0,"turns":5.0},{"damage":21.0,"enemies":"Looter","floor":10.0,"turns":8.0},{"damage":5.0,"enemies":"3 Louse","floor":13.0,"turns":2.0},{"damage":4.0,"enemies":"Blue Slaver","floor":14.0,"turns":3.0},{"damage":0,"enemies":"Slime Boss","floor":16,"turns":5},{"damage":10,"enemies":"Chosen","floor":18,"turns":3},{"damage":59,"enemies":"2 Thieves","floor":19,"turns":9},{"damage":13,"enemies":"3 Cultists","floor":20,"turns":4},{"damage":21,"enemies":"Centurion and Healer","floor":24,"turns":2}],"seed_played":"-4837892886271315914","potions_obtained":[{"floor":3.0,"key":"Dexterity Potion"},{"floor":5.0,"key":"AttackPotion"},{"floor":8.0,"key":"Weak Potion"},{"floor":13.0,"key":"Block Potion"},{"floor":16,"key":"LiquidMemories"},{"floor":18,"key":"BlessingOfTheForge"},{"floor":19,"key":"Explosive Potion"},{"floor":20,"key":"AttackPotion"}],"is_trial":false,"path_per_floor":["M","?","M","$","M","R","E","M","T","M","R","?","M","M","R","B",null,"M","M","M","?","T","R","M"],"character_chosen":"Angela","items_purchased":["GrinderMk4","TheSmile"],"campfire_rested":1,"item_purchase_floors":[4,4],"current_hp_per_floor":[59,59,59,59,59,59,48,35,35,18,40,40,39,35,35,35,78,72,30,21,21,21,21,0,0],"gold":460,"neow_bonus":"HUNDRED_GOLD","is_daily":false,"chose_seed":false,"campfire_upgraded":0,"win_rate":0.0,"timestamp":1609932418,"path_taken":["M","?","M","?","M","R","E","M","T","M","R","?","M","M","R","BOSS","M","M","M","?","?","R","M"],"items_purchased_type":["Card","Card"],"build_version":"2020-12-22","purchased_purges":0,"victory":false,"max_hp_per_floor":[70,70,70,70,70,70,70,70,70,74,74,74,78,78,78,78,78,82,92,96,96,96,96,96,96],"card_choices":[{"not_picked":["Bloodbath","MHz"],"picked":"GreedKing","floor":1.0},{"not_picked":["CUTE"],"picked":"Spore","floor":1.0},{"not_picked":["BeautyBeast","Murderer"],"picked":"UniverseFragment","floor":3.0},{"not_picked":["LifeForTheDareDevil","Gaze"],"picked":"SKIP","floor":3.0},{"not_picked":["Spore","Soda"],"picked":"SKIP","floor":5.0},{"not_picked":["OldLady","QueenBee"],"picked":"SilentOrchestra","floor":7.0},{"not_picked":["FourthMatchFlame"],"picked":"Beak","floor":7.0},{"not_picked":["Penitence","FourthMatchFlame"],"picked":"SKIP","floor":7.0},{"not_picked":["BloodyDesire"],"picked":"WristCuter","floor":8.0},{"not_picked":["Beak","Tough"],"picked":"SKIP","floor":8.0},{"not_picked":["LongBird","Scorched"],"picked":"OldLady","floor":10.0},{"not_picked":["SomewhereSpear"],"picked":"BlackSwan_ego","floor":10.0},{"not_picked":["SingingMachine","Murderer"],"picked":"VoidDream","floor":13.0},{"not_picked":["Diffraction"],"picked":"Adoration","floor":13.0},{"not_picked":["Wingbeat","Lantern"],"picked":"SKIP","floor":13.0},{"not_picked":["Tough"],"picked":"Logging","floor":14},{"not_picked":["SoundOfStar","Justitia"],"picked":"GoldRush","floor":16},{"not_picked":["WallGazer","OSAHOGD","MeltingLove"],"picked":"Singing Bowl","floor":16},{"not_picked":["Justitia","Pinks"],"picked":"Mimicry","floor":16},{"not_picked":["Bloodbath","GreedKing"],"picked":"BigBadWolf","floor":18},{"not_picked":["Loneliness","Heaven"],"picked":"Soda+1","floor":18},{"not_picked":["CherryBlossoms","Wellcheers","BigBird"],"picked":"Singing Bowl","floor":19},{"not_picked":["Wingbeat","Tough"],"picked":"Horn","floor":19},{"not_picked":["Noise","Soda+1","FeatherOfHonor"],"picked":"SKIP","floor":19},{"not_picked":["Yin","Freischutz"],"picked":"QueenBee","floor":20},{"not_picked":["Harmony","CrimsonScar"],"picked":"Horn","floor":20},{"not_picked":["Pleasure","Noise","RapturousDream+1"],"picked":"SKIP","floor":20}],"player_experience":1084159,"relics_obtained":[{"floor":1.0,"key":"LetterFromLob"},{"floor":7.0,"key":"Potion Belt"},{"floor":9.0,"key":"Whetstone"},{"floor":22,"key":"Ornamental Fan"}],"event_choices":[{"damage_healed":0.0,"max_hp_gain":0.0,"max_hp_loss":0.0,"gold_gain":0.0,"cards_transformed":["GreedKing"],"event_name":"Transmorgrifier","player_choice":"Transformed","floor":2.0,"gold_loss":0.0,"damage_taken":0.0,"cards_obtained":["WristCuter"]},{"damage_healed":0.0,"max_hp_gain":0.0,"max_hp_loss":0.0,"gold_gain":68.0,"event_name":"Golden Wing","player_choice":"Gained Gold","floor":12.0,"gold_loss":0.0,"damage_taken":0.0},{"damage_healed":0,"gold_gain":0,"player_choice":"Ignored","damage_taken":0,"max_hp_gain":0,"max_hp_loss":0,"event_name":"Vampires","floor":21,"gold_loss":0}],"is_beta":false,"boss_relics":[{"not_picked":["Sozu","Philosopher\u0027s Stone"],"picked":"Cursed Key"}],"items_purged_floors":[],"is_endless":false,"potions_floor_spawned":[3,5,8,13,16,18,19,20],"killed_by":"Centurion and Healer","ascension_level":0}}