{"host":"c6u7e77myxvw4d0m","time":1609966736,"event":{"mods":["AchievementEnabler","BaseMod","Colored Map","Colored Powertips","Minty Spire (QoL Compilation)","Rare Cards Sparkle","Relic Stats","everything is the same but u backflip on backflip"],"gold_per_floor":[113,113,132,146,163,163,163,195,195,195,206,219,2,13,13,118,118,129,147,147,147,166,200,200,218,268,283,283,283,300,328,328,425,425,437,437,448,448,137,163,173,184,184,184,41,41,67,87,87,87,87,87,10,41,41],"floor_reached":56,"playtime":4492,"items_purged":[],"score":1824,"play_id":"7cf61b91-e6a9-46c0-aa39-d401fc432bc3","local_time":"20210106225856","is_ascension_mode":true,"campfire_choices":[{"data":"Noxious Fumes","floor":6,"key":"SMITH"},{"data":"Neutralize","floor":15,"key":"SMITH"},{"data":"Wraith Form v2","floor":24,"key":"SMITH"},{"floor":28,"key":"REST"},{"floor":32,"key":"REST"},{"data":"Well Laid Plans","floor":44,"key":"SMITH"},{"floor":49,"key":"RECALL"},{"data":"PiercingWail","floor":52,"key":"SMITH"}],"circlet_count":0,"master_deck":["Strike_G+1","Strike_G+1","Defend_G+1","Defend_G+1","Defend_G+1","Defend_G+1","Defend_G+1","Survivor","Neutralize+1","Dodge and Roll","Dagger Spray+1","Noxious Fumes+1","Quick Slash","Acrobatics","Adrenaline+1","Bane","PiercingWail","Caltrops","Blur","Wraith Form v2+1","Catalyst+1","Bouncing Flask+1","Night Terror+1","Leg Sweep","Caltrops","Well Laid Plans+1","Quick Slash+1","Dash","Backstab","Sucker Punch+1","Bullet Time","Prepared","PiercingWail+1","Heel Hook+1","PiercingWail","Concentrate+1","Backflip+1"],"relics":["Busted Crown","Question Card","Bottled Tornado","Bronze Scales","Astrolabe","Pear","Mummified Hand","Bottled Flame","Centennial Puzzle","Coffee Dripper","The Specimen","Bird Faced Urn","Mercury Hourglass","Lee\u0027s Waffle","Thread and Needle","Anchor"],"acts_visited":["Exordium","TheCity","TheBeyond","TheEnding"],"potions_floor_usage":[16,31,55,55],"damage_taken":[{"damage":0,"enemies":"2 Louse","floor":1,"turns":3},{"damage":2,"enemies":"Cultist","floor":3,"turns":4},{"damage":0,"enemies":"Jaw Worm","floor":4,"turns":4},{"damage":0,"enemies":"Blue Slaver","floor":5,"turns":5},{"damage":34,"enemies":"Gremlin Nob","floor":8,"turns":5},{"damage":7,"enemies":"Exordium Wildlife","floor":11,"turns":4},{"damage":0,"enemies":"2 Fungi Beasts","floor":12,"turns":3},{"damage":4,"enemies":"Red Slaver","floor":14,"turns":3},{"damage":15,"enemies":"The Guardian","floor":16,"turns":10},{"damage":8,"enemies":"2 Thieves","floor":18,"turns":4},{"damage":0,"enemies":"Spheric Guardian","floor":19,"turns":3},{"damage":15,"enemies":"Centurion and Healer","floor":22,"turns":5},{"damage":0,"enemies":"Book of Stabbing","floor":23,"turns":6},{"damage":17,"enemies":"Cultist and Chosen","floor":25,"turns":5},{"damage":0,"enemies":"Chosen and Byrds","floor":27,"turns":4},{"damage":12,"enemies":"Snake Plant","floor":30,"turns":4},{"damage":20,"enemies":"Slavers","floor":31,"turns":3},{"damage":0,"enemies":"Champ","floor":33,"turns":6},{"damage":12,"enemies":"3 Shapes","floor":35,"turns":4},{"damage":6,"enemies":"Orb Walker","floor":37,"turns":4},{"damage":0,"enemies":"Nemesis","floor":40,"turns":7},{"damage":0,"enemies":"Writhing Mass","floor":41,"turns":5},{"damage":0,"enemies":"3 Darklings","floor":42,"turns":4},{"damage":13,"enemies":"Giant Head","floor":47,"turns":9},{"damage":3,"enemies":"Transient","floor":48,"turns":5},{"damage":10,"enemies":"Time Eater","floor":50,"turns":7},{"damage":41,"enemies":"Shield and Spear","floor":54,"turns":5},{"damage":30,"enemies":"The Heart","floor":55,"turns":7}],"seed_played":"-222520422795413018","potions_obtained":[{"floor":3,"key":"BlessingOfTheForge"},{"floor":12,"key":"FairyPotion"},{"floor":14,"key":"FairyPotion"},{"floor":16,"key":"Explosive Potion"},{"floor":37,"key":"PowerPotion"}],"is_trial":false,"path_per_floor":["M","?","M","M","M","R","?","E","T","?","M","M","$","M","R","B",null,"M","M","?","?","M","E","R","M","T","M","R","T","M","E","R","B",null,"M","?","M","?","$","E","M","M","T","R","$","?","E","M","R","B",null,"R","$","E","B",null],"character_chosen":"THE_SILENT","items_purchased":["Bronze Scales","Caltrops","The Specimen","Lee\u0027s Waffle","DuplicationPotion"],"campfire_rested":2,"item_purchase_floors":[13,13,39,45,53],"current_hp_per_floor":[63,63,61,61,61,61,61,27,27,27,20,20,20,16,16,1,53,45,45,55,55,40,40,40,23,23,23,47,47,35,15,39,39,70,58,58,52,52,52,52,60,64,64,64,87,87,78,83,83,83,86,86,86,52,32],"gold":41,"neow_bonus":"BOSS_RELIC","is_daily":false,"chose_seed":false,"campfire_upgraded":5,"win_rate":0.0,"timestamp":1609966736,"path_taken":["M","?","M","M","?","R","?","E","T","?","M","M","$","M","R","BOSS","M","M","?","?","M","E","R","M","T","M","R","?","M","E","R","BOSS","M","?","M","?","$","E","M","?","T","R","?","?","E","M","R","BOSS","R","$","E","BOSS"],"items_purchased_type":["Relic","Card","Relic","Relic","Potion"],"build_version":"2020-12-22","purchased_purges":0,"victory":true,"max_hp_per_floor":[70,70,70,70,70,70,70,70,70,70,70,70,70,70,70,70,70,70,70,80,80,80,80,80,80,80,80,80,80,80,80,80,80,80,80,80,80,80,80,80,80,80,80,80,87,87,87,87,87,87,87,87,87,87,87],"relic_stats":{"Centennial Puzzle":[21],"Lee\u0027s Waffle":23,"Busted Crown":52,"counters":[28,138],"Mummified Hand":[57],"Bronze Scales":[371],"Astrolabe":["Catalyst","Bouncing Flask","Night Terror"],"Bird Faced Urn":[51],"Question Card":21,"obtain_stats":[{"Lee\u0027s Waffle":45,"Pear":20,"The Specimen":39,"Astrolabe":17,"Thread and Needle":47,"Bottled Tornado":9,"Question Card":8,"Mercury Hourglass":43,"Bottled Flame":29,"Centennial Puzzle":31,"Anchor":54,"Busted Crown":0,"Mummified Hand":23,"Bronze Scales":13,"Bird Faced Urn":40,"Coffee Dripper":34,"Ring of the Snake":0},{"Lee\u0027s Waffle":23,"Pear":11,"The Specimen":20,"Astrolabe":9,"Thread and Needle":24,"Bottled Tornado":5,"Question Card":5,"Mercury Hourglass":23,"Bottled Flame":15,"Centennial Puzzle":17,"Anchor":27,"Busted Crown":0,"Mummified Hand":13,"Bronze Scales":7,"Bird Faced Urn":21,"Coffee Dripper":18,"Ring of the Snake":0},{"Lee\u0027s Waffle":105,"Pear":48,"The Specimen":89,"Astrolabe":41,"Thread and Needle":114,"Bottled Tornado":21,"Question Card":21,"Mercury Hourglass":105,"Bottled Flame":68,"Centennial Puzzle":75,"Anchor":131,"Busted Crown":0,"Mummified Hand":59,"Bronze Scales":28,"Bird Faced Urn":96,"Coffee Dripper":81,"Ring of the Snake":0}],"Mercury Hourglass":[90]},"card_choices":[{"not_picked":[],"picked":"Dodge and Roll","floor":1},{"not_picked":[],"picked":"Quick Slash","floor":3},{"not_picked":[],"picked":"Acrobatics","floor":4},{"not_picked":["Slice"],"picked":"SKIP","floor":5},{"not_picked":[],"picked":"Adrenaline","floor":8},{"not_picked":["Riddle With Holes"],"picked":"Bane","floor":11},{"not_picked":["Calculated Gamble"],"picked":"PiercingWail","floor":12},{"not_picked":["Underhanded Strike"],"picked":"Blur","floor":14},{"not_picked":["Envenom"],"picked":"Wraith Form v2","floor":16},{"not_picked":["Deflect"],"picked":"Leg Sweep","floor":18},{"not_picked":["Blade Dance+1"],"picked":"Caltrops","floor":19},{"not_picked":["Prepared"],"picked":"Well Laid Plans","floor":22},{"not_picked":["Acrobatics"],"picked":"Quick Slash+1","floor":23},{"not_picked":["Dagger Spray"],"picked":"Dash","floor":25},{"not_picked":["Leg Sweep"],"picked":"Backstab","floor":27},{"not_picked":["Leg Sweep","Dash+1"],"picked":"SKIP","floor":30},{"not_picked":["Masterful Stab"],"picked":"Sucker Punch+1","floor":31},{"not_picked":["Tools of the Trade"],"picked":"Bullet Time","floor":33},{"not_picked":["Flying Knee","Cloak And Dagger"],"picked":"SKIP","floor":35},{"not_picked":["Flechettes"],"picked":"Prepared","floor":37},{"not_picked":["Terror"],"picked":"PiercingWail","floor":40},{"not_picked":["Quick Slash+1"],"picked":"Heel Hook+1","floor":41},{"not_picked":["Masterful Stab+1"],"picked":"PiercingWail","floor":42},{"not_picked":["Endless Agony","Dodge and Roll"],"picked":"SKIP","floor":47},{"not_picked":["Masterful Stab+1"],"picked":"Concentrate+1","floor":48},{"not_picked":["Sucker Punch"],"picked":"Backflip+1","floor":54}],"player_experience":272512,"relics_obtained":[{"floor":8,"key":"Question Card"},{"floor":9,"key":"Bottled Tornado"},{"floor":23,"key":"Mummified Hand"},{"floor":29,"key":"Bottled Flame"},{"floor":31,"key":"Centennial Puzzle"},{"floor":40,"key":"Bird Faced Urn"},{"floor":43,"key":"Mercury Hourglass"},{"floor":47,"key":"Thread and Needle"},{"floor":54,"key":"Anchor"}],"event_choices":[{"damage_healed":0,"gold_gain":0,"player_choice":"2 cards matched","damage_taken":0,"max_hp_gain":0,"max_hp_loss":0,"event_name":"Match and Keep!","floor":2,"gold_loss":0,"cards_obtained":["Dagger Spray","Noxious Fumes"]},{"damage_healed":0,"gold_gain":0,"player_choice":"Grow","damage_taken":0,"max_hp_gain":0,"max_hp_loss":0,"event_name":"Living Wall","floor":7,"gold_loss":0,"cards_upgraded":["Dagger Spray"]},{"damage_healed":0,"gold_gain":0,"player_choice":"Ignored","damage_taken":0,"max_hp_gain":0,"max_hp_loss":0,"event_name":"Golden Wing","floor":10,"gold_loss":0},{"damage_healed":0,"gold_gain":0,"player_choice":"Opened","damage_taken":0,"relics_obtained":["Pear"],"max_hp_gain":0,"max_hp_loss":0,"event_name":"The Mausoleum","floor":20,"gold_loss":0},{"damage_healed":0,"gold_gain":0,"player_choice":"Simplicity","damage_taken":0,"max_hp_gain":0,"max_hp_loss":0,"event_name":"Back to Basics","floor":21,"gold_loss":0,"cards_upgraded":["Strike_G","Strike_G","Defend_G","Defend_G","Defend_G","Defend_G","Defend_G"]},{"damage_healed":0,"gold_gain":0,"player_choice":"Ignored","damage_taken":0,"max_hp_gain":0,"max_hp_loss":0,"event_name":"Tomb of Lord Red Mask","floor":36,"gold_loss":0},{"damage_healed":0,"gold_gain":0,"player_choice":"Upgraded","damage_taken":0,"max_hp_gain":0,"max_hp_loss":0,"event_name":"Upgrade Shrine","floor":38,"gold_loss":0,"cards_upgraded":["Adrenaline"]},{"damage_healed":0,"gold_gain":0,"player_choice":"Ignored","damage_taken":0,"max_hp_gain":0,"max_hp_loss":0,"event_name":"SecretPortal","floor":46,"gold_loss":0}],"is_beta":false,"boss_relics":[{"not_picked":["Empty Cage","Sozu"],"picked":"Astrolabe"},{"not_picked":["SacredBark","Fusion Hammer"],"picked":"Coffee Dripper"}],"items_purged_floors":[],"is_endless":false,"potions_floor_spawned":[3,12,14,16,19,25,27,30,37,47,48],"ascension_level":9}}