{"host":"zig6x0mxqzam82fb","time":1609891837,"event":{"mods":["BaseMod","Block Reminder","Colored Map","Colored Powertips","Marisa????????","Minty Spire (QoL Compilation)","Relic Stats","StSLib","The Cursed","The Marked","Waifu the Spire"],"gold_per_floor":[117,127,146,146,158,191,191,206,206,222,222,232,42,60,60,136,136,146,162,190,190,190],"floor_reached":21,"playtime":1580,"items_purged":["Defend_B"],"score":305,"play_id":"d2d9e2ec-8629-4d60-a2b0-4246a750769a","local_time":"20210105191037","is_ascension_mode":true,"campfire_choices":[{"data":"Reprogram","floor":7,"key":"SMITH"},{"data":"Streamline","floor":11,"key":"SMITH"},{"floor":15,"key":"REST"}],"circlet_count":0,"master_deck":["AscendersBane","Zap","Dualcast","Buffer+1","Reprogram+1","Cold Snap","Conserve Battery","Undo","Leap","Sweeping Beam","Streamline+1","Sweeping Beam","Fission","Coolheaded","Seek","Reinforced Body","Hologram","Buffer","Steam Power","Reboot","Self Repair","Core Surge","Reprogram","Hologram+1","Gash"],"relics":["Cracked Core","Ice Cream","The Courier","Pandora\u0027s Box","Red Mask"],"acts_visited":["Exordium","TheCity"],"potions_floor_usage":[20,21],"damage_taken":[{"damage":0,"enemies":"Small Slimes","floor":1,"turns":4},{"damage":2,"enemies":"Cultist","floor":2,"turns":5},{"damage":1,"enemies":"2 Louse","floor":3,"turns":3},{"damage":8,"enemies":"2 Fungi Beasts","floor":5,"turns":4},{"damage":11,"enemies":"Gremlin Nob","floor":6,"turns":5},{"damage":0,"enemies":"Large Slime","floor":8,"turns":8},{"damage":5,"enemies":"Exordium Wildlife","floor":10,"turns":6},{"damage":13,"enemies":"Red Slaver","floor":12,"turns":4},{"damage":0,"enemies":"Looter","floor":14,"turns":3},{"damage":7,"enemies":"The Guardian","floor":16,"turns":13},{"damage":18,"enemies":"3 Byrds","floor":18,"turns":6},{"damage":2,"enemies":"Shell Parasite","floor":19,"turns":11},{"damage":49,"enemies":"Masked Bandits","floor":20,"turns":8},{"damage":54,"enemies":"3 Cultists","floor":21,"turns":6}],"seed_played":"7718336073199612405","potions_obtained":[{"floor":1,"key":"SteroidPotion"},{"floor":5,"key":"FocusPotion"},{"floor":6,"key":"FairyPotion"},{"floor":16,"key":"Regen Potion"},{"floor":20,"key":"Energy Potion"}],"is_trial":false,"path_per_floor":["M","M","M","?","M","E","R","M","T","M","R","M","$","M","R","B",null,"M","M","?","M"],"character_chosen":"DEFECT","items_purchased":["Fission"],"campfire_rested":1,"item_purchase_floors":[13],"current_hp_per_floor":[68,66,65,65,57,46,46,46,46,41,41,28,28,28,48,41,61,50,55,28,0,0],"gold":190,"neow_bonus":"THREE_RARE_CARDS","is_daily":false,"chose_seed":false,"campfire_upgraded":2,"win_rate":0.0,"timestamp":1609891837,"path_taken":["M","M","M","?","M","E","R","?","T","M","R","M","$","M","R","BOSS","M","M","?","M"],"items_purchased_type":["Card"],"build_version":"2020-12-22","purchased_purges":1,"victory":false,"max_hp_per_floor":[68,68,68,68,68,68,68,68,68,68,68,68,68,68,68,68,68,68,68,68,68,68],"relic_stats":{"counters":[14,86],"Pandora\u0027s Box":["Reinforced Body","Hologram","Buffer","Steam Power","Reboot","Self Repair","Core Surge"],"obtain_stats":[{"Ice Cream":6,"Pandora\u0027s Box":17,"The Courier":9,"Red Mask":20,"Cracked Core":0},{"Ice Cream":5,"Pandora\u0027s Box":10,"The Courier":6,"Red Mask":13,"Cracked Core":0},{"Ice Cream":21,"Pandora\u0027s Box":55,"The Courier":29,"Red Mask":80,"Cracked Core":0}]},"card_choices":[{"not_picked":["Reboot","Meteor Strike"],"picked":"Buffer","floor":0},{"not_picked":["Hologram","Redo"],"picked":"Reprogram","floor":1},{"not_picked":["Conserve Battery","Turbo"],"picked":"Cold Snap","floor":2},{"not_picked":["Streamline","Rip and Tear"],"picked":"Conserve Battery","floor":3},{"not_picked":["Force Field","Reinforced Body"],"picked":"Undo","floor":5},{"not_picked":["Biased Cognition","Redo"],"picked":"Leap","floor":6},{"not_picked":["Beam Cell","Leap"],"picked":"Sweeping Beam","floor":8},{"not_picked":["Leap","Sweeping Beam"],"picked":"Streamline","floor":10},{"not_picked":["Coolheaded","Fusion"],"picked":"Sweeping Beam","floor":12},{"not_picked":["Gash","Chill"],"picked":"Coolheaded","floor":14},{"not_picked":["Thunder Strike","Electrodynamics"],"picked":"Seek","floor":16},{"not_picked":["Chaos","Lockon"],"picked":"Reprogram","floor":18},{"not_picked":["Coolheaded","Blizzard+1"],"picked":"Hologram+1","floor":19},{"not_picked":["Storm","Force Field"],"picked":"Gash","floor":20}],"player_experience":446007,"relics_obtained":[{"floor":6,"key":"Ice Cream"},{"floor":9,"key":"The Courier"},{"floor":20,"key":"Red Mask"}],"event_choices":[{"damage_healed":0,"gold_gain":0,"player_choice":"Upgraded","damage_taken":0,"max_hp_gain":0,"max_hp_loss":0,"event_name":"Upgrade Shrine","floor":4,"gold_loss":0,"cards_upgraded":["Buffer"]},{"damage_healed":0,"gold_gain":0,"player_choice":"Fought Bandits","damage_taken":0,"max_hp_gain":0,"max_hp_loss":0,"event_name":"Masked Bandits","floor":20,"gold_loss":0}],"is_beta":false,"boss_relics":[{"not_picked":["Snecko Eye","SacredBark"],"picked":"Pandora\u0027s Box"}],"items_purged_floors":[13],"is_endless":false,"potions_floor_spawned":[1,5,6,14,16,18,20],"killed_by":"3 Cultists","ascension_level":13}}