{"host":"s41rn2jhghpwfrvz","time":1609913299,"event":{"mods":["BaseMod","Minty Spire (QoL Compilation)","Quick Restart","Relic Stats","SuperFastMode"],"gold_per_floor":[110,185,185,201,201,201,233,233,233,248,261,281,312,332,332,409,409,419,344,356,356,371,400,400,431,477,489,557,472,497,512,512,591,591,602,502,502,191,205,230,249,282,282,132,158,175,175,195,195,195,195,195,195,55,86,86],"floor_reached":57,"playtime":2119,"items_purged":["Armaments+1","Steam","PiercingWail","Coolheaded","Quick Slash"],"score":3939,"play_id":"f630101c-a7d2-4cd6-831e-436cc0a40424","local_time":"20210106080819","daily_mods":["SealedDeck","Diverse","DeadlyEvents"],"is_ascension_mode":true,"campfire_choices":[{"data":"Body Slam","floor":6,"key":"SMITH"},{"data":"Barricade","floor":8,"key":"SMITH"},{"data":"Slice","floor":15,"key":"PURGE"},{"data":"Prostrate","floor":24,"key":"SMITH"},{"data":"Steam","floor":32,"key":"PURGE"},{"floor":49,"key":"RECALL"},{"data":"Dark Embrace","floor":53,"key":"SMITH"}],"circlet_count":0,"master_deck":["AscendersBane","Acrobatics+1","Body Slam+1","Expertise","Barricade+1","Prostrate+1","Shrug It Off+1","Turbo+1","Venomology+1","Finesse+1","Madness+1","Good Instincts+1","Deep Breath+1","Dark Embrace+1","Recycle+1"],"relics":["Burning Blood","Unceasing Top","Matryoshka","Vajra","Peace Pipe","War Paint","Coffee Dripper","Ginger","Red Skull","Meat on the Bone","Omamori","Anchor","Darkstone Periapt","Toxic Egg 2","Runic Dome","Eternal Feather","Pear","The Courier","Sundial"],"acts_visited":["Exordium","TheCity","TheBeyond","TheEnding"],"potions_floor_usage":[13,16,27,28,28,39,56,56],"damage_taken":[{"damage":0,"enemies":"Small Slimes","floor":1,"turns":3},{"damage":0,"enemies":"Jaw Worm","floor":4,"turns":2},{"damage":0,"enemies":"Lagavulin","floor":7,"turns":5},{"damage":0,"enemies":"2 Louse","floor":10,"turns":3},{"damage":9,"enemies":"Large Slime","floor":11,"turns":6},{"damage":2,"enemies":"Lots of Slimes","floor":12,"turns":4},{"damage":0,"enemies":"Gremlin Nob","floor":13,"turns":3},{"damage":1,"enemies":"Looter","floor":14,"turns":3},{"damage":0,"enemies":"Slime Boss","floor":16,"turns":9},{"damage":0,"enemies":"2 Thieves","floor":18,"turns":3},{"damage":0,"enemies":"3 Byrds","floor":20,"turns":4},{"damage":0,"enemies":"Snake Plant","floor":22,"turns":3},{"damage":0,"enemies":"Gremlin Leader","floor":23,"turns":3},{"damage":0,"enemies":"Book of Stabbing","floor":25,"turns":3},{"damage":0,"enemies":"3 Cultists","floor":27,"turns":3},{"damage":0,"enemies":"Slavers","floor":28,"turns":4},{"damage":0,"enemies":"Book of Stabbing","floor":30,"turns":4},{"damage":0,"enemies":"Snecko","floor":31,"turns":5},{"damage":0,"enemies":"Automaton","floor":33,"turns":3},{"damage":0,"enemies":"3 Darklings","floor":35,"turns":3},{"damage":0,"enemies":"Orb Walker","floor":39,"turns":2},{"damage":0,"enemies":"Giant Head","floor":40,"turns":2},{"damage":0,"enemies":"Maw","floor":41,"turns":2},{"damage":0,"enemies":"Nemesis","floor":42,"turns":3},{"damage":0,"enemies":"Reptomancer","floor":45,"turns":2},{"damage":0,"enemies":"4 Shapes","floor":46,"turns":2},{"damage":0,"enemies":"Transient","floor":48,"turns":2},{"damage":1,"enemies":"Awakened One","floor":50,"turns":3},{"damage":0,"enemies":"Time Eater","floor":51,"turns":5},{"damage":0,"enemies":"Shield and Spear","floor":55,"turns":3},{"damage":0,"enemies":"The Heart","floor":56,"turns":5}],"seed_played":"1581063971316970902","potions_obtained":[{"floor":4,"key":"CultistPotion"},{"floor":10,"key":"FearPotion"},{"floor":14,"key":"ColorlessPotion"},{"floor":20,"key":"Fruit Juice"},{"floor":27,"key":"Block Potion"},{"floor":28,"key":"SmokeBomb"},{"floor":33,"key":"Explosive Potion"}],"is_trial":true,"path_per_floor":["M","?","?","M","T","R","E","R","T","M","M","M","E","M","R","B",null,"M","$","M","?","M","E","R","E","T","M","E","?","E","M","R","B",null,"M","$","?","$","M","E","M","E","T","$","E","M","T","M","R","B","B",null,"R","$","E","B",null],"character_chosen":"IRONCLAD","items_purchased":["Deep Breath+1","Dark Embrace"],"campfire_rested":0,"item_purchase_floors":[38,38],"current_hp_per_floor":[74,63,68,74,74,74,80,80,80,80,77,80,80,80,80,80,80,80,80,80,80,80,80,80,80,80,85,85,85,85,85,85,85,85,85,85,75,75,81,85,85,85,85,85,95,95,95,95,95,95,95,95,95,95,95,95],"gold":86,"neow_bonus":"","is_daily":false,"chose_seed":false,"campfire_upgraded":4,"win_rate":0.0,"timestamp":1609913299,"path_taken":["M","?","?","M","?","R","E","R","T","?","M","M","E","M","R","BOSS","M","$","M","?","M","E","R","E","T","M","E","?","E","?","R","BOSS","M","?","?","$","?","E","M","E","T","$","E","M","?","M","R","BOSS","BOSS","R","$","E","BOSS"],"items_purchased_type":["Card","Card"],"build_version":"2020-12-22","purchased_purges":5,"victory":true,"max_hp_per_floor":[75,75,80,80,80,80,80,80,80,80,80,80,80,80,80,80,80,80,80,80,80,80,80,80,80,80,85,85,85,85,85,85,85,85,85,85,85,85,85,85,85,85,85,85,95,95,95,95,95,95,95,95,95,95,95,95],"relic_stats":{"Peace Pipe":2,"Darkstone Periapt":0,"counters":[31,107],"Sundial":[12],"Eternal Feather":0,"Ginger":[13],"War Paint":["Acrobatics","Armaments"],"obtain_stats":[{"Darkstone Periapt":29,"Pear":45,"Vajra":9,"Eternal Feather":40,"The Courier":47,"Omamori":26,"Ginger":23,"War Paint":13,"Burning Blood":0,"Peace Pipe":9,"Runic Dome":34,"Anchor":28,"Matryoshka":7,"Sundial":55,"Coffee Dripper":17,"Toxic Egg 2":30,"Unceasing Top":5,"Red Skull":25,"Meat on the Bone":26},{"Darkstone Periapt":16,"Pear":25,"Vajra":3,"Eternal Feather":22,"The Courier":26,"Omamori":14,"Ginger":13,"War Paint":7,"Burning Blood":0,"Peace Pipe":3,"Runic Dome":19,"Anchor":16,"Matryoshka":3,"Sundial":30,"Coffee Dripper":9,"Toxic Egg 2":17,"Unceasing Top":2,"Red Skull":14,"Meat on the Bone":14},{"Darkstone Periapt":61,"Pear":87,"Vajra":10,"Eternal Feather":80,"The Courier":89,"Omamori":54,"Ginger":51,"War Paint":26,"Burning Blood":0,"Peace Pipe":10,"Runic Dome":73,"Anchor":61,"Matryoshka":10,"Sundial":102,"Coffee Dripper":38,"Toxic Egg 2":65,"Unceasing Top":5,"Red Skull":54,"Meat on the Bone":54}],"Burning Blood":41,"Unceasing Top":[10],"Meat on the Bone":0},"card_choices":[{"not_picked":["Perfected Strike","Cold Snap","Fasting2"],"picked":"SKIP","floor":1},{"not_picked":["Turbo","Steam"],"picked":"Expertise","floor":4},{"not_picked":["PiercingWail","Headbutt"],"picked":"Barricade","floor":7},{"not_picked":["Cloak And Dagger","Heavy Blade"],"picked":"Prostrate","floor":10},{"not_picked":["Warcry","Body Slam","Blade Dance"],"picked":"SKIP","floor":11},{"not_picked":["Phantasmal Killer","Leg Sweep","Deflect"],"picked":"SKIP","floor":12},{"not_picked":["Auto Shields","Evaluate","ClearTheMind"],"picked":"SKIP","floor":13},{"not_picked":["Power Through","Reinforced Body","Battle Trance"],"picked":"SKIP","floor":14},{"not_picked":["Iron Wave","Blade Dance","Evaluate"],"picked":"SKIP","floor":18},{"not_picked":["Headbutt","Self Repair","Perfected Strike"],"picked":"SKIP","floor":20},{"not_picked":["Alpha","Crescendo","Aggregate+1"],"picked":"SKIP","floor":22},{"not_picked":["Concentrate+1","Halt+1","Redo"],"picked":"SKIP","floor":23},{"not_picked":["Cleave+1","Clothesline"],"picked":"Shrug It Off+1","floor":25},{"not_picked":["Consecrate","Dash","Phantasmal Killer"],"picked":"SKIP","floor":27},{"not_picked":["Body Slam","Compile Driver","Searing Blow"],"picked":"SKIP","floor":28},{"not_picked":["DeusExMachina+1","Perfected Strike","Flame Barrier+1"],"picked":"SKIP","floor":30},{"not_picked":["DeceiveReality+1","Outmaneuver+1"],"picked":"Turbo+1","floor":31},{"not_picked":["Brilliance","SpiritShield+1"],"picked":"Venomology+1","floor":33},{"not_picked":["Capacitor","ClearTheMind+1","Quick Slash"],"picked":"SKIP","floor":35},{"not_picked":["Flash of Steel","Trip+1"],"picked":"Finesse+1","floor":37},{"not_picked":["Discovery+1","Dark Shackles+1"],"picked":"Madness+1","floor":37},{"not_picked":["The Bomb+1","Forethought+1"],"picked":"Good Instincts+1","floor":37},{"not_picked":["Headbutt","Vengeance+1","Sunder"],"picked":"SKIP","floor":39},{"not_picked":["Poisoned Stab+1","Streamline"],"picked":"Recycle+1","floor":40},{"not_picked":["ThirdEye+1","Consume+1","Shrug It Off+1"],"picked":"SKIP","floor":41},{"not_picked":["Acrobatics+1","Halt+1","Prostrate+1"],"picked":"SKIP","floor":42},{"not_picked":["Flex+1","Havoc+1","Blizzard"],"picked":"SKIP","floor":45},{"not_picked":["Crescendo+1","Blur+1","Sweeping Beam"],"picked":"SKIP","floor":46},{"not_picked":["Stack+1","Dash+1","Gash"],"picked":"SKIP","floor":48},{"not_picked":["Accuracy+1","Ball Lightning","Phantasmal Killer+1"],"picked":"SKIP","floor":55}],"player_experience":1654380,"relics_obtained":[{"floor":5,"key":"Unceasing Top"},{"floor":7,"key":"Matryoshka"},{"floor":9,"key":"Vajra"},{"floor":9,"key":"Peace Pipe"},{"floor":13,"key":"War Paint"},{"floor":23,"key":"Ginger"},{"floor":25,"key":"Red Skull"},{"floor":26,"key":"Meat on the Bone"},{"floor":26,"key":"Omamori"},{"floor":28,"key":"Anchor"},{"floor":30,"key":"Toxic Egg 2"},{"floor":40,"key":"Eternal Feather"},{"floor":45,"key":"Pear"},{"floor":47,"key":"The Courier"},{"floor":55,"key":"Sundial"}],"event_choices":[{"damage_healed":0,"gold_gain":75,"player_choice":"Gather Gold","damage_taken":11,"max_hp_gain":0,"max_hp_loss":0,"event_name":"World of Goop","floor":2,"gold_loss":0},{"damage_healed":0,"gold_gain":0,"player_choice":"Donut","damage_taken":0,"max_hp_gain":5,"max_hp_loss":0,"event_name":"Big Fish","floor":3,"gold_loss":0},{"cards_removed":["Prepared"],"damage_healed":0,"gold_gain":0,"player_choice":"Elegance","damage_taken":0,"max_hp_gain":0,"max_hp_loss":0,"event_name":"Back to Basics","floor":21,"gold_loss":0},{"damage_healed":0,"gold_gain":0,"player_choice":"Obtained Relic","damage_taken":0,"relics_obtained":["Darkstone Periapt"],"max_hp_gain":0,"max_hp_loss":0,"event_name":"Addict","floor":29,"gold_loss":85},{"damage_healed":0,"gold_gain":0,"player_choice":"Memory 3","damage_taken":10,"max_hp_gain":0,"max_hp_loss":0,"event_name":"SensoryStone","floor":37,"gold_loss":0}],"is_beta":false,"boss_relics":[{"not_picked":["SacredBark","SlaversCollar"],"picked":"Coffee Dripper"},{"not_picked":["Tiny House","Mark of Pain"],"picked":"Runic Dome"}],"items_purged_floors":[19,36,38,44,54],"is_endless":false,"potions_floor_spawned":[4,10,14,20,27,28,33,40,41,45,46],"ascension_level":20}}