{"host":"a5lz0e76zb3fcwkm","time":1609930009,"event":{"mods":["AchievementEnabler","BaseMod","Colored Map","Colored Powertips","Minty Spire (QoL Compilation)","StSLib","SuperFastMode"],"gold_per_floor":[119,137,25,39,39,39,39,39,86,86,86,103,115,143,143,220,220,236,596,648,648,648,677,694,714,714,287,287,212,212,230,230,301,301,316,341,341,341,351,380,395,408,408,408,433,433,433,446,446,446,446],"floor_reached":50,"playtime":2160,"items_purged":["Doubt","Strike_G"],"score":1086,"play_id":"8badd88c-176c-4471-a2e7-904ff7a09bbe","local_time":"20210106194649","is_ascension_mode":true,"campfire_choices":[{"data":"Accuracy","floor":6.0,"key":"SMITH"},{"data":"Blade Dance","floor":8.0,"key":"SMITH"},{"data":"Noxious Fumes","floor":11.0,"key":"SMITH"},{"data":"Well Laid Plans","floor":15.0,"key":"SMITH"},{"data":"Adrenaline","floor":28.0,"key":"SMITH"},{"data":"Calculated Gamble","floor":32.0,"key":"SMITH"},{"floor":44,"key":"RECALL"},{"floor":47,"key":"REST"},{"floor":49,"key":"REST"}],"circlet_count":0,"master_deck":["AscendersBane","Strike_G","Defend_G","Defend_G","Defend_G","Defend_G","Survivor","Neutralize","Blade Dance+1","Well Laid Plans+1","Accuracy+1","Noxious Fumes+1","Backstab","Finisher","Corpse Explosion","Adrenaline+1","Blade Dance+1","Infinite Blades","Calculated Gamble+1","Blade Dance+1","Wraith Form v2","PiercingWail+1","Backflip+1","Footwork","Blur"],"relics":["Ring of the Snake","TungstenRod","Juzu Bracelet","Vajra","Empty Cage","Toy Ornithopter","Pantograph","Potion Belt","Strawberry","Fusion Hammer","Turnip","Darkstone Periapt","White Beast Statue","Ninja Scroll"],"acts_visited":["Exordium","TheCity","TheBeyond"],"potions_floor_usage":[42,45,50,50,50,50],"damage_taken":[{"damage":0.0,"enemies":"Cultist","floor":1.0,"turns":4.0},{"damage":0.0,"enemies":"2 Louse","floor":2.0,"turns":3.0},{"damage":0.0,"enemies":"Jaw Worm","floor":4.0,"turns":6.0},{"damage":0.0,"enemies":"Looter","floor":12.0,"turns":1.0},{"damage":6.0,"enemies":"Gremlin Gang","floor":13.0,"turns":4.0},{"damage":13.0,"enemies":"3 Sentries","floor":14.0,"turns":7.0},{"damage":19.0,"enemies":"Slime Boss","floor":16.0,"turns":5.0},{"damage":5.0,"enemies":"Spheric Guardian","floor":18.0,"turns":3.0},{"damage":27.0,"enemies":"Book of Stabbing","floor":23.0,"turns":4.0},{"damage":0.0,"enemies":"Chosen","floor":24.0,"turns":1.0},{"damage":0.0,"enemies":"Snake Plant","floor":25.0,"turns":1.0},{"damage":15.0,"enemies":"Shelled Parasite and Fungi","floor":31.0,"turns":2.0},{"damage":26.0,"enemies":"Automaton","floor":33.0,"turns":6.0},{"damage":6.0,"enemies":"3 Darklings","floor":35.0,"turns":2.0},{"damage":0.0,"enemies":"Mind Bloom Boss Battle","floor":36.0,"turns":3.0},{"damage":5.0,"enemies":"Orb Walker","floor":39.0,"turns":2.0},{"damage":17.0,"enemies":"Reptomancer","floor":40.0,"turns":4.0},{"damage":0.0,"enemies":"Transient","floor":41.0,"turns":6.0},{"damage":17,"enemies":"Writhing Mass","floor":42,"turns":6},{"damage":43,"enemies":"Nemesis","floor":45,"turns":6},{"damage":11,"enemies":"Jaw Worm Horde","floor":48,"turns":3},{"damage":79,"enemies":"Awakened One","floor":50,"turns":6}],"seed_played":"776116880358534981","potions_obtained":[{"floor":12.0,"key":"Poison Potion"},{"floor":16.0,"key":"GamblersBrew"},{"floor":25.0,"key":"Energy Potion"},{"floor":33.0,"key":"Regen Potion"},{"floor":35.0,"key":"Energy Potion"},{"floor":39.0,"key":"Fruit Juice"},{"floor":40.0,"key":"DuplicationPotion"},{"floor":45,"key":"AttackPotion"},{"floor":46,"key":"Explosive Potion"},{"floor":46,"key":"FearPotion"},{"floor":48,"key":"Strength Potion"}],"is_trial":false,"path_per_floor":["M","M","$","M","?","R","?","R","T","?","R","M","M","E","R","B",null,"M","?","T","?","?","E","M","M","T","$","R","?","?","M","R","B",null,"M","?","?","?","M","E","M","M","T","R","E","?","R","M","R","B"],"character_chosen":"THE_SILENT","items_purchased":["Accuracy","Potion Belt","Strawberry"],"campfire_rested":2,"item_purchase_floors":[3,27,27],"current_hp_per_floor":[59,59,59,59,59,59,59,59,59,59,59,59,53,40,40,21,55,50,19,19,19,66,39,39,39,39,46,46,46,46,31,31,30,62,56,73,69,69,64,57,74,62,62,62,24,24,46,35,57,0,0],"gold":446,"neow_bonus":"ONE_RARE_RELIC","is_daily":false,"chose_seed":false,"campfire_upgraded":6,"win_rate":0.0,"timestamp":1609930009,"path_taken":["M","M","$","?","?","R","?","R","T","?","R","M","M","E","R","BOSS","M","?","?","?","?","E","M","M","T","$","R","?","?","M","R","BOSS","M","?","?","?","M","E","M","M","T","R","E","?","R","M","R","BOSS"],"items_purchased_type":["Card","Relic","Relic"],"build_version":"2020-12-22","purchased_purges":2,"victory":false,"max_hp_per_floor":[66,66,66,66,66,66,66,66,66,66,66,66,66,66,66,66,66,66,66,66,66,66,66,66,66,66,73,73,73,73,73,73,73,73,73,73,69,69,69,74,74,74,74,74,74,74,74,74,74,74,74],"card_choices":[{"not_picked":["Slice","Blur"],"picked":"Blade Dance","floor":1.0},{"not_picked":["Quick Slash","Riddle With Holes"],"picked":"Well Laid Plans","floor":2.0},{"not_picked":["Masterful Stab","Underhanded Strike"],"picked":"Noxious Fumes","floor":4.0},{"not_picked":["Choke","Backstab"],"picked":"Finisher","floor":12.0},{"not_picked":["Poisoned Stab","Quick Slash","Riddle With Holes"],"picked":"SKIP","floor":13.0},{"not_picked":["Masterful Stab","Choke"],"picked":"Corpse Explosion","floor":14.0},{"not_picked":["After Image","Glass Knife"],"picked":"Adrenaline","floor":16.0},{"not_picked":["Backflip","Choke"],"picked":"Blade Dance+1","floor":18.0},{"not_picked":["Acrobatics+1","Deflect"],"picked":"Infinite Blades","floor":23.0},{"not_picked":["Catalyst","Underhanded Strike","Dash"],"picked":"SKIP","floor":24.0},{"not_picked":["Caltrops+1","Deadly Poison"],"picked":"Calculated Gamble","floor":25.0},{"not_picked":["Dagger Spray","Prepared"],"picked":"Blade Dance+1","floor":31.0},{"not_picked":["Night Terror","Storm of Steel"],"picked":"Wraith Form v2","floor":33.0},{"not_picked":["Dash","Cloak And Dagger"],"picked":"PiercingWail+1","floor":35.0},{"not_picked":["Crippling Poison","All Out Attack+1"],"picked":"Backflip+1","floor":39.0},{"not_picked":["Expertise","Dagger Spray+1","Heel Hook"],"picked":"SKIP","floor":40.0},{"not_picked":["Accuracy+1","Outmaneuver"],"picked":"Footwork","floor":41.0},{"not_picked":["Deadly Poison+1","Blade Dance+1","Dagger Throw"],"picked":"SKIP","floor":42},{"not_picked":["Dash","Reflex+1","Bullet Time"],"picked":"SKIP","floor":45},{"not_picked":["Backflip","Bane+1"],"picked":"Blur","floor":48}],"player_experience":1685526,"relics_obtained":[{"floor":9.0,"key":"Juzu Bracelet"},{"floor":14.0,"key":"Vajra"},{"floor":20.0,"key":"Toy Ornithopter"},{"floor":23.0,"key":"Pantograph"},{"floor":36.0,"key":"Turnip"},{"floor":40.0,"key":"Darkstone Periapt"},{"floor":43,"key":"White Beast Statue"},{"floor":45,"key":"Ninja Scroll"}],"event_choices":[{"damage_healed":0.0,"max_hp_gain":0.0,"max_hp_loss":0.0,"gold_gain":0.0,"event_name":"The Cleric","player_choice":"Leave","floor":5.0,"gold_loss":0.0,"damage_taken":0.0},{"damage_healed":0.0,"max_hp_gain":0.0,"max_hp_loss":0.0,"gold_gain":0.0,"event_name":"WeMeetAgain","player_choice":"Ignored","floor":7.0,"gold_loss":0.0,"damage_taken":0.0},{"damage_healed":0.0,"max_hp_gain":0.0,"max_hp_loss":0.0,"gold_gain":0.0,"cards_transformed":["Strike_G"],"event_name":"Transmorgrifier","player_choice":"Transformed","floor":10.0,"gold_loss":0.0,"damage_taken":0.0,"cards_obtained":["Backstab"]},{"damage_healed":0.0,"max_hp_gain":0.0,"max_hp_loss":0.0,"gold_gain":360.0,"event_name":"Knowing Skull","player_choice":"GOLD GOLD GOLD GOLD ","floor":19.0,"potions_obtained":[],"gold_loss":0.0,"damage_taken":36.0,"cards_obtained":[]},{"damage_healed":0.0,"max_hp_gain":0.0,"max_hp_loss":0.0,"gold_gain":0.0,"event_name":"Vampires","player_choice":"Ignored","floor":21.0,"gold_loss":0.0,"damage_taken":0.0},{"damage_healed":47.0,"max_hp_gain":0.0,"max_hp_loss":0.0,"gold_gain":0.0,"event_name":"Wheel of Change","player_choice":"Full Heal","floor":22.0,"gold_loss":0.0,"damage_taken":0.0},{"cards_removed":["Strike_G"],"damage_healed":0.0,"max_hp_gain":0.0,"max_hp_loss":0.0,"gold_gain":0.0,"event_name":"Beggar","player_choice":"Gave Gold","floor":29.0,"gold_loss":75.0,"damage_taken":0.0},{"damage_healed":0.0,"max_hp_gain":0.0,"max_hp_loss":0.0,"gold_gain":0.0,"event_name":"Ghosts","player_choice":"Ignored","floor":30.0,"gold_loss":0.0,"damage_taken":0.0},{"damage_healed":0.0,"max_hp_gain":0.0,"max_hp_loss":0.0,"gold_gain":0.0,"event_name":"MindBloom","player_choice":"Fight","floor":36.0,"gold_loss":0.0,"damage_taken":0.0},{"damage_healed":0.0,"max_hp_gain":0.0,"max_hp_loss":4.0,"gold_gain":0.0,"event_name":"Winding Halls","player_choice":"Max HP","floor":37.0,"gold_loss":0.0,"damage_taken":0.0},{"damage_healed":0.0,"max_hp_gain":0.0,"max_hp_loss":0.0,"gold_gain":0.0,"event_name":"SecretPortal","player_choice":"Ignored","floor":38.0,"gold_loss":0.0,"damage_taken":0.0},{"damage_healed":0,"gold_gain":0,"player_choice":"Got Potions","damage_taken":0,"max_hp_gain":0,"max_hp_loss":0,"event_name":"Lab","floor":46,"gold_loss":0}],"is_beta":false,"boss_relics":[{"not_picked":["Coffee Dripper","Runic Dome"],"picked":"Empty Cage"},{"not_picked":["Black Star","Runic Pyramid"],"picked":"Fusion Hammer"}],"items_purged_floors":[3,27],"is_endless":false,"potions_floor_spawned":[12,16,25,33,35,39,40,45,48],"killed_by":"Awakened One","ascension_level":20}}