{"host":"uyp13icwa33nzjib","time":1609974682,"event":{"mods":["AchievementEnabler","BaseMod","BetterRewards","Colored Map","Colored Powertips","Defuse TimeMaze Blight","Infinite Spire","Mimic Mod","Minty Spire (QoL Compilation)","Quick Restart","Relic Stats","Replay The Spire","StSLib","UnlockEverythingMod"],"gold_per_floor":[119,131,143,143,158,158,185,211,234,261,109,109,123,166,175,175,175],"floor_reached":16,"playtime":530,"items_purged":["Defend_G"],"score":130,"play_id":"eb8ce6df-82d7-430c-90fb-93c955c359b1","local_time":"20210106181122","daily_mods":["Heirloom","DeadlyEvents","Elite Swarm","Lethality","Uncertain Future"],"is_ascension_mode":false,"campfire_choices":[{"data":"Poison Darts","floor":6,"key":"SMITH"},{"floor":12,"key":"REST"},{"floor":15,"key":"REST"}],"circlet_count":0,"master_deck":["Strike_G","Strike_G","Strike_G","Strike_G","Strike_G","Defend_G","Defend_G","Defend_G","Defend_G","Survivor","Neutralize","Flechettes","Poisoned Stab","Poison Darts+1","Slice","Envenom","Atom Bomb","Venomology","Escape Plan","Replay:Poison Smokescreen","Poisoned Stab","Venomology","Bouncing Flask"],"relics":["Ring of the Snake","The Specimen","Replay:Wax Seal","infinitespire:PuzzleCube","Blue Doll","Dream Catcher","CeramicFish"],"acts_visited":["Exordium"],"potions_floor_usage":[7,7,10,10,16],"damage_taken":[{"damage":0,"enemies":"Cultist","floor":1,"turns":3},{"damage":4,"enemies":"Jaw Worm","floor":2,"turns":3},{"damage":0,"enemies":"2 Louse","floor":3,"turns":1},{"damage":0,"enemies":"Large Slime","floor":5,"turns":3},{"damage":26,"enemies":"Lagavulin","floor":7,"turns":4},{"damage":12,"enemies":"Gremlin Nob","floor":8,"turns":3},{"damage":18,"enemies":"3 Sentries","floor":10,"turns":4},{"damage":7,"enemies":"Gremlin Gang","floor":13,"turns":3},{"damage":17,"enemies":"Gremlin Nob","floor":14,"turns":3},{"damage":31,"enemies":"Slime Boss","floor":16,"turns":4}],"seed_played":"9116180019106241721","potions_obtained":[{"floor":1,"key":"EntropicBrew"},{"floor":5,"key":"SteroidPotion"}],"is_trial":true,"path_per_floor":["M","M","M","?","M","R","E","E","T","E","$","R","M","E","R","B"],"character_chosen":"THE_SILENT","items_purchased":["Escape Plan"],"campfire_rested":2,"item_purchase_floors":[11],"current_hp_per_floor":[70,66,66,66,66,66,40,28,28,10,10,31,24,7,28,0,0],"gold":175,"neow_bonus":"","is_daily":false,"chose_seed":false,"campfire_upgraded":1,"win_rate":0.0,"timestamp":1609974682,"path_taken":["M","M","?","?","M","R","E","?","T","E","$","R","M","E","R","BOSS"],"items_purchased_type":["Card"],"build_version":"2020-12-22","purchased_purges":1,"victory":false,"max_hp_per_floor":[70,70,70,70,70,70,70,70,70,70,70,70,70,70,70,70,70],"relic_stats":{"Dream Catcher":2,"counters":[10,31],"CeramicFish":18,"obtain_stats":[{"Dream Catcher":10,"The Specimen":0,"CeramicFish":14,"Blue Doll":9,"Replay:Wax Seal":7,"infinitespire:PuzzleCube":8,"Ring of the Snake":0},{"Dream Catcher":7,"The Specimen":0,"CeramicFish":9,"Blue Doll":6,"Replay:Wax Seal":5,"infinitespire:PuzzleCube":6,"Ring of the Snake":0},{"Dream Catcher":21,"The Specimen":0,"CeramicFish":27,"Blue Doll":17,"Replay:Wax Seal":14,"infinitespire:PuzzleCube":17,"Ring of the Snake":0}],"Ring of the Snake":[20]},"card_choices":[{"not_picked":["Flying Knee","Acrobatics"],"picked":"Flechettes","floor":1},{"not_picked":["Dagger Throw","ReplayTheSpireMod:Tripwire"],"picked":"Poisoned Stab","floor":2},{"not_picked":["Dagger Spray","Blade Dance"],"picked":"Poison Darts","floor":3},{"not_picked":["Dagger Spray","Calculated Gamble"],"picked":"Slice","floor":5},{"not_picked":["Die Die Die","Replay:Bag of Tricks"],"picked":"Envenom","floor":7},{"not_picked":["Unload","Storm of Steel"],"picked":"Atom Bomb","floor":8},{"not_picked":["Storm of Steel","ReplayTheSpireMod:From All Sides"],"picked":"Venomology","floor":10},{"not_picked":["Footwork","Distraction"],"picked":"Replay:Poison Smokescreen","floor":12},{"not_picked":["Finisher","ReplayTheSpireMod:Exploit Weakness"],"picked":"Poisoned Stab","floor":13},{"not_picked":["After Image","Tools of the Trade"],"picked":"Venomology","floor":14},{"not_picked":["Deadly Poison","Infinite Blades"],"picked":"Bouncing Flask","floor":15}],"player_experience":319777,"relics_obtained":[{"floor":7,"key":"Replay:Wax Seal"},{"floor":8,"key":"infinitespire:PuzzleCube"},{"floor":9,"key":"Blue Doll"},{"floor":10,"key":"Dream Catcher"},{"floor":14,"key":"CeramicFish"}],"event_choices":[{"damage_healed":0,"gold_gain":0,"player_choice":"Ignored","damage_taken":0,"max_hp_gain":0,"max_hp_loss":0,"event_name":"NoteForYourself","floor":4,"gold_loss":0}],"is_beta":false,"boss_relics":[],"items_purged_floors":[11],"is_endless":false,"potions_floor_spawned":[1,5,8],"killed_by":"Slime Boss","ascension_level":0}}