{"host":"n4fty02wqqi95laq","time":1609938039,"event":{"mods":["BaseMod","Highlight Path","Minty Spire (QoL Compilation)","Quick Restart","Rare Cards Sparkle","StSLib"],"gold_per_floor":[111,111,127,127,202,202,4,35,35,35,35,35,112,112,112,214,214,254,179,179,74,113,113,166,229,256,256,256,256,10,71,71,171,171,187,4,65,138,138,171,206,206,233,233,288,288,112,145,145,145,145,145,145,20,47,47],"floor_reached":57,"playtime":2370,"items_purged":["Defend_P","Strike_P","HandOfGreed+1"],"score":3231,"play_id":"df963e94-39d7-4419-af59-6042595dc15c","local_time":"20210106210039","is_ascension_mode":true,"campfire_choices":[{"data":"Eruption","floor":6.0,"key":"SMITH"},{"data":"HandOfGreed","floor":10.0,"key":"SMITH"},{"data":"Adaptation","floor":12.0,"key":"SMITH"},{"data":"WheelKick","floor":15.0,"key":"SMITH"},{"data":"Vault","floor":23.0,"key":"SMITH"},{"data":"InnerPeace","floor":28.0,"key":"SMITH"},{"data":"Fasting2","floor":32.0,"key":"SMITH"},{"data":"Tantrum","floor":42.0,"key":"SMITH"},{"data":"DeusExMachina","floor":44.0,"key":"SMITH"},{"data":"Sanctity","floor":46.0,"key":"SMITH"},{"floor":49.0,"key":"RECALL"},{"floor":53,"key":"REST"}],"circlet_count":0,"master_deck":["AscendersBane","Eruption+1","Vigilance+1","MentalFortress+1","Sanctity+1","Adaptation+1","InnerPeace+1","WheelKick+1","Vault+1","Purity+1","TalkToTheHand+1","Fasting2+1","Evaluate+1","LessonLearned+1","Tantrum+1","DeusExMachina+1","Scrawl+1"],"relics":["PureWater","NeowsBlessing","Thread and Needle","Meat on the Bone","VioletLotus","Incense Burner","MealTicket","Enchiridion","ClockworkSouvenir","Empty Cage","Ginger","WingedGreaves","Orichalcum","Gambling Chip","Akabeko","Strawberry"],"acts_visited":["Exordium","TheCity","TheBeyond","TheEnding"],"potions_floor_usage":[56],"damage_taken":[{"damage":0.0,"enemies":"Jaw Worm","floor":1.0,"turns":1.0},{"damage":0.0,"enemies":"Small Slimes","floor":3.0,"turns":1.0},{"damage":0.0,"enemies":"Cultist","floor":8.0,"turns":1.0},{"damage":7.0,"enemies":"3 Sentries","floor":13.0,"turns":6.0},{"damage":6.0,"enemies":"Slime Boss","floor":16.0,"turns":8.0},{"damage":0.0,"enemies":"Chosen","floor":18.0,"turns":4.0},{"damage":0.0,"enemies":"Spheric Guardian","floor":22.0,"turns":3.0},{"damage":9.0,"enemies":"Book of Stabbing","floor":24.0,"turns":5.0},{"damage":3.0,"enemies":"Shelled Parasite and Fungi","floor":25.0,"turns":3.0},{"damage":0.0,"enemies":"Sentry and Sphere","floor":31.0,"turns":5.0},{"damage":17.0,"enemies":"Collector","floor":33.0,"turns":5.0},{"damage":3.0,"enemies":"3 Darklings","floor":35.0,"turns":4.0},{"damage":0.0,"enemies":"3 Shapes","floor":37.0,"turns":6.0},{"damage":22.0,"enemies":"2 Orb Walkers","floor":38.0,"turns":4.0},{"damage":0.0,"enemies":"Nemesis","floor":40.0,"turns":4.0},{"damage":0.0,"enemies":"Giant Head","floor":41.0,"turns":5.0},{"damage":0.0,"enemies":"Nemesis","floor":45.0,"turns":4.0},{"damage":8.0,"enemies":"Reptomancer","floor":48.0,"turns":3.0},{"damage":6,"enemies":"Awakened One","floor":50,"turns":4},{"damage":0,"enemies":"Time Eater","floor":51,"turns":6},{"damage":0,"enemies":"Shield and Spear","floor":55,"turns":2},{"damage":46,"enemies":"The Heart","floor":56,"turns":7}],"seed_played":"-611769713637651691","potions_obtained":[{"floor":1.0,"key":"AttackPotion"},{"floor":8.0,"key":"Strength Potion"},{"floor":13.0,"key":"Energy Potion"},{"floor":16.0,"key":"SteroidPotion"},{"floor":22.0,"key":"SneckoOil"},{"floor":33.0,"key":"BottledMiracle"},{"floor":38.0,"key":"AttackPotion"},{"floor":40.0,"key":"Fire Potion"},{"floor":48.0,"key":"SteroidPotion"}],"is_trial":false,"path_per_floor":["M","?","M","?","?","R","$","M","T","R","$","R","E","?","R","B",null,"M","$","?","$","M","R","E","M","T","?","R","?","$","M","R","B",null,"M","$","M","?","?","E","E","R","T","R","E","R","$","E","R","B","B",null,"R","$","E","B",null],"character_chosen":"WATCHER","items_purchased":["HandOfGreed","Purity","ClockworkSouvenir","Fasting2","Tantrum","Scrawl"],"campfire_rested":1,"item_purchase_floors":[7,21,30,30,36,47],"current_hp_per_floor":[61,61,61,54,43,43,43,43,43,43,43,43,36,36,36,42,62,62,62,62,62,62,62,53,50,50,31,31,10,25,37,37,32,63,60,73,73,51,51,51,51,51,51,51,51,51,66,58,58,52,52,68,73,73,80,46],"gold":47,"neow_bonus":"THREE_ENEMY_KILL","is_daily":false,"chose_seed":false,"campfire_upgraded":10,"win_rate":0.0,"timestamp":1609938039,"path_taken":["M","?","M","?","?","R","?","?","T","R","?","R","E","?","R","BOSS","M","$","?","?","M","R","E","M","T","?","R","?","$","M","R","BOSS","M","$","M","?","?","E","E","R","T","R","E","R","?","E","R","BOSS","BOSS","R","$","E","BOSS"],"items_purchased_type":["Card","Card","Relic","Card","Card","Card"],"build_version":"2020-12-22","purchased_purges":3,"victory":true,"max_hp_per_floor":[68,68,68,68,68,68,68,68,68,68,68,68,68,68,68,68,68,68,68,68,68,68,68,68,68,68,73,73,73,73,73,73,73,73,73,73,73,73,73,73,73,73,73,73,73,73,73,73,73,73,73,73,73,73,80,80],"card_choices":[{"not_picked":["ReachHeaven","Halt"],"picked":"MentalFortress","floor":1.0},{"not_picked":["ThirdEye","WreathOfFlame"],"picked":"Adaptation","floor":3.0},{"not_picked":["ThirdEye","Collect"],"picked":"InnerPeace","floor":8.0},{"not_picked":["Pray","DeceiveReality"],"picked":"WheelKick","floor":13.0},{"not_picked":["SpiritShield","Ragnarok"],"picked":"Vault","floor":16.0},{"not_picked":["FollowUp","EmptyBody","SignatureMove"],"picked":"SKIP","floor":18.0},{"not_picked":["Perseverance","Wallop"],"picked":"TalkToTheHand","floor":22.0},{"not_picked":["Prostrate","TalkToTheHand","Worship"],"picked":"SKIP","floor":24.0},{"not_picked":["SandsOfTime","CutThroughFate","EmptyBody"],"picked":"SKIP","floor":25.0},{"not_picked":["Evaluate+1","Nirvana+1","FlurryOfBlows"],"picked":"SKIP","floor":31.0},{"not_picked":["Nirvana+1","FlurryOfBlows"],"picked":"Evaluate+1","floor":31.0},{"not_picked":["Alpha","DevaForm"],"picked":"LessonLearned","floor":33.0},{"not_picked":["FlyingSleeves","Perseverance+1","EmptyFist"],"picked":"SKIP","floor":35.0},{"not_picked":["ClearTheMind+1","Consecrate+1","Halt"],"picked":"SKIP","floor":37.0},{"not_picked":["JustLucky","Protect"],"picked":"DeusExMachina","floor":38.0},{"not_picked":["Sanctity+1","ConjureBlade","EmptyFist+1"],"picked":"SKIP","floor":40.0},{"not_picked":["Establishment","Protect","Halt"],"picked":"SKIP","floor":41.0},{"not_picked":["Evaluate","Study","Crescendo"],"picked":"SKIP","floor":45.0},{"not_picked":["ClearTheMind","ForeignInfluence","Establishment"],"picked":"SKIP","floor":48.0},{"not_picked":["Consecrate","PathToVictory+1","Conclude"],"picked":"SKIP","floor":55}],"player_experience":655038,"relics_obtained":[{"floor":9.0,"key":"Thread and Needle"},{"floor":13.0,"key":"Meat on the Bone"},{"floor":24.0,"key":"Incense Burner"},{"floor":26.0,"key":"MealTicket"},{"floor":29.0,"key":"Enchiridion"},{"floor":38.0,"key":"Ginger"},{"floor":40.0,"key":"WingedGreaves"},{"floor":41.0,"key":"Orichalcum"},{"floor":45.0,"key":"Gambling Chip"},{"floor":48.0,"key":"Akabeko"},{"floor":55,"key":"Strawberry"}],"event_choices":[{"damage_healed":0.0,"max_hp_gain":0.0,"max_hp_loss":0.0,"gold_gain":0.0,"cards_transformed":["Defend_P"],"event_name":"Living Wall","player_choice":"Change","floor":2.0,"gold_loss":0.0,"damage_taken":0.0,"cards_obtained":["Sanctity"]},{"cards_removed":["Defend_P"],"damage_healed":0.0,"max_hp_gain":0.0,"max_hp_loss":0.0,"gold_gain":0.0,"event_name":"Golden Wing","player_choice":"Card Removal","floor":4.0,"gold_loss":0.0,"damage_taken":7.0},{"damage_healed":0.0,"max_hp_gain":0.0,"max_hp_loss":0.0,"gold_gain":75.0,"event_name":"World of Goop","player_choice":"Gather Gold","floor":5.0,"gold_loss":0.0,"damage_taken":11.0},{"cards_removed":["Strike_P"],"damage_healed":0.0,"max_hp_gain":0.0,"max_hp_loss":0.0,"gold_gain":0.0,"event_name":"Bonfire Elementals","player_choice":"Offered Basic","floor":14.0,"gold_loss":0.0,"damage_taken":0.0},{"cards_removed":["Strike_P"],"damage_healed":0.0,"max_hp_gain":0.0,"max_hp_loss":0.0,"gold_gain":0.0,"event_name":"Back to Basics","player_choice":"Elegance","floor":20.0,"gold_loss":0.0,"damage_taken":0.0},{"damage_healed":0.0,"max_hp_gain":5.0,"max_hp_loss":0.0,"gold_gain":0.0,"event_name":"Forgotten Altar","player_choice":"Shed Blood","floor":27.0,"gold_loss":0.0,"damage_taken":24.0},{"damage_healed":0.0,"max_hp_gain":0.0,"max_hp_loss":0.0,"gold_gain":0.0,"event_name":"Cursed Tome","player_choice":"Obtained Book","floor":29.0,"gold_loss":0.0,"damage_taken":21.0},{"damage_healed":0.0,"max_hp_gain":0.0,"max_hp_loss":0.0,"gold_gain":0.0,"event_name":"Mysterious Sphere","player_choice":"Fight","floor":38.0,"gold_loss":0.0,"damage_taken":0.0},{"damage_healed":0.0,"max_hp_gain":0.0,"max_hp_loss":0.0,"gold_gain":0.0,"event_name":"Tomb of Lord Red Mask","player_choice":"Ignored","floor":39.0,"gold_loss":0.0,"damage_taken":0.0}],"is_beta":false,"boss_relics":[{"not_picked":["Calling Bell","Philosopher\u0027s Stone"],"picked":"VioletLotus"},{"not_picked":["Busted Crown","Velvet Choker"],"picked":"Empty Cage"}],"items_purged_floors":[19,36,54],"is_endless":false,"potions_floor_spawned":[1,8,13,16,22,33,38,40,48],"ascension_level":20}}