{"host":"1a3cjta80tad0aqj","time":1609904299,"event":{"mods":["2.2 Compatiblity","AchievementEnabler","BaseMod","Colored Map","DeckTracker","KOR Keyword Fix","Keyboard Shortcuts","Minty Spire (QoL Compilation)","Permanent Neow","Quick Restart","Random Character Button","StSLib","SuperFastMode","everything is the same but u backflip on backflip"],"gold_per_floor":[119,129,146,157,157,157,183,197,197,197,197,74,94,94,94,189,189,205,217,229,229,177,177,190,190,237,237,251,263,263,280,280,383,383,394,394,407,407,10,10,28,47,71,71,84,102,0,16,16,16,16],"floor_reached":50,"playtime":2144,"items_purged":["Decay","Doubt"],"score":450,"play_id":"07855623-1fce-473e-8d0e-2a7c7c71fce7","local_time":"20210106123819","is_ascension_mode":false,"campfire_choices":[{"data":"Eruption","floor":6.0,"key":"SMITH"},{"floor":10.0,"key":"REST"},{"floor":15.0,"key":"REST"},{"data":"Ragnarok","floor":23.0,"key":"SMITH"},{"floor":25.0,"key":"REST"},{"floor":27.0,"key":"REST"},{"data":"Tantrum","floor":30.0,"key":"SMITH"},{"floor":32.0,"key":"REST"},{"data":"Blasphemy","floor":40,"key":"SMITH"},{"floor":44,"key":"REST"},{"floor":49,"key":"REST"}],"circlet_count":0,"master_deck":["Strike_P","Strike_P+1","Defend_P+1","Eruption+1","Vigilance","Tantrum+1","ClearTheMind","CrushJoints","BowlingBash","Ragnarok+1","FollowUp","Consecrate","Blasphemy+1","FollowUp+1","Halt+1","Meditate+1","Ragnarok","Sanctity+1","Meditate+1","WreathOfFlame+1","Parasite","Crescendo+1","SpiritShield","Shame","Indignation+1"],"relics":["Cursed Key","MealTicket","Empty Cage","Nloth\u0027s Gift","Smiling Mask","Astrolabe","Potion Belt","Lantern","Red Mask"],"acts_visited":["Exordium","TheCity","TheBeyond"],"potions_floor_usage":[41,42,45,46,46,46,50],"damage_taken":[{"damage":0.0,"enemies":"Small Slimes","floor":1.0,"turns":2.0},{"damage":12.0,"enemies":"Jaw Worm","floor":2.0,"turns":2.0},{"damage":1.0,"enemies":"Cultist","floor":3.0,"turns":3.0},{"damage":10.0,"enemies":"2 Fungi Beasts","floor":4.0,"turns":2.0},{"damage":4.0,"enemies":"3 Sentries","floor":7.0,"turns":4.0},{"damage":10.0,"enemies":"Looter","floor":8.0,"turns":2.0},{"damage":22.0,"enemies":"Gremlin Gang","floor":13.0,"turns":3.0},{"damage":28.0,"enemies":"The Guardian","floor":16.0,"turns":5.0},{"damage":21.0,"enemies":"2 Thieves","floor":18.0,"turns":3.0},{"damage":6.0,"enemies":"3 Byrds","floor":19.0,"turns":3.0},{"damage":11.0,"enemies":"Snecko","floor":20.0,"turns":4.0},{"damage":37.0,"enemies":"Shelled Parasite and Fungi","floor":24.0,"turns":4.0},{"damage":5.0,"enemies":"Snake Plant","floor":28.0,"turns":2.0},{"damage":0.0,"enemies":"3 Cultists","floor":29.0,"turns":2.0},{"damage":24.0,"enemies":"Snecko","floor":31.0,"turns":4.0},{"damage":38.0,"enemies":"Automaton","floor":33.0,"turns":5.0},{"damage":29.0,"enemies":"3 Shapes","floor":35.0,"turns":3.0},{"damage":0.0,"enemies":"Orb Walker","floor":37.0,"turns":2.0},{"damage":0,"enemies":"Writhing Mass","floor":41,"turns":2},{"damage":29,"enemies":"Sphere and 2 Shapes","floor":42,"turns":4},{"damage":24,"enemies":"4 Shapes","floor":45,"turns":4},{"damage":1,"enemies":"Jaw Worm Horde","floor":46,"turns":2},{"damage":15,"enemies":"Maw","floor":48,"turns":5},{"damage":40,"enemies":"Donu and Deca","floor":50,"turns":3}],"seed_played":"-3097181501779020347","potions_obtained":[{"floor":1.0,"key":"Dexterity Potion"},{"floor":7.0,"key":"DuplicationPotion"},{"floor":8.0,"key":"GamblersBrew"},{"floor":18.0,"key":"AttackPotion"},{"floor":28.0,"key":"SteroidPotion"},{"floor":29.0,"key":"SteroidPotion"},{"floor":37.0,"key":"Weak Potion"},{"floor":42,"key":"Weak Potion"},{"floor":48,"key":"Ambrosia"}],"is_trial":false,"path_per_floor":["M","M","M","M","?","R","E","M","T","R","?","$","M","?","R","B",null,"M","M","M","?","$","R","M","R","T","R","M","M","R","M","R","B",null,"M","?","M","?","$","R","M","M","T","R","M","M","?","M","R","B"],"character_chosen":"WATCHER","items_purchased":["Strength Potion","SteroidPotion","Potion Belt","DistilledChaos","DistilledChaos","Fire Potion"],"campfire_rested":7,"item_purchase_floors":[12,22,39,39,39,39],"current_hp_per_floor":[72,60,59,49,49,49,45,35,35,56,42,57,35,28,49,21,72,51,45,34,34,49,49,12,33,33,54,49,49,49,25,46,8,72,43,43,43,43,58,58,58,29,29,50,26,25,25,10,31,0,0],"gold":16,"neow_bonus":"BOSS_RELIC","is_daily":false,"chose_seed":false,"campfire_upgraded":4,"win_rate":0.0,"timestamp":1609904299,"path_taken":["M","M","M","M","?","R","E","M","T","R","?","$","M","?","R","BOSS","M","M","M","?","$","R","M","R","T","R","?","M","R","M","R","BOSS","M","?","M","?","$","R","M","M","T","R","M","?","?","M","R","BOSS"],"items_purchased_type":["Potion","Potion","Relic","Potion","Potion","Potion"],"build_version":"2020-12-22","purchased_purges":2,"victory":false,"max_hp_per_floor":[72,72,72,72,72,72,72,72,72,72,72,72,72,72,72,72,72,72,72,72,72,72,72,72,72,72,72,72,72,72,72,72,72,72,72,72,72,72,72,72,72,72,72,72,72,72,72,72,72,72,72],"card_choices":[{"not_picked":["WaveOfTheHand","FlurryOfBlows"],"picked":"Tantrum","floor":1.0},{"not_picked":["WaveOfTheHand","JustLucky"],"picked":"ClearTheMind","floor":2.0},{"not_picked":["Protect","Collect"],"picked":"CrushJoints","floor":3.0},{"not_picked":["SashWhip","Protect"],"picked":"BowlingBash","floor":4.0},{"not_picked":["Meditate","WreathOfFlame"],"picked":"Ragnarok","floor":7.0},{"not_picked":["ReachHeaven","WheelKick"],"picked":"FollowUp","floor":8.0},{"not_picked":["Study","JustLucky"],"picked":"Consecrate","floor":13.0},{"not_picked":["DeusExMachina","Wish"],"picked":"Blasphemy","floor":16.0},{"not_picked":["FlyingSleeves","Sanctity"],"picked":"Crescendo","floor":18.0},{"not_picked":["Meditate+1","CrushJoints"],"picked":"FollowUp+1","floor":19.0},{"not_picked":["WheelKick","ThirdEye+1","FlyingSleeves+1"],"picked":"SKIP","floor":20.0},{"not_picked":["Fasting2","CrushJoints+1"],"picked":"Halt+1","floor":24.0},{"not_picked":["SpiritShield","CutThroughFate+1"],"picked":"Meditate+1","floor":28.0},{"not_picked":["JustLucky+1","ThirdEye","FlurryOfBlows+1"],"picked":"SKIP","floor":29.0},{"not_picked":["Consecrate","Meditate","CrushJoints"],"picked":"SKIP","floor":31.0},{"not_picked":["Blasphemy","Alpha"],"picked":"Ragnarok","floor":33.0},{"not_picked":["PathToVictory","Prostrate+1","Nirvana"],"picked":"SKIP","floor":35.0},{"not_picked":["BowlingBash","EmptyBody"],"picked":"WreathOfFlame+1","floor":37.0},{"not_picked":["PathToVictory+1","WaveOfTheHand"],"picked":"Crescendo+1","floor":41},{"not_picked":["Weave","Consecrate+1"],"picked":"SpiritShield","floor":42},{"not_picked":["EmptyFist+1","Meditate","BattleHymn+1"],"picked":"SKIP","floor":45},{"not_picked":["Pray+1","MasterReality"],"picked":"Indignation+1","floor":46},{"not_picked":["Conclude+1","CrushJoints","Pray+1"],"picked":"SKIP","floor":48}],"player_experience":158620,"relics_obtained":[{"floor":7.0,"key":"MealTicket"},{"floor":9.0,"key":"Kunai"},{"floor":26.0,"key":"Smiling Mask"},{"floor":43,"key":"Lantern"}],"event_choices":[{"damage_healed":0.0,"max_hp_gain":0.0,"max_hp_loss":0.0,"gold_gain":0.0,"event_name":"Liars Game","player_choice":"Ignored","floor":5.0,"gold_loss":0.0,"damage_taken":0.0},{"damage_healed":0.0,"max_hp_gain":0.0,"max_hp_loss":0.0,"gold_gain":0.0,"event_name":"Shining Light","player_choice":"Entered Light","floor":11.0,"gold_loss":0.0,"damage_taken":14.0,"cards_upgraded":["Strike_P","Defend_P"]},{"cards_removed":["Defend_P"],"damage_healed":0.0,"max_hp_gain":0.0,"max_hp_loss":0.0,"gold_gain":0.0,"event_name":"Golden Wing","player_choice":"Card Removal","floor":14.0,"gold_loss":0.0,"damage_taken":7.0},{"damage_healed":0.0,"max_hp_gain":0.0,"max_hp_loss":0.0,"gold_gain":0.0,"event_name":"N\u0027loth","player_choice":"Traded Relic","floor":21.0,"relics_lost":["Kunai"],"gold_loss":0.0,"damage_taken":0.0,"relics_obtained":["Nloth\u0027s Gift"]},{"cards_removed":["Crescendo"],"damage_healed":0.0,"max_hp_gain":0.0,"max_hp_loss":0.0,"gold_gain":0.0,"event_name":"Falling","player_choice":"Removed Skill","floor":36.0,"gold_loss":0.0,"damage_taken":0.0},{"damage_healed":0.0,"max_hp_gain":0.0,"max_hp_loss":0.0,"gold_gain":0.0,"event_name":"SecretPortal","player_choice":"Ignored","floor":38.0,"gold_loss":0.0,"damage_taken":0.0},{"damage_healed":0,"gold_gain":0,"player_choice":"Paid","damage_taken":0,"relics_obtained":["Red Mask"],"max_hp_gain":0,"max_hp_loss":0,"event_name":"Tomb of Lord Red Mask","floor":47,"gold_loss":102}],"is_beta":false,"boss_relics":[{"not_picked":["Fusion Hammer","Coffee Dripper"],"picked":"Empty Cage"},{"not_picked":["Runic Dome","Black Star"],"picked":"Astrolabe"}],"items_purged_floors":[12,39],"is_endless":false,"potions_floor_spawned":[1,7,8,18,28,29,31,37,42,48],"killed_by":"Donu and Deca","ascension_level":0}}