{"host":"bydnmyvf669xu6ab","time":1609921776,"event":{"mods":["Aspiration","BaseMod","Better Note","BetterRewards","Colored Map","Colored Powertips","Minty Spire (QoL Compilation)","Rare Cards Sparkle","Relic Stats","Shop Mod","StSLib","SuperFastMode","Virulent Crown"],"gold_per_floor":[117,134,134,146,156,156,156,156,179,179,9,84,84,114,114,209,209,225,225,300,316,334,334,366,366,366,378,378,398,398,24,24,120,120,133,133,147,147,147,178,178,213,283,283,315,329,348,367,367,367,367,367,2,36,36,36],"floor_reached":55,"playtime":3483,"items_purged":[],"score":1175,"play_id":"fe28c693-0040-4b20-881c-fdf7a819b78c","local_time":"20210106002936","is_ascension_mode":true,"campfire_choices":[{"data":"Accuracy","floor":6,"key":"SMITH"},{"data":"Cloak And Dagger","floor":8,"key":"SMITH"},{"data":"Survivor","floor":10,"key":"SMITH"},{"data":"Accuracy","floor":13,"key":"SMITH"},{"data":"Blur","floor":15,"key":"SMITH"},{"data":"Good Instincts","floor":23,"key":"SMITH"},{"data":"Deadly Poison","floor":25,"key":"SMITH"},{"floor":30,"key":"RECALL"},{"data":"Footwork","floor":32,"key":"SMITH"},{"data":"Dodge and Roll","floor":41,"key":"SMITH"},{"data":"Armaments","floor":44,"key":"SMITH"},{"data":"Cloak And Dagger","floor":49,"key":"SMITH"},{"data":"Blade Dance","floor":52,"key":"SMITH"}],"circlet_count":0,"master_deck":["Strike_G","Strike_G","Strike_G","Strike_G+1","Strike_G","Defend_G","Defend_G+1","Defend_G","Defend_G","Defend_G","Survivor+1","Neutralize","PiercingWail","Blade Dance+1","Cloak And Dagger+1","Accuracy+1","Poisoned Stab+1","Accuracy+1","Good Instincts+1","Blur+1","Bullet Time","Blade Dance+1","Deadly Poison+1","Quick Slash+1","Blur+1","Deflect","Cloak And Dagger+1","Footwork+1","Corpse Explosion","Accuracy+1","Bouncing Flask","Madness","Madness","Blur+1","Dodge and Roll+1","Armaments+1","Blade Dance+1","Blade Dance+1","Poisoned Stab+1","Headbutt+1","Escape Plan","Tools of the Trade"],"relics":["Ring of the Snake","Kunai","Lantern","Whetstone","InkBottle","Philosopher\u0027s Stone","Thread and Needle","Bottled Tornado","Ice Cream","aspiration:IroncladSkillbook","Bronze Scales","Toy Ornithopter","Mercury Hourglass","Mango","Pen Nib","Letter Opener"],"acts_visited":["Exordium","TheCity","TheBeyond","TheEnding"],"potions_floor_usage":[16,42,46,46,50],"damage_taken":[{"damage":0,"enemies":"Small Slimes","floor":1,"turns":3},{"damage":0,"enemies":"Jaw Worm","floor":2,"turns":3},{"damage":0,"enemies":"Cultist","floor":4,"turns":4},{"damage":0,"enemies":"Large Slime","floor":5,"turns":3},{"damage":2,"enemies":"3 Sentries","floor":14,"turns":5},{"damage":0,"enemies":"Slime Boss","floor":16,"turns":4},{"damage":0,"enemies":"Shell Parasite","floor":18,"turns":5},{"damage":0,"enemies":"Chosen","floor":21,"turns":2},{"damage":3,"enemies":"Snake Plant","floor":22,"turns":2},{"damage":2,"enemies":"Slavers","floor":24,"turns":4},{"damage":0,"enemies":"Sentry and Sphere","floor":27,"turns":4},{"damage":0,"enemies":"Snecko","floor":29,"turns":4},{"damage":0,"enemies":"Champ","floor":33,"turns":9},{"damage":1,"enemies":"3 Shapes","floor":35,"turns":2},{"damage":0,"enemies":"3 Darklings","floor":37,"turns":2},{"damage":30,"enemies":"Nemesis","floor":40,"turns":9},{"damage":11,"enemies":"Reptomancer","floor":42,"turns":6},{"damage":26,"enemies":"Nemesis","floor":45,"turns":7},{"damage":6,"enemies":"Jaw Worm Horde","floor":46,"turns":5},{"damage":0,"enemies":"Sphere and 2 Shapes","floor":47,"turns":2},{"damage":0,"enemies":"3 Darklings","floor":48,"turns":2},{"damage":2,"enemies":"Donu and Deca","floor":50,"turns":6},{"damage":41,"enemies":"Shield and Spear","floor":54,"turns":5},{"damage":82,"enemies":"The Heart","floor":55,"turns":6}],"seed_played":"-514633804185210167","potions_obtained":[{"floor":2,"key":"Energy Potion"},{"floor":14,"key":"Weak Potion"},{"floor":21,"key":"Regen Potion"},{"floor":22,"key":"Fire Potion"},{"floor":45,"key":"FairyPotion"},{"floor":46,"key":"GamblersBrew"}],"is_trial":false,"path_per_floor":["M","M","?","M","M","R","?","R","T","R","$","?","R","E","R","B",null,"M","?","?","M","M","R","E","R","T","M","T","M","R","$","R","B",null,"M","?","M","?","?","E","R","E","T","R","E","M","M","M","R","B",null,"R","$","E","B"],"character_chosen":"THE_SILENT","items_purchased":["Kunai","Lantern","PiercingWail","Accuracy","Good Instincts","Ice Cream","Footwork","Escape Plan","Pen Nib","Tools of the Trade"],"campfire_rested":0,"item_purchase_floors":[0,0,0,11,11,31,31,53,53,53],"current_hp_per_floor":[57,57,43,43,43,43,48,48,48,48,48,37,37,35,35,35,75,75,75,68,68,65,65,63,63,63,63,63,63,63,63,63,63,75,75,75,75,66,66,40,40,33,33,33,25,42,46,50,50,57,89,89,89,52,0,0],"gold":36,"neow_bonus":"","is_daily":false,"chose_seed":false,"campfire_upgraded":12,"win_rate":0.0,"timestamp":1609921776,"path_taken":["M","M","?","M","M","R","?","R","T","R","$","?","R","E","R","BOSS","M","?","?","?","M","R","E","R","T","M","?","M","R","$","R","BOSS","M","?","M","?","?","E","R","E","T","R","E","?","M","M","R","BOSS","R","$","E","BOSS"],"items_purchased_type":["Relic","Relic","Card","Card","Card","Relic","Card","Card","Relic","Card"],"build_version":"2020-12-22","purchased_purges":0,"victory":false,"max_hp_per_floor":[70,70,70,70,70,70,75,75,75,75,75,75,75,75,75,75,75,75,75,75,75,75,75,75,75,75,75,75,75,75,75,75,75,75,75,75,75,75,75,75,75,75,75,75,89,89,89,89,89,89,89,89,89,89,89,89],"relic_stats":{"counters":[554,2802],"Bronze Scales":[138],"Pen Nib":[3],"Kunai":[78],"Whetstone":["Strike_G","Poisoned Stab"],"Letter Opener":[30],"obtain_stats":[{"TwistedFunnel":12,"Ginger":53,"Whetstone":54,"Bottled Tornado":26,"aspiration:RitualStick":19,"Old Coin":37,"Blood Vial":47,"Sundial":24,"MealTicket":0,"Kunai":0,"Pear":14,"GiantMaggot":0,"Blue Candle":34,"Pen Nib":25,"Paper Crane":0,"aspiration:FrozenJewel":12,"aspiration:IroncladSkillbook":34,"SlaversCollar":17,"Pandora\u0027s Box":17,"Unceasing Top":0,"Ring of the Serpent":17,"WizardHat":0,"Regal Pillow":14,"aspiration:Lifesprig":0,"Lantern":30,"Singing Bowl":0,"StoneCalendar":34,"Rawhide":40,"RoseTintedShades":43,"Bag of Preparation":0,"Ancient Tea Set":47,"Cursed Key":34,"Burning Blood":26,"WristBlade":34,"aspiration:FutureDiary":17,"InkBottle":14,"Ring of the Snake":0,"aspiration:VileToxins":21,"Potion Belt":31,"Lee\u0027s Waffle":0,"CherryCoatedStake":0,"Golden Idol":13,"Thread and Needle":0,"PreservedInsect":9,"The Courier":3,"Omamori":0,"Busted Crown":17,"Ornamental Fan":10,"Orrery":0,"Turnip":30,"SpikesRelics:DaevaFist":0,"Art of War":45,"Bottled Lightning":9,"Toy Ornithopter":42,"Ice Cream":14,"Calipers":27,"Gremlin Horn":9,"Vajra":34,"Centennial Puzzle":54,"HornCleat":41,"SpikesRelics:ToyHorsey":48,"DollysMirror":53,"Strawberry":23,"Philosopher\u0027s Stone":17,"Toxic Egg 2":2,"LugNut":0,"Girya":14,"Happy Flower":7,"aspiration:Nostalgia":5,"Dead Branch":37,"Oddly Smooth Stone":37,"aspiration:SeaSaltIceCream":26,"BlackRope":17,"Letter Opener":54,"War Paint":53,"Question Card":12,"Shuriken":0,"Bronze Scales":5,"Molten Egg 2":43,"CosmicIsotope":34,"Pocketwatch":41,"Meat on the Bone":22,"Darkstone Periapt":22,"SnailShell":43,"RetroEgg":23,"SacredBark":34,"Mango":45,"Snake Skull":22,"Juzu Bracelet":0,"Incense Burner":40,"PrismaticShard":25,"ClockworkSouvenir":0,"aspiration:StickyExplosives_weak":7,"Nunchaku":10,"Tough Bandages":11,"Dream Catcher":21,"aspiration:DefectSkillbook":17,"Gambling Chip":9,"Pantograph":48,"RollingBoulder":26,"Red Mask":21,"Cracked Core":22,"Runic Pyramid":34,"aspiration:HummingbirdHeart":38,"ToxicTincture":0,"aspiration:SecretTechniqueScroll":17,"Odd Mushroom":8,"Orichalcum":12,"White Beast Statue":54,"Mercury Hourglass":29,"Calling Bell":34,"Peace Pipe":29,"Strange Spoon":0,"Anchor":26,"CaptainsWheel":0,"Bag of Marbles":7,"aspiration:RitualDagger":34,"Membership Card":0,"PureWater":5,"FossilizedHelix":53,"TungstenRod":29},{"TwistedFunnel":502,"Ginger":315,"Whetstone":337,"Bottled Tornado":488,"aspiration:RitualStick":393,"Old Coin":308,"Blood Vial":359,"Sundial":299,"MealTicket":338,"Kunai":316,"Pear":522,"GiantMaggot":362,"Blue Candle":305,"Pen Nib":300,"Paper Crane":409,"aspiration:FrozenJewel":286,"aspiration:IroncladSkillbook":399,"SlaversCollar":415,"Pandora\u0027s Box":392,"Unceasing Top":428,"Ring of the Serpent":440,"WizardHat":338,"Regal Pillow":369,"aspiration:Lifesprig":475,"Lantern":511,"Singing Bowl":316,"StoneCalendar":305,"Rawhide":333,"RoseTintedShades":333,"Bag of Preparation":495,"Ancient Tea Set":313,"Cursed Key":512,"Burning Blood":300,"WristBlade":491,"aspiration:FutureDiary":276,"InkBottle":535,"Ring of the Snake":0,"aspiration:VileToxins":348,"Potion Belt":398,"Lee\u0027s Waffle":362,"CherryCoatedStake":362,"Golden Idol":286,"Thread and Needle":316,"PreservedInsect":294,"The Courier":430,"Omamori":338,"Busted Crown":523,"Ornamental Fan":343,"Orrery":362,"Turnip":378,"SpikesRelics:DaevaFist":288,"Art of War":333,"Bottled Lightning":320,"Toy Ornithopter":547,"Ice Cream":345,"Calipers":462,"Gremlin Horn":285,"Vajra":305,"Centennial Puzzle":408,"HornCleat":311,"SpikesRelics:ToyHorsey":359,"DollysMirror":315,"Strawberry":299,"Philosopher\u0027s Stone":346,"Toxic Egg 2":270,"LugNut":281,"Girya":483,"Happy Flower":520,"aspiration:Nostalgia":431,"Dead Branch":381,"Oddly Smooth Stone":381,"aspiration:SeaSaltIceCream":300,"BlackRope":323,"Letter Opener":553,"War Paint":336,"Question Card":390,"Shuriken":316,"Bronze Scales":431,"Molten Egg 2":405,"CosmicIsotope":421,"Pocketwatch":383,"Meat on the Bone":459,"Darkstone Periapt":373,"SnailShell":383,"RetroEgg":349,"SacredBark":353,"Mango":548,"Snake Skull":348,"Juzu Bracelet":386,"Incense Burner":472,"PrismaticShard":349,"ClockworkSouvenir":316,"aspiration:StickyExplosives_weak":320,"Nunchaku":321,"Tough Bandages":368,"Dream Catcher":416,"aspiration:DefectSkillbook":295,"Gambling Chip":367,"Pantograph":474,"RollingBoulder":395,"Red Mask":326,"Cracked Core":486,"Runic Pyramid":380,"aspiration:HummingbirdHeart":355,"ToxicTincture":338,"aspiration:SecretTechniqueScroll":370,"Odd Mushroom":436,"Orichalcum":438,"White Beast Statue":427,"Mercury Hourglass":465,"Calling Bell":305,"Peace Pipe":465,"Strange Spoon":409,"Anchor":327,"CaptainsWheel":338,"Bag of Marbles":293,"aspiration:RitualDagger":330,"Membership Card":428,"PureWater":431,"FossilizedHelix":315,"TungstenRod":529},{"TwistedFunnel":2560,"Ginger":1583,"Whetstone":1730,"Bottled Tornado":2501,"aspiration:RitualStick":2048,"Old Coin":1539,"Blood Vial":1863,"Sundial":1486,"MealTicket":1739,"Kunai":1588,"Pear":2654,"GiantMaggot":1891,"Blue Candle":1523,"Pen Nib":1490,"Paper Crane":2130,"aspiration:FrozenJewel":1413,"aspiration:IroncladSkillbook":2076,"SlaversCollar":2161,"Pandora\u0027s Box":2045,"Unceasing Top":2239,"Ring of the Serpent":2294,"WizardHat":1739,"Regal Pillow":1919,"aspiration:Lifesprig":2443,"Lantern":2599,"Singing Bowl":1588,"StoneCalendar":1523,"Rawhide":1694,"RoseTintedShades":1694,"Bag of Preparation":2534,"Ancient Tea Set":1567,"Cursed Key":2609,"Burning Blood":1490,"WristBlade":2517,"aspiration:FutureDiary":1382,"InkBottle":2716,"Ring of the Snake":0,"aspiration:VileToxins":1793,"Potion Belt":2068,"Lee\u0027s Waffle":1891,"CherryCoatedStake":1891,"Golden Idol":1413,"Thread and Needle":1588,"PreservedInsect":1457,"The Courier":2244,"Omamori":1739,"Busted Crown":2663,"Ornamental Fan":1765,"Orrery":1891,"Turnip":1966,"SpikesRelics:DaevaFist":1428,"Art of War":1694,"Bottled Lightning":1613,"Toy Ornithopter":2769,"Ice Cream":1775,"Calipers":2387,"Gremlin Horn":1411,"Vajra":1523,"Centennial Puzzle":2122,"HornCleat":1553,"SpikesRelics:ToyHorsey":1863,"DollysMirror":1583,"Strawberry":1486,"Philosopher\u0027s Stone":1784,"Toxic Egg 2":1357,"LugNut":1398,"Girya":2475,"Happy Flower":2647,"aspiration:Nostalgia":2248,"Dead Branch":1981,"Oddly Smooth Stone":1981,"aspiration:SeaSaltIceCream":1490,"BlackRope":1636,"Letter Opener":2796,"War Paint":1722,"Question Card":2033,"Shuriken":1588,"Bronze Scales":2248,"Molten Egg 2":2099,"CosmicIsotope":2196,"Pocketwatch":1992,"Meat on the Bone":2369,"Darkstone Periapt":1937,"SnailShell":1992,"RetroEgg":1800,"SacredBark":1828,"Mango":2776,"Snake Skull":1793,"Juzu Bracelet":2013,"Incense Burner":2427,"PrismaticShard":1800,"ClockworkSouvenir":1588,"aspiration:StickyExplosives_weak":1613,"Nunchaku":1619,"Tough Bandages":1912,"Dream Catcher":2166,"aspiration:DefectSkillbook":1466,"Gambling Chip":1908,"Pantograph":2436,"RollingBoulder":2057,"Red Mask":1654,"Cracked Core":2490,"Runic Pyramid":1978,"aspiration:HummingbirdHeart":1839,"ToxicTincture":1739,"aspiration:SecretTechniqueScroll":1926,"Odd Mushroom":2272,"Orichalcum":2282,"White Beast Statue":2231,"Mercury Hourglass":2400,"Calling Bell":1523,"Peace Pipe":2400,"Strange Spoon":2130,"Anchor":1659,"CaptainsWheel":1739,"Bag of Marbles":1452,"aspiration:RitualDagger":1679,"Membership Card":2239,"PureWater":2248,"FossilizedHelix":1583,"TungstenRod":2692}],"InkBottle":[48],"Toy Ornithopter":15,"Ring of the Snake":[158],"Mercury Hourglass":[99]},"card_choices":[{"not_picked":["Underhanded Strike","Prepared"],"picked":"Blade Dance","floor":1},{"not_picked":["Quick Slash","Dagger Spray"],"picked":"Cloak And Dagger","floor":2},{"not_picked":["PiercingWail","Quick Slash"],"picked":"Accuracy","floor":4},{"not_picked":["Dash","Eviscerate"],"picked":"Poisoned Stab","floor":5},{"not_picked":["Corpse Explosion","PiercingWail"],"picked":"Blur","floor":14},{"not_picked":["Phantasmal Killer","Glass Knife"],"picked":"Bullet Time","floor":16},{"not_picked":["Dagger Throw+1","Dodge and Roll"],"picked":"Blade Dance+1","floor":18},{"not_picked":["Quick Slash","Bane"],"picked":"Deadly Poison","floor":21},{"not_picked":["Bane","Concentrate"],"picked":"Quick Slash+1","floor":22},{"not_picked":["Unload","Sucker Punch"],"picked":"Blur+1","floor":24},{"not_picked":["Dagger Spray+1","Dagger Throw"],"picked":"Deflect","floor":27},{"not_picked":["Skewer+1","Eviscerate"],"picked":"Cloak And Dagger","floor":29},{"not_picked":["Unload","Bullet Time"],"picked":"Corpse Explosion","floor":33},{"not_picked":["Deadly Poison","Warcry+1","Slice+1"],"picked":"Accuracy+1","floor":35},{"not_picked":["True Grit+1","Acrobatics+1","Flex+1"],"picked":"Bouncing Flask","floor":37},{"not_picked":["Outmaneuver+1","Heel Hook","Slice+1"],"picked":"Dodge and Roll","floor":40},{"not_picked":["Demon Form","Power Through+1","Dodge and Roll"],"picked":"Armaments","floor":42},{"not_picked":["Phantasmal Killer","Warcry","Combust+1"],"picked":"Blade Dance+1","floor":45},{"not_picked":["Masterful Stab+1","Armaments+1","Headbutt"],"picked":"Blade Dance","floor":46},{"not_picked":["Warcry+1","Clash","Deadly Poison"],"picked":"Poisoned Stab+1","floor":47},{"not_picked":["Searing Blow+1","Masterful Stab","Thunderclap+1"],"picked":"Headbutt+1","floor":48},{"not_picked":["Feed","Perfected Strike","Sucker Punch+1","Dagger Throw"],"picked":"SKIP","floor":54}],"player_experience":2178085,"relics_obtained":[{"floor":9,"key":"Whetstone"},{"floor":14,"key":"InkBottle"},{"floor":24,"key":"Thread and Needle"},{"floor":26,"key":"Bottled Tornado"},{"floor":40,"key":"Bronze Scales"},{"floor":42,"key":"Toy Ornithopter"},{"floor":43,"key":"Mercury Hourglass"},{"floor":45,"key":"Mango"},{"floor":54,"key":"Letter Opener"}],"event_choices":[{"damage_healed":0,"gold_gain":0,"player_choice":"Entered Light","damage_taken":14,"max_hp_gain":0,"max_hp_loss":0,"event_name":"Shining Light","floor":3,"gold_loss":0,"cards_upgraded":["Blade Dance","Defend_G"]},{"damage_healed":0,"gold_gain":0,"player_choice":"Donut","damage_taken":0,"max_hp_gain":5,"max_hp_loss":0,"event_name":"Big Fish","floor":7,"gold_loss":0},{"damage_healed":0,"gold_gain":75,"player_choice":"Gather Gold","damage_taken":11,"max_hp_gain":0,"max_hp_loss":0,"event_name":"World of Goop","floor":12,"gold_loss":0},{"damage_healed":0,"gold_gain":0,"player_choice":"Ignored","damage_taken":0,"max_hp_gain":0,"max_hp_loss":0,"event_name":"betterNote:BetterNote","floor":19,"gold_loss":0,"cards_obtained":["Limit Break"]},{"damage_healed":0,"gold_gain":75,"player_choice":"Touch","damage_taken":7,"max_hp_gain":0,"max_hp_loss":0,"event_name":"FaceTrader","floor":20,"gold_loss":0},{"damage_healed":0,"gold_gain":0,"player_choice":"Ignored","damage_taken":0,"max_hp_gain":0,"max_hp_loss":0,"event_name":"Tomb of Lord Red Mask","floor":36,"gold_loss":0},{"damage_healed":0,"gold_gain":0,"player_choice":"Embrace Madness","damage_taken":9,"max_hp_gain":0,"max_hp_loss":0,"event_name":"Winding Halls","floor":38,"gold_loss":0,"cards_obtained":["Madness","Madness"]},{"damage_healed":0,"gold_gain":0,"player_choice":"Copied","damage_taken":0,"max_hp_gain":0,"max_hp_loss":0,"event_name":"Duplicator","floor":39,"gold_loss":0,"cards_obtained":["Blur"]}],"is_beta":false,"boss_relics":[{"not_picked":["aspiration:FutureDiary","HoveringKite"],"picked":"Philosopher\u0027s Stone"},{"not_picked":["Runic Pyramid","aspiration:WatcherSkillbook"],"picked":"aspiration:IroncladSkillbook"}],"items_purged_floors":[],"is_endless":false,"potions_floor_spawned":[2,14,21,22,29,33,40,45,46],"killed_by":"The Heart","ascension_level":1}}