{"host":"i1h39d0gfh5c6uxl","time":1609903405,"event":{"mods":["AchievementEnabler","BaseMod","Colored Map","Colored Powertips","Highlight Path","Minty Spire (QoL Compilation)"],"gold_per_floor":[113,125,145,12,32,32,58,71,71,102,120,134,134,134],"floor_reached":13,"playtime":547,"items_purged":["Parasite"],"score":198,"play_id":"5b932b92-ad10-4afb-91ca-071d4eac42ca","local_time":"20210106112325","is_ascension_mode":true,"campfire_choices":[{"data":"Clothesline","floor":6,"key":"SMITH"}],"circlet_count":0,"master_deck":["AscendersBane","Strike_R","Strike_R","Strike_R","Strike_R","Strike_R+1","Defend_R","Defend_R","Defend_R","Defend_R","Bash","Pommel Strike","Sword Boomerang","Shockwave","Twin Strike+1","Clothesline+1","Feed","True Grit","Armaments"],"relics":["Burning Blood","Peace Pipe","Self Forming Clay","Centennial Puzzle","Whetstone"],"acts_visited":["Exordium"],"potions_floor_usage":[3,7,10,10,13],"damage_taken":[{"damage":7,"enemies":"Cultist","floor":1,"turns":4},{"damage":5,"enemies":"Small Slimes","floor":2,"turns":4},{"damage":3,"enemies":"Jaw Worm","floor":3,"turns":3},{"damage":15,"enemies":"Red Slaver","floor":5,"turns":4},{"damage":20,"enemies":"Gremlin Nob","floor":7,"turns":4},{"damage":10,"enemies":"2 Fungi Beasts","floor":8,"turns":3},{"damage":35,"enemies":"3 Sentries","floor":10,"turns":9},{"damage":12,"enemies":"Exordium Wildlife","floor":11,"turns":5},{"damage":12,"enemies":"Lots of Slimes","floor":12,"turns":4},{"damage":21,"enemies":"Gremlin Nob","floor":13,"turns":3}],"seed_played":"419069874804171213","potions_obtained":[{"floor":1,"key":"EssenceOfSteel"},{"floor":3,"key":"ColorlessPotion"},{"floor":7,"key":"Weak Potion"},{"floor":8,"key":"Strength Potion"},{"floor":10,"key":"Fruit Juice"}],"is_trial":false,"path_per_floor":["M","M","M","$","M","R","E","M","T","E","M","M","E"],"character_chosen":"IRONCLAD","items_purchased":["Twin Strike"],"campfire_rested":0,"item_purchase_floors":[4],"current_hp_per_floor":[67,68,71,71,62,62,48,44,44,20,17,14,0,0],"gold":134,"neow_bonus":"ONE_RARE_RELIC","is_daily":false,"chose_seed":false,"campfire_upgraded":1,"win_rate":0.0,"timestamp":1609903405,"path_taken":["M","M","M","$","M","R","E","M","T","E","M","M","E"],"items_purchased_type":["Card"],"build_version":"2020-12-22","purchased_purges":1,"victory":false,"max_hp_per_floor":[75,75,75,72,72,72,72,72,72,77,80,83,83,83],"card_choices":[{"not_picked":["Havoc","Anger"],"picked":"Pommel Strike","floor":1},{"not_picked":["Havoc","Inflame"],"picked":"Sword Boomerang","floor":2},{"not_picked":["Rupture","Anger"],"picked":"Shockwave","floor":3},{"not_picked":["Anger","Entrench"],"picked":"Clothesline","floor":5},{"not_picked":["Reckless Charge","Anger"],"picked":"Feed","floor":7},{"not_picked":["Warcry","Inflame","Entrench"],"picked":"SKIP","floor":8},{"not_picked":["Body Slam","Anger"],"picked":"True Grit","floor":10},{"not_picked":["Entrench","Barricade","Sword Boomerang"],"picked":"SKIP","floor":11},{"not_picked":["Evolve","Havoc"],"picked":"Armaments","floor":12}],"player_experience":1313920,"relics_obtained":[{"floor":7,"key":"Self Forming Clay"},{"floor":9,"key":"Centennial Puzzle"},{"floor":10,"key":"Whetstone"}],"event_choices":[],"is_beta":false,"boss_relics":[],"items_purged_floors":[4],"is_endless":false,"potions_floor_spawned":[1,3,7,8,10],"killed_by":"Gremlin Nob","ascension_level":20}}