{"host":"uexwcb0k0pockgi8","time":1609903561,"event":{"mods":["BaseMod","Minty Spire (QoL Compilation)","Robot Space Explorer","StSLib","The Marked","The Senshi"],"gold_per_floor":[111,186,186,196,196,196,212,275,302,267,286,314,324,338,338,437,437,453,453,453,453,465,497,513,513,513],"floor_reached":25,"playtime":2008,"items_purged":[],"score":248,"play_id":"76cc6e5a-bfc1-4d68-a6c7-cf89b9484457","local_time":"20210105192601","is_ascension_mode":false,"campfire_choices":[{"data":"theSenshi:MoonCrystalPowerMakeUp","floor":6.0,"key":"SMITH"},{"floor":15.0,"key":"REST"}],"circlet_count":0,"master_deck":["theSenshi:SailorKick","theSenshi:SailorKick","theSenshi:SailorKick","theSenshi:SailorKick","theSenshi:SailorBlock","theSenshi:SailorBlock","theSenshi:SailorBlock","theSenshi:SailorBlock","theSenshi:RoseThrow","theSenshi:MoonPrismPowerMakeUp","theSenshi:MoonPunch","theSenshi:MoonCrystalPowerMakeUp+1","theSenshi:SailorBlock","theSenshi:HesSoDreamy","theSenshi:SailorV","theSenshi:MoonTiaraMagic","theSenshi:SailorMarsAssists","theSenshi:WarriorOfTheMoon","theSenshi:TallSilhouette","theSenshi:SailorUranusAssists","theSenshi:WarriorOfTheMoon","theSenshi:SailorMercuryAssists","theSenshi:LunasBite","theSenshi:TallSilhouette","theSenshi:SailorChibiMoonAssists"],"relics":["theSenshi:TransformationBroochRelic","FaceOfCleric","White Beast Statue","Bronze Scales","Oddly Smooth Stone","Black Star","Shuriken","Sundial","theSenshi:CrystalStarRelic"],"acts_visited":["Exordium","TheCity"],"potions_floor_usage":[25],"damage_taken":[{"damage":0.0,"enemies":"2 Louse","floor":1.0,"turns":3.0},{"damage":0.0,"enemies":"Cultist","floor":4.0,"turns":3.0},{"damage":4.0,"enemies":"Small Slimes","floor":7.0,"turns":6.0},{"damage":44.0,"enemies":"Lagavulin Event","floor":8.0,"turns":8.0},{"damage":5.0,"enemies":"2 Fungi Beasts","floor":11.0,"turns":4.0},{"damage":28.0,"enemies":"Lagavulin","floor":12.0,"turns":7.0},{"damage":2.0,"enemies":"Blue Slaver","floor":13.0,"turns":3.0},{"damage":1.0,"enemies":"3 Louse","floor":14.0,"turns":3.0},{"damage":11.0,"enemies":"Hexaghost","floor":16.0,"turns":10.0},{"damage":29.0,"enemies":"3 Byrds","floor":18.0,"turns":5.0},{"damage":12.0,"enemies":"Chosen","floor":22.0,"turns":6.0},{"damage":25.0,"enemies":"Book of Stabbing","floor":23.0,"turns":8.0},{"damage":51.0,"enemies":"3 Cultists","floor":24.0,"turns":8.0},{"damage":15,"enemies":"Snake Plant","floor":25,"turns":3}],"seed_played":"206964303949621009","potions_obtained":[{"floor":7.0,"key":"BlessingOfTheForge"},{"floor":11.0,"key":"Block Potion"},{"floor":12.0,"key":"Energy Potion"},{"floor":14.0,"key":"Regen Potion"},{"floor":16.0,"key":"DuplicationPotion"},{"floor":18.0,"key":"Fire Potion"},{"floor":22.0,"key":"Swift Potion"},{"floor":23.0,"key":"Strength Potion"},{"floor":24.0,"key":"SkillPotion"}],"is_trial":false,"path_per_floor":["M","?","?","M","?","R","M","?","T","?","M","E","M","M","R","B",null,"M","?","?","?","M","E","M","M"],"character_chosen":"THE_SENSHI","items_purchased":[],"campfire_rested":1,"item_purchase_floors":[],"current_hp_per_floor":[82,71,71,72,72,72,69,26,26,47,43,16,15,15,41,46,90,62,62,62,91,80,56,10,0,0],"gold":513,"neow_bonus":"TEN_PERCENT_HP_BONUS","is_daily":false,"chose_seed":false,"campfire_upgraded":1,"win_rate":0.0,"timestamp":1609903561,"path_taken":["M","?","?","?","?","R","?","?","T","?","M","E","M","M","R","BOSS","M","?","?","?","M","E","M","M"],"items_purchased_type":[],"build_version":"2020-12-22","purchased_purges":0,"victory":false,"max_hp_per_floor":[82,82,82,83,83,83,84,85,85,85,86,87,88,89,89,90,90,91,91,91,91,92,93,94,94,94],"card_choices":[{"not_picked":["theSenshi:EncouragingSpeech","theSenshi:RainbowMoonHeartAche"],"picked":"theSenshi:MoonPunch","floor":1.0},{"not_picked":["theSenshi:SailorMercuryAssists","theSenshi:MoonPower"],"picked":"theSenshi:MoonCrystalPowerMakeUp","floor":4.0},{"not_picked":["theSenshi:SteeledNerves","theSenshi:SailorMarsAssists"],"picked":"theSenshi:SailorV","floor":7.0},{"not_picked":["theSenshi:MercurysCunning","theSenshi:Overload"],"picked":"theSenshi:MoonTiaraMagic","floor":8.0},{"not_picked":["theSenshi:SchoolBag","theSenshi:MoonsReflection"],"picked":"theSenshi:SailorMarsAssists","floor":11.0},{"not_picked":["theSenshi:LateForSchool","theSenshi:SailorChibiMoonAssists"],"picked":"theSenshi:WarriorOfTheMoon","floor":12.0},{"not_picked":["theSenshi:MoonTiaraMagic","theSenshi:SailorVenusAssists"],"picked":"theSenshi:TallSilhouette","floor":13.0},{"not_picked":["theSenshi:MoonKick","theSenshi:YouCanTalk"],"picked":"theSenshi:SailorUranusAssists","floor":14.0},{"not_picked":["theSenshi:LunaSensingAllies","theSenshi:SilverMoonCrystalPowerKiss"],"picked":"theSenshi:WarriorOfTheMoon","floor":16.0},{"not_picked":["theSenshi:DramaticEntrance","theSenshi:SchoolBag"],"picked":"theSenshi:SailorMercuryAssists","floor":18.0},{"not_picked":["theSenshi:Sidestep","theSenshi:OdangoHead"],"picked":"theSenshi:LunasBite","floor":22.0},{"not_picked":["theSenshi:EncouragingSpeech","theSenshi:NeptunesGrace"],"picked":"theSenshi:TallSilhouette","floor":23.0},{"not_picked":["theSenshi:DramaticEntrance","theSenshi:CrisisMakeUp"],"picked":"theSenshi:SailorChibiMoonAssists","floor":24.0}],"player_experience":149303,"relics_obtained":[{"floor":8.0,"key":"White Beast Statue"},{"floor":9.0,"key":"Bronze Scales"},{"floor":12.0,"key":"Oddly Smooth Stone"},{"floor":23.0,"key":"Sundial"},{"floor":23.0,"key":"theSenshi:CrystalStarRelic"}],"event_choices":[{"damage_healed":0.0,"max_hp_gain":0.0,"max_hp_loss":0.0,"gold_gain":75.0,"event_name":"World of Goop","player_choice":"Gather Gold","floor":2.0,"gold_loss":0.0,"damage_taken":11.0},{"damage_healed":0.0,"max_hp_gain":0.0,"max_hp_loss":0.0,"gold_gain":0.0,"event_name":"FaceTrader","player_choice":"Trade","floor":3.0,"gold_loss":0.0,"damage_taken":0.0,"relics_obtained":["FaceOfCleric"]},{"damage_healed":0.0,"max_hp_gain":0.0,"max_hp_loss":0.0,"gold_gain":0.0,"event_name":"Match and Keep!","player_choice":"2 cards matched","floor":5.0,"gold_loss":0.0,"damage_taken":0.0,"cards_obtained":["theSenshi:SailorBlock","theSenshi:HesSoDreamy"]},{"damage_healed":0.0,"max_hp_gain":0.0,"max_hp_loss":0.0,"gold_gain":0.0,"event_name":"Dead Adventurer","player_choice":"Searched \u00271\u0027 times","floor":8.0,"gold_loss":0.0,"damage_taken":0.0},{"damage_healed":21.0,"max_hp_gain":0.0,"max_hp_loss":0.0,"gold_gain":0.0,"event_name":"The Cleric","player_choice":"Healed","floor":10.0,"gold_loss":35.0,"damage_taken":0.0},{"damage_healed":0.0,"max_hp_gain":0.0,"max_hp_loss":0.0,"gold_gain":0.0,"event_name":"The Mausoleum","player_choice":"Opened","floor":19.0,"gold_loss":0.0,"damage_taken":0.0,"relics_obtained":["Shuriken"]},{"damage_healed":0.0,"max_hp_gain":0.0,"max_hp_loss":0.0,"gold_gain":0.0,"event_name":"Ghosts","player_choice":"Ignored","floor":20.0,"gold_loss":0.0,"damage_taken":0.0},{"damage_healed":30.0,"max_hp_gain":0.0,"max_hp_loss":0.0,"gold_gain":0.0,"event_name":"The Library","player_choice":"Heal","floor":21.0,"gold_loss":0.0,"damage_taken":0.0}],"is_beta":false,"boss_relics":[{"not_picked":["Astrolabe","SlaversCollar"],"picked":"Black Star"}],"items_purged_floors":[],"is_endless":false,"potions_floor_spawned":[7,11,12,13,14,16,18,22,23,24],"killed_by":"Snake Plant","ascension_level":0}}