{"host":"agbyy69nq62afhwx","time":1609958540,"event":{"mods":["BaseMod","Colored Map","DeckTracker","Highlight Path","Keyboard Shortcuts","Minty Spire (QoL Compilation)","Quick Restart","StSLib","SuperFastMode","everything is the same but u backflip on backflip"],"gold_per_floor":[20,39,53,11,11,11,21,41,41,52,52,69,69,80,80,158,208,227,204,219,233,233,233],"floor_reached":22,"playtime":947,"items_purged":[],"score":340,"play_id":"017a4bf2-be67-4ce2-85b7-afb3f6fc8b89","local_time":"20210107034220","is_ascension_mode":true,"campfire_choices":[{"data":"Well Laid Plans","floor":6.0,"key":"SMITH"},{"floor":11.0,"key":"REST"},{"floor":15.0,"key":"REST"}],"circlet_count":0,"master_deck":["AscendersBane","Strike_G","Strike_G","Strike_G","Strike_G","Strike_G","Defend_G","Defend_G","Defend_G","Defend_G+1","Defend_G","Survivor","Neutralize","Reflex+1","Dagger Throw","Well Laid Plans+1","Eviscerate","PiercingWail","Calculated Gamble","Venomology","Prepared+1","Reflex","Adrenaline"],"relics":["Ring of the Snake","Matryoshka","Tiny House"],"acts_visited":["Exordium","TheCity"],"potions_floor_usage":[],"damage_taken":[{"damage":0.0,"enemies":"2 Louse","floor":1.0,"turns":4.0},{"damage":11.0,"enemies":"Cultist","floor":2.0,"turns":6.0},{"damage":7.0,"enemies":"Small Slimes","floor":3.0,"turns":5.0},{"damage":42.0,"enemies":"Exordium Thugs","floor":7.0,"turns":8.0},{"damage":9.0,"enemies":"2 Fungi Beasts","floor":8.0,"turns":5.0},{"damage":0.0,"enemies":"Blue Slaver","floor":10.0,"turns":5.0},{"damage":14.0,"enemies":"Large Slime","floor":12.0,"turns":7.0},{"damage":0.0,"enemies":"3 Louse","floor":14.0,"turns":3.0},{"damage":19.0,"enemies":"Hexaghost","floor":16.0,"turns":11.0},{"damage":36.0,"enemies":"Shell Parasite","floor":18.0,"turns":8.0},{"damage":5.0,"enemies":"2 Thieves","floor":19.0,"turns":4.0},{"damage":28.0,"enemies":"Chosen and Byrds","floor":20.0,"turns":10.0},{"damage":23.0,"enemies":"3 Cultists","floor":21.0,"turns":7.0},{"damage":0,"enemies":"Shelled Parasite and Fungi","floor":22,"turns":1}],"seed_played":"-6979996687490175050","potions_obtained":[{"floor":1.0,"key":"ColorlessPotion"},{"floor":10.0,"key":"Block Potion"},{"floor":16.0,"key":"Weak Potion"},{"floor":17.0,"key":"FairyPotion"},{"floor":20.0,"key":"BlessingOfTheForge"}],"is_trial":false,"path_per_floor":["M","M","M","$","?","R","M","M","T","M","R","M","$","M","R","B",null,"M","M","M","M","M"],"character_chosen":"THE_SILENT","items_purchased":["Well Laid Plans"],"campfire_rested":2,"item_purchase_floors":[4],"current_hp_per_floor":[71,60,53,53,53,53,11,2,2,2,25,11,11,11,34,15,67,31,26,24,1,1,1],"gold":233,"neow_bonus":"TWENTY_PERCENT_HP_BONUS","is_daily":false,"chose_seed":false,"campfire_upgraded":1,"win_rate":0.0,"timestamp":1609958540,"path_taken":["M","M","M","$","?","R","M","M","T","M","R","?","$","M","R","BOSS","M","M","M","?","M"],"items_purchased_type":["Card"],"build_version":"2020-12-22","purchased_purges":0,"victory":false,"max_hp_per_floor":[78,78,78,78,78,78,78,78,78,78,78,78,78,78,78,78,83,83,83,83,83,83,83],"card_choices":[{"not_picked":["Flying Knee","Slice"],"picked":"Reflex","floor":1.0},{"not_picked":["Choke","Dodge and Roll"],"picked":"Dagger Throw","floor":2.0},{"not_picked":["Deflect","Caltrops","Bane"],"picked":"SKIP","floor":3.0},{"not_picked":["Expertise","Slice","Deflect"],"picked":"SKIP","floor":7.0},{"not_picked":["Bane","Quick Slash"],"picked":"Eviscerate","floor":8.0},{"not_picked":["PiercingWail","Outmaneuver","Flying Knee"],"picked":"SKIP","floor":10.0},{"not_picked":["Outmaneuver","Flying Knee"],"picked":"PiercingWail","floor":10.0},{"not_picked":["Bouncing Flask","All Out Attack"],"picked":"Calculated Gamble","floor":12.0},{"not_picked":["Deflect","Leg Sweep","Malaise"],"picked":"SKIP","floor":14.0},{"not_picked":["Unload","Burst"],"picked":"Venomology","floor":16.0},{"not_picked":["Backflip","Blur"],"picked":"Prepared+1","floor":18.0},{"not_picked":["Bane","Bouncing Flask"],"picked":"Reflex","floor":19.0},{"not_picked":["Quick Slash","Escape Plan"],"picked":"Adrenaline","floor":20.0},{"not_picked":["Poisoned Stab","PiercingWail","Sucker Punch"],"picked":"SKIP","floor":21.0}],"player_experience":397442,"relics_obtained":[{"floor":9.0,"key":"Matryoshka"}],"event_choices":[{"damage_healed":0.0,"max_hp_gain":0.0,"max_hp_loss":0.0,"gold_gain":0.0,"event_name":"Upgrade Shrine","player_choice":"Upgraded","floor":5.0,"gold_loss":0.0,"damage_taken":0.0,"cards_upgraded":["Reflex"]}],"is_beta":false,"boss_relics":[{"not_picked":["Ectoplasm","Busted Crown"],"picked":"Tiny House"}],"items_purged_floors":[],"is_endless":false,"potions_floor_spawned":[1,10,16,19,20],"killed_by":"Shelled Parasite and Fungi","ascension_level":17}}