{"host":"7pe9xwx78c6nlay8","time":1609925459,"event":{"mods":["BaseMod","Minty Spire (QoL Compilation)"],"gold_per_floor":[112,128,148,161,161,190,190,217,217,217,367,398,66,79,79,156,156,168,168,93,93,110,144,144,173,196,196,196],"floor_reached":27,"playtime":1026,"items_purged":[],"score":484,"play_id":"ab417bf9-4992-4eff-a22f-89a8bf300413","local_time":"20210106173059","is_ascension_mode":true,"campfire_choices":[{"floor":7.0,"key":"REST"},{"floor":10.0,"key":"REST"},{"data":"Eruption","floor":15.0,"key":"SMITH"},{"floor":24.0,"key":"REST"}],"circlet_count":0,"master_deck":["AscendersBane","Strike_P+1","Defend_P","Defend_P","Defend_P","Eruption+1","Vigilance","SandsOfTime","ThirdEye","SandsOfTime","Wallop","WindmillStrike+1","Wireheading","Nirvana","TalkToTheHand","SandsOfTime","CutThroughFate","Study","EmptyFist"],"relics":["PureWater","Mercury Hourglass","Damaru","Blue Candle","Sundial","Whetstone","Black Star","Art of War","Ancient Tea Set","Peace Pipe","Happy Flower","Nunchaku"],"acts_visited":["Exordium","TheCity"],"potions_floor_usage":[25],"damage_taken":[{"damage":5.0,"enemies":"Small Slimes","floor":1.0,"turns":5.0},{"damage":2.0,"enemies":"2 Louse","floor":2.0,"turns":3.0},{"damage":12.0,"enemies":"Jaw Worm","floor":3.0,"turns":3.0},{"damage":11.0,"enemies":"3 Louse","floor":4.0,"turns":5.0},{"damage":18.0,"enemies":"3 Sentries","floor":6.0,"turns":12.0},{"damage":16.0,"enemies":"Gremlin Nob","floor":8.0,"turns":3.0},{"damage":5.0,"enemies":"Lagavulin","floor":12.0,"turns":5.0},{"damage":0.0,"enemies":"Large Slime","floor":14.0,"turns":4.0},{"damage":19.0,"enemies":"Hexaghost","floor":16.0,"turns":7.0},{"damage":27.0,"enemies":"3 Byrds","floor":18.0,"turns":4.0},{"damage":25.0,"enemies":"Shell Parasite","floor":22.0,"turns":5.0},{"damage":20.0,"enemies":"Gremlin Leader","floor":23.0,"turns":6.0},{"damage":21,"enemies":"Book of Stabbing","floor":25,"turns":5},{"damage":18,"enemies":"Snake Plant","floor":27,"turns":2}],"seed_played":"-6434760048858704576","potions_obtained":[{"floor":1.0,"key":"Dexterity Potion"},{"floor":3.0,"key":"DuplicationPotion"},{"floor":12.0,"key":"AttackPotion"},{"floor":14.0,"key":"Strength Potion"},{"floor":16.0,"key":"ColorlessPotion"},{"floor":18.0,"key":"Regen Potion"},{"floor":23.0,"key":"SpeedPotion"}],"is_trial":false,"path_per_floor":["M","M","M","M","?","E","R","E","T","R","?","E","$","M","R","B",null,"M","?","?","?","M","E","R","E","T","M"],"character_chosen":"WATCHER","items_purchased":["Nirvana","TalkToTheHand","Whetstone"],"campfire_rested":3,"item_purchase_floors":[13,13,13],"current_hp_per_floor":[38,36,24,13,35,17,37,21,21,41,41,36,36,36,36,17,55,28,28,28,42,17,12,32,11,11,0,0],"gold":196,"neow_bonus":"REMOVE_TWO","is_daily":false,"chose_seed":false,"campfire_upgraded":1,"win_rate":0.0,"timestamp":1609925459,"path_taken":["M","M","M","M","?","E","R","E","T","R","?","E","$","M","R","BOSS","M","?","?","?","M","E","R","E","T","M"],"items_purchased_type":["Card","Card","Relic"],"build_version":"2020-12-22","purchased_purges":0,"victory":false,"max_hp_per_floor":[68,68,68,68,68,68,68,68,68,68,68,68,68,68,68,68,68,68,68,68,68,68,68,68,68,68,68,68],"card_choices":[{"not_picked":["FollowUp","Crescendo"],"picked":"SandsOfTime","floor":1.0},{"not_picked":["InnerPeace","EmptyBody","Halt"],"picked":"SKIP","floor":2.0},{"not_picked":["CutThroughFate","FollowUp"],"picked":"ThirdEye","floor":3.0},{"not_picked":["SpiritShield","Consecrate"],"picked":"SandsOfTime","floor":4.0},{"not_picked":["CutThroughFate","Halt"],"picked":"Wallop","floor":6.0},{"not_picked":["FollowUp","Study"],"picked":"WindmillStrike","floor":8.0},{"not_picked":["Vengeance","EmptyMind"],"picked":"Wireheading","floor":12.0},{"not_picked":["BattleHymn","EmptyFist"],"picked":"SandsOfTime","floor":14.0},{"not_picked":["EmptyBody","SandsOfTime"],"picked":"CutThroughFate","floor":18.0},{"not_picked":["Sanctity","BowlingBash","BattleHymn"],"picked":"SKIP","floor":22.0},{"not_picked":["CrushJoints+1","ClearTheMind","FollowUp"],"picked":"SKIP","floor":23.0},{"not_picked":["Meditate","ClearTheMind+1","Wireheading+1"],"picked":"SKIP","floor":25}],"player_experience":1605878,"relics_obtained":[{"floor":6.0,"key":"Mercury Hourglass"},{"floor":8.0,"key":"Damaru"},{"floor":9.0,"key":"Blue Candle"},{"floor":12.0,"key":"Sundial"},{"floor":23.0,"key":"Art of War"},{"floor":23.0,"key":"Ancient Tea Set"},{"floor":25,"key":"Peace Pipe"},{"floor":25,"key":"Happy Flower"},{"floor":26,"key":"Nunchaku"}],"event_choices":[{"damage_healed":22.0,"max_hp_gain":0.0,"max_hp_loss":0.0,"gold_gain":0.0,"event_name":"Big Fish","player_choice":"Banana","floor":5.0,"gold_loss":0.0,"damage_taken":0.0},{"damage_healed":0.0,"max_hp_gain":0.0,"max_hp_loss":0.0,"gold_gain":150.0,"event_name":"Liars Game","player_choice":"AGREE","floor":11.0,"gold_loss":0.0,"damage_taken":0.0,"cards_obtained":["Doubt"]},{"damage_healed":0.0,"max_hp_gain":0.0,"max_hp_loss":0.0,"gold_gain":0.0,"cards_transformed":["Strike_P","Strike_P"],"event_name":"Drug Dealer","player_choice":"Became Test Subject","floor":19.0,"gold_loss":0.0,"damage_taken":0.0,"cards_obtained":["Study","EmptyFist"]},{"cards_removed":["Doubt"],"damage_healed":0.0,"max_hp_gain":0.0,"max_hp_loss":0.0,"gold_gain":0.0,"event_name":"Beggar","player_choice":"Gave Gold","floor":20.0,"gold_loss":75.0,"damage_taken":0.0},{"damage_healed":14.0,"max_hp_gain":0.0,"max_hp_loss":0.0,"gold_gain":0.0,"event_name":"The Library","player_choice":"Heal","floor":21.0,"gold_loss":0.0,"damage_taken":0.0}],"is_beta":false,"boss_relics":[{"not_picked":["Calling Bell","SacredBark"],"picked":"Black Star"}],"items_purged_floors":[],"is_endless":false,"potions_floor_spawned":[1,3,12,14,16,18,23],"killed_by":"Snake Plant","ascension_level":16}}