{"host":"tzyzz5n7hg2ni9q2","time":1609940191,"event":{"mods":["BaseMod","Minty Spire (QoL Compilation)","Quick Restart"],"gold_per_floor":[119,131,16,33,33,51,51,77,100,180,180,191,191,210,210,312,312,324,337,368,368,148,148,176,186,186,202,202,222,252,272,272,374,374,394,413,413,635,378,378,389,389,389,470,489,489,541,569,569,569,569,569,21,47,47,47],"floor_reached":55,"playtime":2029,"items_purged":["Strike_B","Defragment","Strike_B"],"score":918,"play_id":"2048225f-803c-4dd3-bbf5-107ab5c2427c","local_time":"20210106143631","is_ascension_mode":true,"campfire_choices":[{"floor":7.0,"key":"REST"},{"data":"Defragment","floor":11.0,"key":"SMITH"},{"data":"Go for the Eyes","floor":13.0,"key":"SMITH"},{"data":"Zap","floor":15.0,"key":"SMITH"},{"data":"Defragment","floor":23.0,"key":"SMITH"},{"floor":28.0,"key":"REST"},{"floor":32.0,"key":"REST"},{"floor":40,"key":"RECALL"},{"data":"Capacitor","floor":42,"key":"SMITH"},{"floor":46,"key":"REST"},{"floor":49,"key":"REST"},{"data":"Echo Form","floor":52,"key":"SMITH"}],"circlet_count":0,"master_deck":["Strike_B","Strike_B","Defend_B","Defend_B","Defend_B","Defend_B","Zap+1","Dualcast","Ball Lightning","Defragment+1","FTL","Reinforced Body","Genetic Algorithm","Dramatic Entrance","Go for the Eyes+1","Self Repair","Electrodynamics","Defragment+1","Conserve Battery","Steam+1","Defragment+1","Glacier","Capacitor+1","Leap","Reboot","Madness","Madness","Echo Form+1"],"relics":["Cracked Core","Vajra","Centennial Puzzle","Bag of Marbles","Letter Opener","Black Star","Red Mask","Lantern","Toy Ornithopter","Tiny Chest","Pantograph","Gambling Chip","Oddly Smooth Stone","Busted Crown","Bag of Preparation","Shuriken","Bird Faced Urn","Kunai","Smiling Mask","TungstenRod","Bronze Scales","Symbiotic Virus","Pen Nib"],"acts_visited":["Exordium","TheCity","TheBeyond","TheEnding"],"potions_floor_usage":[45,47,50,55,55,55],"damage_taken":[{"damage":1.0,"enemies":"Cultist","floor":1.0,"turns":3.0},{"damage":7.0,"enemies":"Small Slimes","floor":2.0,"turns":3.0},{"damage":6.0,"enemies":"2 Louse","floor":4.0,"turns":2.0},{"damage":6.0,"enemies":"Gremlin Gang","floor":6.0,"turns":3.0},{"damage":14.0,"enemies":"3 Sentries","floor":8.0,"turns":5.0},{"damage":0.0,"enemies":"Red Slaver","floor":12.0,"turns":2.0},{"damage":0.0,"enemies":"2 Fungi Beasts","floor":14.0,"turns":2.0},{"damage":11.0,"enemies":"Slime Boss","floor":16.0,"turns":7.0},{"damage":5.0,"enemies":"Shell Parasite","floor":18.0,"turns":6.0},{"damage":5.0,"enemies":"Chosen","floor":19.0,"turns":4.0},{"damage":15.0,"enemies":"Masked Bandits","floor":20.0,"turns":3.0},{"damage":29.0,"enemies":"Slavers","floor":24.0,"turns":4.0},{"damage":3.0,"enemies":"Centurion and Healer","floor":25.0,"turns":3.0},{"damage":8.0,"enemies":"Snecko","floor":27.0,"turns":4.0},{"damage":16.0,"enemies":"Snake Plant","floor":29.0,"turns":3.0},{"damage":27.0,"enemies":"Book of Stabbing","floor":30.0,"turns":5.0},{"damage":0.0,"enemies":"Centurion and Healer","floor":31.0,"turns":5.0},{"damage":32,"enemies":"Automaton","floor":33,"turns":9},{"damage":1,"enemies":"Orb Walker","floor":35,"turns":3},{"damage":6,"enemies":"3 Darklings","floor":36,"turns":4},{"damage":9,"enemies":"Transient","floor":41,"turns":5},{"damage":46,"enemies":"Spire Growth","floor":45,"turns":5},{"damage":26,"enemies":"2 Orb Walkers","floor":47,"turns":5},{"damage":21,"enemies":"Reptomancer","floor":48,"turns":6},{"damage":50,"enemies":"Awakened One","floor":50,"turns":13},{"damage":34,"enemies":"Shield and Spear","floor":54,"turns":6},{"damage":82,"enemies":"The Heart","floor":55,"turns":5}],"seed_played":"-3075726653345386206","potions_obtained":[{"floor":1.0,"key":"BlessingOfTheForge"},{"floor":8.0,"key":"LiquidBronze"},{"floor":12.0,"key":"Strength Potion"},{"floor":19.0,"key":"PowerPotion"},{"floor":20.0,"key":"Regen Potion"},{"floor":29.0,"key":"AttackPotion"},{"floor":30.0,"key":"Dexterity Potion"},{"floor":31.0,"key":"PowerPotion"},{"floor":48,"key":"Energy Potion"},{"floor":54,"key":"EssenceOfSteel"}],"is_trial":false,"path_per_floor":["M","M","$","M","?","M","R","E","T","T","R","M","R","M","R","B",null,"M","M","?","?","$","R","E","M","T","M","R","M","E","M","R","B",null,"M","M","?","?","$","R","M","R","T","T","M","R","?","E","R","B",null,"R","$","E","B"],"character_chosen":"DEFECT","items_purchased":["FTL","Reinforced Body","Lantern","Bag of Preparation","TungstenRod","Bronze Scales","Dexterity Potion"],"campfire_rested":5,"item_purchase_floors":[3,3,22,39,53,53,53],"current_hp_per_floor":[67,60,60,54,54,48,70,56,56,56,56,56,56,63,63,59,71,73,75,60,60,60,60,50,47,47,39,61,52,25,32,54,50,69,75,75,66,66,66,66,57,57,57,57,16,38,24,22,44,47,68,68,68,51,0,0],"gold":47,"neow_bonus":"RANDOM_COMMON_RELIC","is_daily":false,"chose_seed":false,"campfire_upgraded":6,"win_rate":0.0,"timestamp":1609940191,"path_taken":["M","?","$","M","?","?","R","E","T","?","R","?","R","M","R","BOSS","M","M","?","?","$","R","E","M","T","M","R","?","E","M","R","BOSS","M","M","?","?","$","R","M","R","T","?","M","R","?","E","R","BOSS","R","$","E","BOSS"],"items_purchased_type":["Card","Card","Relic","Relic","Relic","Relic","Potion"],"build_version":"2020-12-22","purchased_purges":3,"victory":false,"max_hp_per_floor":[75,75,75,75,75,75,75,75,75,75,75,75,75,75,75,75,75,75,75,75,75,75,75,75,75,75,75,75,75,75,75,75,75,75,75,75,75,75,75,75,75,75,75,75,75,75,75,75,75,75,75,75,75,75,75,75],"card_choices":[{"not_picked":["Recycle","Go for the Eyes"],"picked":"Ball Lightning","floor":1.0},{"not_picked":["Melter","Compile Driver"],"picked":"Defragment","floor":2.0},{"not_picked":["Rainbow","Rebound"],"picked":"Genetic Algorithm","floor":4.0},{"not_picked":["Beam Cell","Gash"],"picked":"Go for the Eyes","floor":6.0},{"not_picked":["Reinforced Body","Steam Power"],"picked":"Self Repair","floor":8.0},{"not_picked":["Stack","Force Field","Barrage"],"picked":"SKIP","floor":12.0},{"not_picked":["Gash","Streamline","Rebound"],"picked":"SKIP","floor":14.0},{"not_picked":["Amplify","Thunder Strike"],"picked":"Electrodynamics","floor":16.0},{"not_picked":["Compile Driver","Streamline"],"picked":"Defragment","floor":18.0},{"not_picked":["Aggregate","Beam Cell+1"],"picked":"Conserve Battery","floor":19.0},{"not_picked":["Stack+1","Steam Power+1"],"picked":"Steam+1","floor":20.0},{"not_picked":["Lockon","Coolheaded+1"],"picked":"Glacier","floor":24.0},{"not_picked":["Gash+1","Streamline","Stack"],"picked":"SKIP","floor":25.0},{"not_picked":["Skim","Darkness","Rebound+1"],"picked":"SKIP","floor":27.0},{"not_picked":["Sunder","Barrage"],"picked":"Capacitor","floor":29.0},{"not_picked":["Beam Cell","Consume+1","Steam Power+1"],"picked":"SKIP","floor":30.0},{"not_picked":["Compile Driver","Undo"],"picked":"Leap","floor":31.0},{"not_picked":["Fission","Multi-Cast"],"picked":"Reboot","floor":33},{"not_picked":["Sweeping Beam"],"picked":"SKIP","floor":35},{"not_picked":[],"picked":"Defragment","floor":36},{"not_picked":["Turbo"],"picked":"SKIP","floor":41},{"not_picked":["Beam Cell+1"],"picked":"SKIP","floor":45},{"not_picked":[],"picked":"Echo Form","floor":48},{"not_picked":["Scrape"],"picked":"SKIP","floor":54}],"player_experience":251122,"relics_obtained":[{"floor":8.0,"key":"Centennial Puzzle"},{"floor":9.0,"key":"Bag of Marbles"},{"floor":10.0,"key":"Letter Opener"},{"floor":20.0,"key":"Red Mask"},{"floor":24.0,"key":"Toy Ornithopter"},{"floor":24.0,"key":"Tiny Chest"},{"floor":26.0,"key":"Pantograph"},{"floor":30.0,"key":"Gambling Chip"},{"floor":30.0,"key":"Oddly Smooth Stone"},{"floor":44,"key":"Shuriken"},{"floor":47,"key":"Bird Faced Urn"},{"floor":48,"key":"Kunai"},{"floor":48,"key":"Smiling Mask"},{"floor":54,"key":"Symbiotic Virus"},{"floor":54,"key":"Pen Nib"}],"event_choices":[{"damage_healed":0.0,"max_hp_gain":0.0,"max_hp_loss":0.0,"gold_gain":0.0,"event_name":"Match and Keep!","player_choice":"1 cards matched","floor":5.0,"gold_loss":0.0,"damage_taken":0.0,"cards_obtained":["Dramatic Entrance"]},{"damage_healed":0.0,"max_hp_gain":0.0,"max_hp_loss":0.0,"gold_gain":0.0,"event_name":"Masked Bandits","player_choice":"Fought Bandits","floor":20.0,"gold_loss":0.0,"damage_taken":0.0},{"damage_healed":0.0,"max_hp_gain":0.0,"max_hp_loss":0.0,"gold_gain":0.0,"event_name":"Duplicator","player_choice":"Copied","floor":21.0,"gold_loss":0.0,"damage_taken":0.0,"cards_obtained":["Defragment"]},{"damage_healed":0,"gold_gain":0,"player_choice":"Embrace Madness","damage_taken":9,"max_hp_gain":0,"max_hp_loss":0,"event_name":"Winding Halls","floor":37,"gold_loss":0,"cards_obtained":["Madness","Madness"]},{"damage_healed":0,"gold_gain":222,"player_choice":"Wore Mask","damage_taken":0,"max_hp_gain":0,"max_hp_loss":0,"event_name":"Tomb of Lord Red Mask","floor":38,"gold_loss":0},{"damage_healed":0,"gold_gain":0,"player_choice":"Fight","damage_taken":0,"max_hp_gain":0,"max_hp_loss":0,"event_name":"Mysterious Sphere","floor":47,"gold_loss":0}],"is_beta":false,"boss_relics":[{"not_picked":["Runic Dome","Cursed Key"],"picked":"Black Star"},{"not_picked":["Fusion Hammer","Astrolabe"],"picked":"Busted Crown"}],"items_purged_floors":[22,39,53],"is_endless":false,"potions_floor_spawned":[1,8,12,19,20,29,30,31,36,48,54],"killed_by":"The Heart","ascension_level":6}}