{"host":"ymw71f7rc9ndansy","time":1609898044,"event":{"mods":["ATMod(阿瑾Mod)","Act Like it!","Aspiration","BaseMod","DeckTracker","Hubris","Library of Ruina","Library of Ruina Extra","Lobotomy","LobotomyExtend","Minty Spire (QoL Compilation)","MostiFishMod","Remove Card Discount Mod","Replay The Spire","StSLib","TestMod","【功能Mod】精心准备","【遗物卡牌】REMEMod"],"gold_per_floor":[119,119,134,9,24,65,65,96,96,138,57,123,123,177,177,296,296,326,320,320,347,1346,1384,1384,1438,1486,1406,1452,1531,1557,1557,1557,1655,1655,1682,1701,1278,1308,1331,1396,1413,1454,1454,1525,1525,1538,1584,829,829,856,868,868,868,868,605,650,761],"floor_reached":58,"playtime":1525,"items_purged":["Strike_R","Strike_R","Strike_R","Strike_R","Strike_R","Amnesia","Injury","Defend_R","Bash","AT_TwilightShroud","AT_BodySlamDance","Double Tap","Expertise+1","Battle Trance+1","MostiFishMod:CullingBlade","Armaments+1","MostiFishMod:NewArrival"],"score":3526,"play_id":"0484e128-41fb-4a04-985e-4ddd44370e3d","local_time":"20210106095404","is_ascension_mode":true,"campfire_choices":[{"data":"Armaments","floor":7.0,"key":"SMITH"},{"floor":13.0,"key":"RECALL"},{"data":"Expertise","floor":15.0,"key":"SMITH"},{"data":"Limit Break","floor":24,"key":"SMITH"},{"data":"MostiFishMod:DarkDeal","floor":32,"key":"SMITH"},{"data":"MostiFishMod:DarkDeal","floor":45,"key":"SMITH"},{"data":"Bloodletting","floor":49,"key":"SMITH"},{"data":"Reaper","floor":54,"key":"SMITH"}],"circlet_count":0,"master_deck":["AscendersBane","Bloodletting+1","Limit Break+1","Entrench+1","Reaper+1","Entrench+1","Shockwave+1","hubris:DuctTapeCard"],"relics":["testmod-TestBox","REME_ComplimentaryCards","AT_ATBox","ShadowXiaoBlade","testmod-Alchemist","RedMistMask","BionicSphere","SynthV:TestCard","Golden Idol","Chameleon Ring","REME_ArchaeologicalTools","Replay:Kaleidoscope","aspiration:AnachronicSnailShell","DaveBox","JellyFishMachine","aspiration:Lifesprig","CeramicFish","Potion Belt","PageOfGalaxyChild","aspiration:RandomNobGenerator","War Paint","Replay:Rubber Ducky","hubris:ChampionShield","Quantum Egg","Anchor","PageOfBloodbath","Ice Cream","Lizard Tail","hubris:DuctTape"],"acts_visited":["Exordium","TheCity","TheBeyond","TheEnding"],"potions_floor_usage":[23,23,25,25,29,29,29,29,29,33,33,33,33,33,33,33,35,35,38,38,38,39,39,39,39,39,39,40,40,41,41,41,41,41,41,42,42,42,42,42,42,44,44,44,44,44,47,47,47,47,47,47,47,51,51,51,51,51,51,51,57,57,57,57,57,57,57,57,57,57,57,57,57,57,57,57,57,57,57,57,57],"damage_taken":[{"damage":0.0,"enemies":"2 Louse","floor":1.0,"turns":2.0},{"damage":0.0,"enemies":"Small Slimes","floor":3.0,"turns":2.0},{"damage":0.0,"enemies":"Jaw Worm","floor":5.0,"turns":2.0},{"damage":0.0,"enemies":"3 Sentries","floor":6.0,"turns":2.0},{"damage":0.0,"enemies":"Gremlin Nob","floor":8.0,"turns":1.0},{"damage":0.0,"enemies":"Lots of Slimes","floor":10.0,"turns":1.0},{"damage":0.0,"enemies":"3 Sentries","floor":12.0,"turns":1.0},{"damage":0.0,"enemies":"Gremlin Nob","floor":14.0,"turns":3.0},{"damage":3.0,"enemies":"Fading Forest","floor":16.0,"turns":4.0},{"damage":3.0,"enemies":"3 Byrds","floor":18.0,"turns":1.0},{"damage":0,"enemies":"Spheric Guardian","floor":21,"turns":1},{"damage":0,"enemies":"Slavers","floor":23,"turns":1},{"damage":3,"enemies":"REME_1_Revenger","floor":25,"turns":1},{"damage":3,"enemies":"Book of Stabbing","floor":28,"turns":2},{"damage":3,"enemies":"Cultist and Chosen","floor":29,"turns":1},{"damage":0,"enemies":"Snake Plant","floor":30,"turns":1},{"damage":9,"enemies":"Collector","floor":33,"turns":3},{"damage":0,"enemies":"Orb Walker","floor":35,"turns":2},{"damage":3,"enemies":"3 Shapes","floor":36,"turns":1},{"damage":0,"enemies":"3 Darklings","floor":38,"turns":1},{"damage":3,"enemies":"4 Shapes","floor":39,"turns":1},{"damage":0,"enemies":"R_Hoarder","floor":40,"turns":3},{"damage":6,"enemies":"Writhing Mass","floor":41,"turns":1},{"damage":0,"enemies":"Giant Head","floor":42,"turns":1},{"damage":5,"enemies":"R_Hoarder","floor":44,"turns":3},{"damage":3,"enemies":"Jaw Worm Horde","floor":46,"turns":1},{"damage":6,"enemies":"Reptomancer","floor":47,"turns":2},{"damage":12,"enemies":"Awakened One","floor":50,"turns":8},{"damage":6,"enemies":"Replay:Hell Engine","floor":51,"turns":2},{"damage":3,"enemies":"Shield and Spear","floor":56,"turns":2},{"damage":0,"enemies":"The Heart","floor":57,"turns":3}],"seed_played":"781697364132475277","potions_obtained":[{"floor":3.0,"key":"FearPotion"},{"floor":5.0,"key":"Energy Potion"},{"floor":30,"key":"Explosive Potion"},{"floor":47,"key":"PowerPotion"}],"is_trial":false,"path_per_floor":["M","?","M","$","M","E","R","E","T","M","$","E","R","E","R","B",null,"M","$","?","M","?","E","R","E","T","?","E","M","M","?","R","B",null,"M","M","$","M","M","E","M","E","T","E","R","M","E","$","R","B","B",null,null,"R","$","E","B",null],"character_chosen":"IRONCLAD","items_purchased":["EntropicBrew","MostiFishMod:DarkDeal","Shockwave","War Paint","Replay:Rubber Ducky","Ice Cream","Lizard Tail","MostiFishMod:NewArrival","hubris:DuctTape"],"campfire_rested":0,"item_purchase_floors":[4,11,37,37,37,48,48,48,55],"current_hp_per_floor":[68,68,68,68,68,68,68,68,68,68,68,68,68,68,68,65,73,70,70,70,70,70,70,70,75,75,75,75,72,75,75,75,75,75,75,75,75,75,75,75,75,75,75,71,71,75,72,72,72,63,69,69,74,74,74,75,75],"gold":761,"neow_bonus":"ONE_RARE_RELIC","is_daily":false,"chose_seed":false,"campfire_upgraded":7,"win_rate":0.0,"timestamp":1609898044,"path_taken":["M","?","M","$","M","E","R","E","T","M","$","E","R","E","R","BOSS","M","$","?","M","?","E","R","E","T","?","E","M","M","?","R","BOSS","M","M","$","M","M","E","M","E","T","E","R","M","E","$","R","BOSS","BOSS","R","$","E","BOSS"],"items_purchased_type":["Potion","Card","Card","Relic","Relic","Relic","Relic","Card","Relic"],"build_version":"2020-12-22","purchased_purges":17,"victory":true,"max_hp_per_floor":[75,75,75,75,75,75,75,75,75,75,75,75,75,75,75,75,75,75,75,75,75,75,75,75,75,75,75,75,75,75,75,75,75,75,75,75,75,75,75,75,75,75,75,75,75,75,75,75,75,75,75,75,75,75,75,75,75],"card_choices":[{"not_picked":["Blood for Blood","ReplayTheSpireMod:LeadingStrike"],"picked":"Armaments","floor":1.0},{"not_picked":["Perfected Strike","Replay:Undeath\u0027s Touch","Heavy Blade","True Grit","Wild Strike"],"picked":"SKIP","floor":3.0},{"not_picked":["Sword Boomerang","Iron Wave","Body Slam","Cleave"],"picked":"AT_BodySlamDance","floor":5.0},{"not_picked":["Carnage","Clash","Flex","AT_IchimonjiDouble","Armaments"],"picked":"SKIP","floor":6.0},{"not_picked":["Hemokinesis","Thunderclap","hubris:ReadiedAction","ReplayReversal","Cleave"],"picked":"SKIP","floor":8.0},{"not_picked":["Sentinel","Inflame","Headbutt","REME_Cut","Thunderclap"],"picked":"SKIP","floor":10.0},{"not_picked":["Cleave","Rampage","Hemogenesis","Run Through","Sword Boomerang"],"picked":"SKIP","floor":12.0},{"not_picked":["Bloodletting","Wild Strike","Pummel","Run Through","Rage"],"picked":"SKIP","floor":14.0},{"not_picked":["Wild Strike","Pummel","Run Through","Rage"],"picked":"Bloodletting","floor":14.0},{"not_picked":["Juggernaut","MostiFishMod:RacingGame","REME_TheLastStrike","Reaper"],"picked":"MostiFishMod:DarkDeal","floor":16.0},{"not_picked":["Rage","Clash","ReplayTheSpireMod:Strike From Hell","Anger"],"picked":"Entrench","floor":18.0},{"not_picked":["Thunderclap","hubris:CleavingFinish","AT_GerminateFire","Metallicize","Body Slam"],"picked":"SKIP","floor":21},{"not_picked":["Dropkick","Run Through","Exhume","True Grit"],"picked":"Reaper","floor":23},{"not_picked":["Flame Barrier","Blood for Blood+1","Armaments+1","Iron Wave"],"picked":"Battle Trance+1","floor":25},{"not_picked":["Twin Strike","Uppercut","ReplayTheSpireMod:Corrosion Curse","Cleave","Perfected Strike"],"picked":"SKIP","floor":28},{"not_picked":["Wild Strike+1","Anger","Demon Form","Run Through","Dual Wield"],"picked":"SKIP","floor":29},{"not_picked":["AT_IchimonjiDouble","Havoc","True Grit","Cleave"],"picked":"Entrench+1","floor":30},{"not_picked":["hubris:ReadiedAction","Metallicize","Defy Death+1","Flame Barrier+1","Body Slam"],"picked":"SKIP","floor":35},{"not_picked":["Run Through","AT_IchimonjiDouble","Flame Barrier+1","Dual Wield","Clothesline+1"],"picked":"SKIP","floor":36},{"not_picked":["Exhume","Perfected Strike+1","Replay:Undeath\u0027s Touch","AT_BodySlamDance","Dual Wield+1"],"picked":"SKIP","floor":38},{"not_picked":["Metallicize","ReplayTheSpireMod:Strike From Hell","Pommel Strike","Replay:Undeath\u0027s Touch","Reckless Charge"],"picked":"SKIP","floor":39},{"not_picked":["Twin Strike","Whirlwind","ReplayTheSpireMod:Corrosion Curse","Heavy Blade","Warcry"],"picked":"SKIP","floor":40},{"not_picked":["Perfected Strike","Shrug It Off+1","ReplayTheSpireMod:Limb From Limb","Thunderclap+1","Clothesline+1"],"picked":"SKIP","floor":41},{"not_picked":["Life Link","REME_SingleHolding","Juggernaut","Run Through+1","Anger"],"picked":"SKIP","floor":42},{"not_picked":["AT_DiedThrough","Sword Boomerang+1","hubris:ReadiedAction","Headbutt+1","Havoc"],"picked":"SKIP","floor":44},{"not_picked":["Flex","Replay:Undeath\u0027s Touch","True Grit+1","Heavy Blade","Havoc+1"],"picked":"SKIP","floor":46},{"not_picked":["Dual Wield","Shrug It Off","AT_ManFootWork","Reckless Charge","Replay:Many Hands"],"picked":"SKIP","floor":47}],"player_experience":1085314,"relics_obtained":[{"floor":1.0,"key":"SynthV:TestCard"},{"floor":6.0,"key":"Chameleon Ring"},{"floor":8.0,"key":"REME_ArchaeologicalTools"},{"floor":12.0,"key":"Replay:Kaleidoscope"},{"floor":14.0,"key":"aspiration:AnachronicSnailShell"},{"floor":23,"key":"aspiration:Lifesprig"},{"floor":25,"key":"CeramicFish"},{"floor":26,"key":"Potion Belt"},{"floor":28,"key":"PageOfGalaxyChild"},{"floor":40,"key":"hubris:ChampionShield"},{"floor":42,"key":"Quantum Egg"},{"floor":43,"key":"Anchor"},{"floor":44,"key":"PageOfBloodbath"}],"event_choices":[{"damage_healed":0.0,"max_hp_gain":0.0,"max_hp_loss":0.0,"gold_gain":0.0,"event_name":"Golden Idol","player_choice":"Take Wound","floor":2.0,"gold_loss":0.0,"damage_taken":0.0,"relics_obtained":["Golden Idol"],"cards_obtained":["Injury"]},{"damage_healed":0.0,"max_hp_gain":0.0,"max_hp_loss":0.0,"gold_gain":0.0,"event_name":"给自己的盒子","player_choice":"Swap Relic","floor":20.0,"relics_lost":["DaveBox"],"gold_loss":0.0,"damage_taken":0.0,"relics_obtained":["DaveBox"]},{"damage_healed":0,"gold_gain":999,"player_choice":"Sell","damage_taken":0,"max_hp_gain":0,"max_hp_loss":0,"event_name":"恩洛斯的盘子","floor":22,"relics_lost":["Pandora\u0027s Box"],"gold_loss":0}],"is_beta":false,"boss_relics":[{"not_picked":["aspiration:RunicSpoon","hubris:CrackedHourglass"],"picked":"Pandora\u0027s Box"},{"not_picked":["RhineFirstAidKit","PageOfBlackSwan"],"picked":"aspiration:RandomNobGenerator"}],"items_purged_floors":[4,4,4,4,4,4,4,4,4,19,19,19,37,37,37,37,55],"is_endless":false,"potions_floor_spawned":[3,5,10,21,23,25,28,30,41,44,47],"ascension_level":20}}