{"host":"36mulxq349byzoa2","time":1609893659,"event":{"mods":["AchievementEnabler","BaseMod","Better Match","Block Reminder","Colored Map","Colored Powertips","Minty Spire (QoL Compilation)","Rare Cards Sparkle","StSLib","SuperFastMode"],"gold_per_floor":[118,118,45,59,79,79,113,113,191,224,224,238,313,329,329,329,329],"floor_reached":16,"playtime":315,"items_purged":[],"score":215,"play_id":"8a5c8861-4e81-42c8-9358-cd315b880081","local_time":"20210105194059","is_ascension_mode":true,"campfire_choices":[{"data":"Sucker Punch","floor":6,"key":"SMITH"},{"data":"Neutralize","floor":8,"key":"SMITH"},{"floor":15,"key":"REST"}],"circlet_count":0,"master_deck":["AscendersBane","Strike_G","Strike_G","Strike_G","Strike_G","Strike_G","Defend_G","Defend_G","Defend_G","Defend_G","Defend_G","Survivor","Neutralize+1","Sucker Punch+1","Dagger Spray","Dagger Spray","Cloak And Dagger+1","Blade Dance+1","Escape Plan+1","Backflip+1"],"relics":["Ring of the Snake","NeowsBlessing","Lantern","Pen Nib","Toxic Egg 2","Gremlin Horn","Snake Skull"],"acts_visited":["Exordium"],"potions_floor_usage":[7,10,16,16],"damage_taken":[{"damage":0,"enemies":"Small Slimes","floor":1,"turns":1},{"damage":0,"enemies":"2 Louse","floor":4,"turns":1},{"damage":0,"enemies":"Cultist","floor":5,"turns":1},{"damage":22,"enemies":"3 Sentries","floor":7,"turns":7},{"damage":21,"enemies":"Gremlin Nob","floor":10,"turns":4},{"damage":0,"enemies":"2 Fungi Beasts","floor":12,"turns":3},{"damage":2,"enemies":"Looter","floor":14,"turns":3},{"damage":25,"enemies":"The Guardian","floor":16,"turns":11}],"seed_played":"5769847421710181774","potions_obtained":[{"floor":4,"key":"Swift Potion"},{"floor":7,"key":"ColorlessPotion"},{"floor":10,"key":"SpeedPotion"},{"floor":12,"key":"AttackPotion"},{"floor":14,"key":"Dexterity Potion"}],"is_trial":false,"path_per_floor":["M","?","?","M","M","R","E","R","T","E","?","M","?","M","R","B"],"character_chosen":"THE_SILENT","items_purchased":[],"campfire_rested":1,"item_purchase_floors":[],"current_hp_per_floor":[59,48,48,48,48,48,26,26,26,5,27,27,16,14,33,8,8],"gold":329,"neow_bonus":"THREE_ENEMY_KILL","is_daily":false,"chose_seed":false,"campfire_upgraded":2,"win_rate":0.0,"timestamp":1609893659,"path_taken":["M","?","?","?","M","R","E","R","T","E","?","M","?","M","R","BOSS"],"items_purchased_type":[],"build_version":"2020-12-22","purchased_purges":0,"victory":false,"max_hp_per_floor":[66,66,66,66,66,66,66,66,66,66,66,66,66,66,66,66,66],"card_choices":[{"not_picked":["Cloak And Dagger","Endless Agony"],"picked":"Sucker Punch","floor":1},{"not_picked":["Blur","Outmaneuver"],"picked":"Dagger Spray","floor":4},{"not_picked":["Dash","Eviscerate"],"picked":"Dagger Spray","floor":5},{"not_picked":["Leg Sweep+1","Expertise+1"],"picked":"Cloak And Dagger+1","floor":7},{"not_picked":["A Thousand Cuts","Deflect+1"],"picked":"Blade Dance+1","floor":10},{"not_picked":["Outmaneuver+1","Deflect+1"],"picked":"Escape Plan+1","floor":12},{"not_picked":["Masterful Stab","Sucker Punch"],"picked":"Backflip+1","floor":14}],"player_experience":1005635,"relics_obtained":[{"floor":7,"key":"Toxic Egg 2"},{"floor":9,"key":"Gremlin Horn"},{"floor":10,"key":"Snake Skull"}],"event_choices":[{"damage_healed":0,"gold_gain":0,"player_choice":"Success","damage_taken":11,"relics_obtained":["Lantern"],"max_hp_gain":0,"max_hp_loss":0,"event_name":"Scrap Ooze","floor":2,"gold_loss":0},{"damage_healed":0,"gold_gain":0,"player_choice":"Paid Gold","damage_taken":0,"relics_obtained":["Pen Nib"],"max_hp_gain":0,"max_hp_loss":0,"event_name":"WeMeetAgain","floor":3,"gold_loss":73},{"damage_healed":22,"gold_gain":0,"player_choice":"Banana","damage_taken":0,"max_hp_gain":0,"max_hp_loss":0,"event_name":"Big Fish","floor":11,"gold_loss":0},{"damage_healed":0,"gold_gain":75,"player_choice":"Gather Gold","damage_taken":11,"max_hp_gain":0,"max_hp_loss":0,"event_name":"World of Goop","floor":13,"gold_loss":0}],"is_beta":false,"boss_relics":[],"items_purged_floors":[],"is_endless":false,"potions_floor_spawned":[4,7,10,12,14],"killed_by":"The Guardian","ascension_level":19}}