{"host":"b7j598ve05halrwk","time":1609900689,"event":{"mods":["2.2 Compatiblity","BaseMod","Block Reminder","DeckTracker","Minty Spire (QoL Compilation)","Relic Stats","Slay the Relics Exporter","StSLib","ojb\u0027s Better Paths Mod","ojb\u0027s Info Mod"],"gold_per_floor":[119,139,414,66,97,97,203,244,244,297,297,357,399,439,439,543,543,555,79,79,114,130,130,183,199,199,259,326,362,312,368,368,441,441,451,464,160,160,176,176,246,246,301,331,331,368,466,509,509,509,509],"floor_reached":50,"playtime":6437,"items_purged":["Regret","Strike_B","Strike_B","Defend_B"],"score":1346,"play_id":"cbd70ccd-d0df-48b9-ab0e-ee63a427a89b","local_time":"20210105213809","is_ascension_mode":true,"campfire_choices":[{"data":"HandOfGreed","floor":6.0,"key":"SMITH"},{"data":"Zap","floor":11.0,"key":"SMITH"},{"data":"Conserve Battery","floor":15.0,"key":"SMITH"},{"floor":23.0,"key":"RECALL"},{"floor":32.0,"key":"REST"},{"floor":40,"key":"REST"},{"floor":42,"key":"REST"},{"data":"1","floor":49,"key":"LIFT"}],"circlet_count":0,"master_deck":["AscendersBane","Strike_B+1","Defend_B","Defend_B","Defend_B","Zap+1","Dualcast","Steam","Ball Lightning","HandOfGreed+1","FTL","Glacier","Buffer","Rebound+1","BootSequence","Doom and Gloom+1","Coolheaded","Conserve Battery+1","Electrodynamics","Sunder+1","Self Repair","Chaos+1","Turbo","Tempest+1","Genetic Algorithm+1","Turbo","Go for the Eyes+1","Hologram","Amplify","Defragment","Finesse","Double Energy+1","Static Discharge+1","Impatience","Impatience","Hologram+1","Reinforced Body","Defragment"],"relics":["Runic Pyramid","Molten Egg 2","Bottled Tornado","Lantern","Fusion Hammer","Toolbox","Toy Ornithopter","Smiling Mask","Blood Vial","Pen Nib","Whetstone","Inserter","Bag of Preparation","Juzu Bracelet","Bag of Marbles","Girya"],"acts_visited":["Exordium","TheCity","TheBeyond"],"potions_floor_usage":[44,44,47],"damage_taken":[{"damage":7.0,"enemies":"2 Louse","floor":1.0,"turns":3.0},{"damage":0.0,"enemies":"Cultist","floor":2.0,"turns":3.0},{"damage":1.0,"enemies":"Jaw Worm","floor":5.0,"turns":3.0},{"damage":15.0,"enemies":"3 Sentries","floor":7.0,"turns":11.0},{"damage":0.0,"enemies":"Looter","floor":8.0,"turns":4.0},{"damage":0.0,"enemies":"Gremlin Nob","floor":10.0,"turns":4.0},{"damage":0.0,"enemies":"Large Slime","floor":12.0,"turns":7.0},{"damage":0.0,"enemies":"Exordium Thugs","floor":13.0,"turns":4.0},{"damage":0.0,"enemies":"Blue Slaver","floor":14.0,"turns":4.0},{"damage":0.0,"enemies":"Slime Boss","floor":16.0,"turns":6.0},{"damage":0.0,"enemies":"3 Byrds","floor":18.0,"turns":3.0},{"damage":0.0,"enemies":"Spheric Guardian","floor":21.0,"turns":5.0},{"damage":5.0,"enemies":"Snecko","floor":22.0,"turns":6.0},{"damage":11.0,"enemies":"Gremlin Leader","floor":24.0,"turns":6.0},{"damage":16.0,"enemies":"Snake Plant","floor":25.0,"turns":4.0},{"damage":11.0,"enemies":"Slavers","floor":27.0,"turns":3.0},{"damage":0.0,"enemies":"Centurion and Healer","floor":28.0,"turns":8.0},{"damage":0.0,"enemies":"3 Cultists","floor":29.0,"turns":4.0},{"damage":6.0,"enemies":"Gremlin Leader","floor":31.0,"turns":4.0},{"damage":1.0,"enemies":"Automaton","floor":33.0,"turns":10.0},{"damage":1,"enemies":"3 Darklings","floor":35,"turns":3},{"damage":0,"enemies":"Orb Walker","floor":36,"turns":3},{"damage":3,"enemies":"Transient","floor":39,"turns":6},{"damage":0,"enemies":"4 Shapes","floor":41,"turns":6},{"damage":5,"enemies":"Giant Head","floor":44,"turns":9},{"damage":0,"enemies":"3 Darklings","floor":46,"turns":4},{"damage":0,"enemies":"2 Orb Walkers","floor":47,"turns":5},{"damage":29,"enemies":"Writhing Mass","floor":48,"turns":5},{"damage":69,"enemies":"Time Eater","floor":50,"turns":11}],"seed_played":"8749754250050959798","potions_obtained":[{"floor":1.0,"key":"SpeedPotion"},{"floor":10.0,"key":"Weak Potion"},{"floor":12.0,"key":"Fire Potion"},{"floor":13.0,"key":"Ancient Potion"},{"floor":18.0,"key":"BlessingOfTheForge"},{"floor":22.0,"key":"PowerPotion"},{"floor":25.0,"key":"FearPotion"},{"floor":31.0,"key":"LiquidBronze"},{"floor":35,"key":"FocusPotion"},{"floor":41,"key":"Block Potion"},{"floor":44,"key":"DistilledChaos"}],"is_trial":false,"path_per_floor":["M","M","?","$","M","R","E","M","T","E","R","M","M","M","R","B",null,"M","$","T","M","M","R","E","M","T","E","M","M","$","E","R","B",null,"M","M","$","?","M","R","M","R","T","E","?","M","?","M","R","B"],"character_chosen":"DEFECT","items_purchased":["HandOfGreed","FTL","Self Repair","Toolbox","Toy Ornithopter","Bag of Preparation","Finesse"],"campfire_rested":3,"item_purchase_floors":[4,4,19,19,19,37,37],"current_hp_per_floor":[57,57,57,57,56,56,41,41,41,41,41,41,41,41,41,41,64,64,64,64,71,71,71,67,60,60,56,68,71,71,71,71,71,71,70,71,71,71,71,71,71,71,71,71,61,63,71,56,56,0,0],"gold":509,"neow_bonus":"BOSS_RELIC","is_daily":false,"chose_seed":false,"campfire_upgraded":3,"win_rate":0.0,"timestamp":1609900689,"path_taken":["M","M","?","$","M","R","E","M","T","E","R","M","M","M","R","BOSS","M","?","?","M","M","R","E","M","T","E","M","M","$","E","R","BOSS","M","M","$","?","M","R","M","R","T","E","?","M","?","M","R","BOSS"],"items_purchased_type":["Card","Card","Card","Relic","Relic","Relic","Card"],"build_version":"2020-12-22","purchased_purges":4,"victory":false,"max_hp_per_floor":[71,71,71,71,71,71,71,71,71,71,71,71,71,71,71,71,71,71,71,71,71,71,71,71,71,71,71,71,71,71,71,71,71,71,71,71,71,71,71,71,71,71,71,71,71,71,71,71,71,71,71],"relic_stats":{"Blood Vial":15,"Inserter":[26],"counters":[29,154],"Pen Nib":[11],"Bag of Preparation":[14],"Juzu Bracelet":0,"Whetstone":["Strike_B","Strike_B"],"Smiling Mask":175,"obtain_stats":[{"Girya":47,"Lantern":10,"Inserter":34,"Pen Nib":27,"Bag of Preparation":37,"Juzu Bracelet":43,"Whetstone":31,"Bottled Tornado":9,"Smiling Mask":20,"Blood Vial":24,"Toolbox":19,"Molten Egg 2":7,"Fusion Hammer":17,"Bag of Marbles":44,"Cracked Core":0,"Toy Ornithopter":19,"Runic Pyramid":0},{"Girya":27,"Lantern":6,"Inserter":20,"Pen Nib":16,"Bag of Preparation":22,"Juzu Bracelet":24,"Whetstone":19,"Bottled Tornado":5,"Smiling Mask":11,"Blood Vial":14,"Toolbox":11,"Molten Egg 2":4,"Fusion Hammer":10,"Bag of Marbles":25,"Cracked Core":0,"Toy Ornithopter":11,"Runic Pyramid":0},{"Girya":138,"Lantern":28,"Inserter":102,"Pen Nib":76,"Bag of Preparation":108,"Juzu Bracelet":120,"Whetstone":92,"Bottled Tornado":24,"Smiling Mask":52,"Blood Vial":69,"Toolbox":52,"Molten Egg 2":20,"Fusion Hammer":49,"Bag of Marbles":129,"Cracked Core":0,"Toy Ornithopter":52,"Runic Pyramid":0}],"Toy Ornithopter":20},"card_choices":[{"not_picked":["Fusion","Stack"],"picked":"Steam","floor":1.0},{"not_picked":["Leap","Go for the Eyes"],"picked":"Ball Lightning","floor":2.0},{"not_picked":["Conserve Battery","Doom and Gloom"],"picked":"Glacier","floor":5.0},{"not_picked":["Recycle","Stack"],"picked":"Buffer","floor":7.0},{"not_picked":["Gash+1","Redo"],"picked":"Rebound+1","floor":8.0},{"not_picked":["Auto Shields","Tempest"],"picked":"BootSequence","floor":10.0},{"not_picked":["Streamline+1","Barrage+1"],"picked":"Doom and Gloom+1","floor":12.0},{"not_picked":["Force Field","Redo"],"picked":"Coolheaded","floor":13.0},{"not_picked":["Skim","Beam Cell+1"],"picked":"Conserve Battery","floor":14.0},{"not_picked":["All For One+1","Core Surge+1"],"picked":"Electrodynamics","floor":16.0},{"not_picked":["Redo","Gash+1"],"picked":"Sunder+1","floor":18.0},{"not_picked":["Redo+1","Conserve Battery","Compile Driver+1"],"picked":"SKIP","floor":21.0},{"not_picked":["Barrage+1","White Noise"],"picked":"Chaos+1","floor":22.0},{"not_picked":["Tempest","Cold Snap+1"],"picked":"Turbo","floor":24.0},{"not_picked":["Beam Cell+1","Lockon+1"],"picked":"Tempest+1","floor":25.0},{"not_picked":["Melter+1","Leap"],"picked":"Genetic Algorithm+1","floor":27.0},{"not_picked":["Coolheaded","Cold Snap+1"],"picked":"Turbo","floor":28.0},{"not_picked":["Steam Power","Rainbow"],"picked":"Go for the Eyes+1","floor":29.0},{"not_picked":["BootSequence","Genetic Algorithm"],"picked":"Hologram","floor":31.0},{"not_picked":["Seek","Multi-Cast"],"picked":"Amplify","floor":33.0},{"not_picked":["Cold Snap+1","Blizzard+1","Sweeping Beam+1"],"picked":"SKIP","floor":35},{"not_picked":["Heatsinks","Doom and Gloom+1"],"picked":"Defragment","floor":36},{"not_picked":["Gash+1","Redo"],"picked":"Double Energy+1","floor":39},{"not_picked":["Blizzard+1","Compile Driver+1","Rebound+1"],"picked":"SKIP","floor":41},{"not_picked":["Aggregate","Coolheaded+1"],"picked":"Static Discharge+1","floor":44},{"not_picked":["Deep Breath","Blind"],"picked":"Impatience","floor":45},{"not_picked":["Bandage Up","Madness"],"picked":"Impatience","floor":45},{"not_picked":["Genetic Algorithm","Recycle"],"picked":"Hologram+1","floor":46},{"not_picked":["Static Discharge","Undo"],"picked":"Reinforced Body","floor":47},{"not_picked":["Coolheaded","Beam Cell+1"],"picked":"Defragment","floor":48}],"player_experience":820237,"relics_obtained":[{"floor":7.0,"key":"Molten Egg 2"},{"floor":9.0,"key":"Bottled Tornado"},{"floor":10.0,"key":"Lantern"},{"floor":20.0,"key":"Smiling Mask"},{"floor":24.0,"key":"Blood Vial"},{"floor":27.0,"key":"Pen Nib"},{"floor":31.0,"key":"Whetstone"},{"floor":43,"key":"Juzu Bracelet"},{"floor":44,"key":"Bag of Marbles"},{"floor":47,"key":"Girya"}],"event_choices":[{"damage_healed":0.0,"max_hp_gain":0.0,"max_hp_loss":0.0,"gold_gain":275.0,"event_name":"Golden Shrine","player_choice":"Desecrate","floor":3.0,"gold_loss":0.0,"damage_taken":0.0,"cards_obtained":["Regret"]},{"cards_removed":["Strike_B"],"damage_healed":0,"gold_gain":0,"player_choice":"Removed Attack","damage_taken":0,"max_hp_gain":0,"max_hp_loss":0,"event_name":"Falling","floor":38,"gold_loss":0},{"damage_healed":0,"gold_gain":0,"player_choice":"Memory 3","damage_taken":10,"max_hp_gain":0,"max_hp_loss":0,"event_name":"SensoryStone","floor":45,"gold_loss":0},{"damage_healed":0,"gold_gain":0,"player_choice":"Fight","damage_taken":0,"max_hp_gain":0,"max_hp_loss":0,"event_name":"Mysterious Sphere","floor":47,"gold_loss":0}],"is_beta":false,"boss_relics":[{"not_picked":["Runic Dome","Snecko Eye"],"picked":"Fusion Hammer"},{"not_picked":["Calling Bell","Sozu"],"picked":"Inserter"}],"items_purged_floors":[4,19,30,37],"is_endless":false,"potions_floor_spawned":[1,10,12,13,18,22,25,31,35,41,44],"killed_by":"Time Eater","ascension_level":20}}