{"host":"1a3cjta80tad0aqj","time":1609917587,"event":{"mods":["2.2 Compatiblity","AchievementEnabler","BaseMod","Colored Map","DeckTracker","KOR Keyword Fix","Keyboard Shortcuts","Minty Spire (QoL Compilation)","Permanent Neow","Quick Restart","Random Character Button","StSLib","SuperFastMode","everything is the same but u backflip on backflip"],"gold_per_floor":[110,122,138,63,80,106,124,124,124,143,161,175,175,187,187,286,286,305,130,130,130],"floor_reached":20,"playtime":655,"items_purged":["Defend_B","Strike_B"],"score":180,"play_id":"453a19d5-14a0-4449-8e7d-466fc3d9931b","local_time":"20210106161947","is_ascension_mode":false,"campfire_choices":[{"floor":8,"key":"REST"},{"floor":15,"key":"REST"}],"circlet_count":0,"master_deck":["Strike_B","Strike_B","Strike_B","Defend_B","Defend_B","Defend_B","Zap","Dualcast","Hyperbeam","Lockon","Lockon","Sunder","Beam Cell","Melter","Rebound","Sweeping Beam","Aggregate","Lockon","Hologram","Seek","Skim"],"relics":["Cracked Core","Bottled Flame","Eternal Feather","Philosopher\u0027s Stone"],"acts_visited":["Exordium","TheCity"],"potions_floor_usage":[6,16,16],"damage_taken":[{"damage":1,"enemies":"Jaw Worm","floor":1,"turns":2},{"damage":0,"enemies":"2 Louse","floor":2,"turns":1},{"damage":0,"enemies":"Cultist","floor":3,"turns":2},{"damage":10,"enemies":"Looter","floor":5,"turns":3},{"damage":14,"enemies":"Gremlin Nob","floor":6,"turns":3},{"damage":2,"enemies":"Large Slime","floor":7,"turns":4},{"damage":0,"enemies":"3 Louse","floor":10,"turns":1},{"damage":12,"enemies":"Blue Slaver","floor":11,"turns":2},{"damage":0,"enemies":"Exordium Thugs","floor":12,"turns":1},{"damage":8,"enemies":"Red Slaver","floor":14,"turns":2},{"damage":26,"enemies":"Slime Boss","floor":16,"turns":7},{"damage":12,"enemies":"Chosen","floor":18,"turns":3}],"seed_played":"3975382616914319834","potions_obtained":[{"floor":1,"key":"EssenceOfSteel"},{"floor":3,"key":"Regen Potion"},{"floor":5,"key":"LiquidMemories"},{"floor":11,"key":"Dexterity Potion"},{"floor":12,"key":"SteroidPotion"},{"floor":14,"key":"DuplicationPotion"}],"is_trial":false,"path_per_floor":["M","M","M","$","M","E","M","R","T","M","M","M","?","M","R","B",null,"M","$","?"],"character_chosen":"DEFECT","items_purchased":["DuplicationPotion"],"campfire_rested":2,"item_purchase_floors":[19],"current_hp_per_floor":[53,53,53,53,43,29,27,49,49,49,37,37,37,29,63,37,75,63,63,47,47],"gold":130,"neow_bonus":"THREE_RARE_CARDS","is_daily":false,"chose_seed":false,"campfire_upgraded":0,"win_rate":0.0,"timestamp":1609917587,"path_taken":["M","M","M","$","M","E","M","R","T","M","M","M","?","M","R","BOSS","M","$","?"],"items_purchased_type":["Potion"],"build_version":"2020-12-22","purchased_purges":2,"victory":false,"max_hp_per_floor":[75,75,75,75,75,75,75,75,75,75,75,75,75,75,75,75,75,75,75,75,75],"card_choices":[{"not_picked":["Thunder Strike","Electrodynamics"],"picked":"Hyperbeam","floor":0},{"not_picked":["Redo","Darkness"],"picked":"Lockon","floor":1},{"not_picked":["Redo","Darkness"],"picked":"Lockon","floor":1},{"not_picked":["Coolheaded","Cold Snap"],"picked":"Sunder","floor":2},{"not_picked":["Tempest","Hello World","Blizzard"],"picked":"SKIP","floor":3},{"not_picked":["Double Energy","Coolheaded"],"picked":"Beam Cell","floor":5},{"not_picked":["Glacier","Streamline"],"picked":"Melter","floor":6},{"not_picked":["Ball Lightning","Barrage"],"picked":"Rebound","floor":7},{"not_picked":["Multi-Cast","Blizzard"],"picked":"Sweeping Beam","floor":10},{"not_picked":["Go for the Eyes","Undo"],"picked":"Aggregate","floor":11},{"not_picked":["Aggregate","Heatsinks"],"picked":"Lockon","floor":12},{"not_picked":["White Noise","Stack"],"picked":"Hologram","floor":14},{"not_picked":["Reboot","Electrodynamics"],"picked":"Seek","floor":16},{"not_picked":["Hologram","Scrape"],"picked":"Skim","floor":18}],"player_experience":130682,"relics_obtained":[{"floor":6,"key":"Bottled Flame"},{"floor":9,"key":"Eternal Feather"}],"event_choices":[{"damage_healed":0,"gold_gain":0,"player_choice":"Ignored","damage_taken":0,"max_hp_gain":0,"max_hp_loss":0,"event_name":"Liars Game","floor":13,"gold_loss":0},{"damage_healed":0,"gold_gain":0,"player_choice":"Obtained Book","damage_taken":16,"max_hp_gain":0,"max_hp_loss":0,"event_name":"Cursed Tome","floor":20,"gold_loss":0}],"is_beta":false,"boss_relics":[{"not_picked":["Pandora\u0027s Box","Busted Crown"],"picked":"Philosopher\u0027s Stone"}],"items_purged_floors":[4,19],"is_endless":false,"potions_floor_spawned":[1,3,5,11,12,14],"ascension_level":0}}