{"host":"2apb6gwm2fj4theg","time":1609968125,"event":{"mods":["2.2 Compatiblity","AlwaysNeverKeys","BaseMod","ChefMod","Halation","Hubris","Infinite Spire","Ironclad Rager","Minty Spire (QoL Compilation)","Replay The Spire","Shop Mod","Small Relic Pack","StSLib","The Animator","Unceasing Turn Reminder"],"gold_per_floor":[111,128,139,18,217,217,243,255,255,288,26,51,68,143,143,243,243,254,271,132,132,132,158,170,190,190,215,227,227,80,95,95,195,195,209,209,47,47,65,90,90,90,90],"floor_reached":42,"playtime":2768,"items_purged":[],"score":560,"play_id":"41e5cbfa-8257-49ce-8ffb-52375b65fd44","local_time":"20210106232205","is_ascension_mode":true,"campfire_choices":[{"data":"Inflame","floor":6.0,"key":"SMITH"},{"floor":15.0,"key":"REST"},{"floor":29,"key":"REST"},{"floor":32,"key":"DIG"},{"floor":41,"key":"REST"}],"circlet_count":0,"master_deck":["Strike_R","Strike_R","Strike_R","Strike_R","Strike_R","Defend_R","Defend_R","Defend_R+1","Defend_R","Bash","Armaments","ReplayTheSpireMod:Strike From Hell","Wild Strike","Inflame+1","Wild Strike+1","Sword Boomerang","Reaper","Perfected Strike","Flex","Blind+1","Wild Strike","Clothesline","Anger","Reaper","Armaments+1","Iron Wave","Rage+1","Evolve","Iron Wave","infinitespire:Starlight","Fire Breathing","Wild Strike","Sword Boomerang","Fire Breathing+1","Power Through+1","Spot Weakness","Sever Soul","Exhume","Dark Embrace+1","Dark Embrace","Bandage Up","Replay:Undeath\u0027s Touch","Power Through","Dark Embrace+1"],"relics":["Burning Blood","halation:VictoryRuler","halation:Toothbrush","Gremlin Food","MerchantsRug","infinitespire:Eraser","infinitespire:Burning Sword","Dream Catcher","Quantum Egg","Pet Ghost","hubris:Metronome","Lantern","Bottled Lightning","halation:StarCompass","hubris:ToyBattleship"],"acts_visited":["Exordium","TheCity","TheBeyond"],"potions_floor_usage":[31,40],"damage_taken":[{"damage":2.0,"enemies":"Small Slimes","floor":1.0,"turns":4.0},{"damage":6.0,"enemies":"Jaw Worm","floor":2.0,"turns":3.0},{"damage":2.0,"enemies":"2 Louse","floor":3.0,"turns":3.0},{"damage":25.0,"enemies":"Gremlin Nob","floor":7.0,"turns":4.0},{"damage":9.0,"enemies":"Blue Slaver","floor":8.0,"turns":3.0},{"damage":27.0,"enemies":"3 Sentries","floor":10.0,"turns":6.0},{"damage":8.0,"enemies":"Gremlin Nob","floor":12.0,"turns":3.0},{"damage":6.0,"enemies":"Exordium Thugs","floor":13.0,"turns":3.0},{"damage":76.0,"enemies":"The Guardian","floor":16.0,"turns":9.0},{"damage":8.0,"enemies":"Chosen","floor":18.0,"turns":3.0},{"damage":53.0,"enemies":"3 Byrds","floor":19.0,"turns":6.0},{"damage":32.0,"enemies":"Replay:Snechameleon","floor":23.0,"turns":5.0},{"damage":22.0,"enemies":"Snecko","floor":24.0,"turns":5.0},{"damage":26.0,"enemies":"Centurion and Healer","floor":25.0,"turns":8.0},{"damage":41.0,"enemies":"Slavers","floor":27.0,"turns":6.0},{"damage":11,"enemies":"Snake Plant","floor":28,"turns":4},{"damage":26,"enemies":"Shelled Parasite and Fungi","floor":31,"turns":6},{"damage":76,"enemies":"Automaton","floor":33,"turns":9},{"damage":20,"enemies":"Orb Walker","floor":35,"turns":4},{"damage":4,"enemies":"3 Darklings","floor":39,"turns":4},{"damage":68,"enemies":"Giant Head","floor":40,"turns":11},{"damage":0,"enemies":"Jaw Worm Horde","floor":42,"turns":1}],"seed_played":"-3877492163781201855","potions_obtained":[{"floor":2.0,"key":"SkillPotion"},{"floor":8.0,"key":"Energy Potion"},{"floor":10.0,"key":"Doom Potion"},{"floor":12.0,"key":"SkillPotion"},{"floor":16.0,"key":"SkillPotion"},{"floor":23.0,"key":"Weak Potion"},{"floor":28,"key":"EssenceOfSteel"},{"floor":35,"key":"PowerPotion"}],"is_trial":false,"path_per_floor":["M","M","M","$","?","R","E","M","T","E","$","E","M","?","R","B",null,"M","M","$","?","AVR","E","M","M","T","E","M","R","$","M","R","B",null,"M","?","$","?","M","E","R","M"],"character_chosen":"IRONCLAD","items_purchased":["Inflame","Wild Strike","MerchantsRug","Blind","Wild Strike","Rage","Evolve","Iron Wave","Lantern","Dark Embrace","Bandage Up"],"campfire_rested":3,"item_purchase_floors":[4,4,11,11,11,20,20,20,30,37,37],"current_hp_per_floor":[88,88,88,88,88,88,69,73,73,73,73,71,71,60,86,25,88,86,51,51,51,51,35,29,63,63,38,43,69,69,67,67,28,88,74,74,74,74,88,52,78,78,78],"gold":90,"neow_bonus":"TEN_PERCENT_HP_BONUS","is_daily":false,"chose_seed":false,"campfire_upgraded":1,"win_rate":0.0,"timestamp":1609968125,"path_taken":["M","M","M","$","?","R","E","M","T","E","$","E","M","?","R","BOSS","M","M","$","?","AVR","E","M","M","T","E","M","R","?","M","R","BOSS","M","?","$","?","?","E","R","M"],"items_purchased_type":["Card","Card","Relic","Card","Card","Card","Card","Card","Relic","Card","Card"],"build_version":"2020-12-22","purchased_purges":0,"victory":false,"max_hp_per_floor":[88,88,88,88,88,88,88,88,88,88,88,88,88,88,88,88,88,88,88,88,88,88,88,88,88,88,88,88,88,88,88,88,88,88,88,88,88,88,88,88,88,88,88],"card_choices":[{"not_picked":["Flame Barrier","Pommel Strike"],"picked":"Armaments","floor":1.0},{"not_picked":["Dark Embrace","Flame Barrier"],"picked":"ReplayTheSpireMod:Strike From Hell","floor":2.0},{"not_picked":["Perfected Strike","Replay:Undeath\u0027s Touch"],"picked":"Wild Strike","floor":3.0},{"not_picked":["ReplayTheSpireMod:Strike From Hell","Seeing Red"],"picked":"Sword Boomerang","floor":5.0},{"not_picked":["Body Slam","Sentinel"],"picked":"Reaper","floor":7.0},{"not_picked":["Havoc","Abandon"],"picked":"Perfected Strike","floor":8.0},{"not_picked":["Second Wind","Impervious"],"picked":"Flex","floor":10.0},{"not_picked":["Shrug It Off","Juggernaut"],"picked":"Clothesline","floor":12.0},{"not_picked":["Clash","Rampage"],"picked":"Anger","floor":13.0},{"not_picked":["Berserk","Demonic Infusion"],"picked":"Reaper","floor":16.0},{"not_picked":["Disarm","Body Slam+1"],"picked":"Armaments+1","floor":18.0},{"not_picked":["Massacre","ReplayTheSpireMod:Strike From Hell"],"picked":"Iron Wave","floor":19.0},{"not_picked":["Warcry","Cleave"],"picked":"Fire Breathing","floor":23.0},{"not_picked":["Dark Embrace","Body Slam"],"picked":"Wild Strike","floor":24.0},{"not_picked":["Pommel Strike","Corruption"],"picked":"Sword Boomerang","floor":25.0},{"not_picked":["ReplayTheSpireMod:Strike From Hell","Shrug It Off"],"picked":"Fire Breathing","floor":27.0},{"not_picked":["Pommel Strike","Shockwave+1"],"picked":"Power Through+1","floor":28},{"not_picked":["Thunderclap","Fire Breathing"],"picked":"Spot Weakness","floor":29},{"not_picked":["Clash","Pommel Strike+1"],"picked":"Sever Soul","floor":31},{"not_picked":["Brutality","hubris:StunningStrike"],"picked":"Exhume","floor":33},{"not_picked":["Clothesline+1","ReplayTheSpireMod:Strike From Hell"],"picked":"Dark Embrace+1","floor":35},{"not_picked":["Disarm","ReplayReversal+1"],"picked":"Replay:Undeath\u0027s Touch","floor":39},{"not_picked":["Clash","Clothesline"],"picked":"Power Through","floor":40},{"not_picked":["Twin Strike+1","Run Through"],"picked":"Dark Embrace+1","floor":41}],"player_experience":602198,"relics_obtained":[{"floor":7.0,"key":"halation:VictoryRuler"},{"floor":9.0,"key":"halation:Toothbrush"},{"floor":10.0,"key":"Gremlin Food"},{"floor":12.0,"key":"infinitespire:Eraser"},{"floor":23.0,"key":"Quantum Egg"},{"floor":26.0,"key":"Pet Ghost"},{"floor":27.0,"key":"hubris:Metronome"},{"floor":32,"key":"Bottled Lightning"},{"floor":40,"key":"hubris:ToyBattleship"}],"event_choices":[{"damage_healed":0.0,"max_hp_gain":0.0,"max_hp_loss":0.0,"gold_gain":75.0,"event_name":"World of Goop","player_choice":"Gather Gold","floor":14.0,"gold_loss":0.0,"damage_taken":11.0},{"damage_healed":0.0,"max_hp_gain":0.0,"max_hp_loss":0.0,"gold_gain":0.0,"event_name":"Accursed Blacksmith","player_choice":"Forge","floor":21.0,"gold_loss":0.0,"damage_taken":0.0,"cards_upgraded":["Rage"]},{"damage_healed":0,"gold_gain":0,"player_choice":"Upgraded","damage_taken":0,"max_hp_gain":0,"max_hp_loss":0,"event_name":"Upgrade Shrine","floor":38,"gold_loss":0,"cards_upgraded":["Blind"]}],"is_beta":false,"boss_relics":[{"not_picked":["halation:PlatinumPhoenix","hubris:HollowSoul"],"picked":"infinitespire:Burning Sword"},{"not_picked":["Ooze Armor","halation:CatFaceCupcake","Coffee Dripper"]}],"items_purged_floors":[],"is_endless":false,"potions_floor_spawned":[2,8,10,12,16,18,23,28,35],"killed_by":"Jaw Worm Horde","ascension_level":1}}