{"host":"tw7a6rmo9h75ssrt","time":1609924667,"event":{"mods":["AchievementEnabler","Act Like it!","BaseMod","Colored Map","Highlight Path","Minty Spire (QoL Compilation)","Permanent Neow","Quick Restart","Relic Stats","SuperFastMode"],"gold_per_floor":[113,38,138,148,128,128,28,54,54,54,71,71,71,84,84,84,84],"floor_reached":16,"playtime":1012,"items_purged":["Strike_R","Strike_R"],"score":191,"play_id":"d8d7ae3a-43a3-4a24-8436-0651d48e4a95","local_time":"20210106171747","is_ascension_mode":true,"campfire_choices":[{"data":"Burning Pact","floor":6.0,"key":"SMITH"},{"data":"Sword Boomerang","floor":12.0,"key":"SMITH"},{"data":"Dark Embrace","floor":15.0,"key":"SMITH"}],"circlet_count":0,"master_deck":["AscendersBane","Strike_R","Strike_R","Defend_R","Defend_R","Defend_R","Defend_R","Bash","Burning Pact+1","Sword Boomerang+1","Dark Embrace+1","Battle Trance"],"relics":["Burning Blood","NeowsBlessing","Paper Frog","Question Card"],"acts_visited":["Exordium"],"potions_floor_usage":[16],"damage_taken":[{"damage":0.0,"enemies":"Jaw Worm","floor":1.0,"turns":1.0},{"damage":0.0,"enemies":"Cultist","floor":4.0,"turns":1.0},{"damage":0.0,"enemies":"Lagavulin","floor":8.0,"turns":2.0},{"damage":0.0,"enemies":"2 Louse","floor":11.0,"turns":3.0},{"damage":27.0,"enemies":"Exordium Thugs","floor":14.0,"turns":5.0},{"damage":74,"enemies":"The Guardian","floor":16,"turns":6}],"seed_played":"-7649305532449972218","potions_obtained":[{"floor":4.0,"key":"Regen Potion"},{"floor":5.0,"key":"FairyPotion"},{"floor":11.0,"key":"Energy Potion"},{"floor":14.0,"key":"SkillPotion"}],"is_trial":false,"path_per_floor":["M","$","?","M","?","R","$","E","T","$","M","R","?","M","R","B"],"character_chosen":"IRONCLAD","items_purchased":[],"campfire_rested":0,"item_purchase_floors":[],"current_hp_per_floor":[78,78,78,80,80,80,80,80,80,80,80,80,80,59,59,12,12],"gold":84,"neow_bonus":"THREE_ENEMY_KILL","is_daily":false,"chose_seed":false,"campfire_upgraded":3,"win_rate":0.0,"timestamp":1609924667,"path_taken":["M","$","?","?","?","R","?","E","T","$","M","R","?","?","R","BOSS"],"items_purchased_type":[],"build_version":"2020-12-22","purchased_purges":2,"victory":false,"max_hp_per_floor":[80,80,80,80,80,80,80,80,80,80,80,80,80,80,80,80,80],"relic_stats":{"counters":[6,18],"Question Card":2,"obtain_stats":[{"NeowsBlessing":0,"Question Card":9,"Burning Blood":0,"Paper Frog":8},{"NeowsBlessing":0,"Question Card":3,"Burning Blood":0,"Paper Frog":3},{"NeowsBlessing":0,"Question Card":4,"Burning Blood":0,"Paper Frog":4}],"Burning Blood":14},"card_choices":[{"not_picked":["Clash","Sword Boomerang"],"picked":"Burning Pact","floor":1.0},{"not_picked":["Headbutt","Seeing Red"],"picked":"Sword Boomerang","floor":4.0},{"not_picked":["Burning Pact","Havoc"],"picked":"Dark Embrace","floor":8.0},{"not_picked":["Armaments","Headbutt","Ghostly Armor","Anger"],"picked":"SKIP","floor":11.0},{"not_picked":["Clothesline","Rampage","Flex"],"picked":"Battle Trance","floor":14.0}],"player_experience":62704,"relics_obtained":[{"floor":8.0,"key":"Paper Frog"},{"floor":9.0,"key":"Question Card"}],"event_choices":[{"damage_healed":0.0,"max_hp_gain":0.0,"max_hp_loss":0.0,"gold_gain":100.0,"event_name":"Golden Shrine","player_choice":"Pray","floor":3.0,"gold_loss":0.0,"damage_taken":0.0},{"damage_healed":0.0,"max_hp_gain":0.0,"max_hp_loss":0.0,"gold_gain":0.0,"event_name":"The Woman in Blue","player_choice":"Bought 1 Potion","floor":5.0,"gold_loss":0.0,"damage_taken":0.0},{"cards_removed":["Strike_R"],"damage_healed":0.0,"max_hp_gain":0.0,"max_hp_loss":0.0,"gold_gain":0.0,"event_name":"Purifier","player_choice":"Purged","floor":13.0,"gold_loss":0.0,"damage_taken":0.0}],"is_beta":false,"boss_relics":[],"items_purged_floors":[2,7],"is_endless":false,"potions_floor_spawned":[4,11,14],"killed_by":"The Guardian","ascension_level":11}}