{"host":"dcj2yvrgcvh5dl2s","time":1609931856,"event":{"mods":["BaseMod","Better Note","Block Reminder","Colored Powertips","DeckTracker","Minty Spire (QoL Compilation)","Quick Restart","Rare Cards Sparkle","Relic Stats","StSLib"],"gold_per_floor":[13,13,13,88,11,11,36,36,85,115,133,13,13,27,27,153,153,178,178,202,301,322,358,358,358,358,372,372,385,424,424,424,555,555,573,151,151,151,167,205,25,44,44,0,31,31,44,68,68,68],"floor_reached":51,"playtime":3451,"items_purged":["Strike_G","Strike_G","Strike_G"],"score":925,"play_id":"1b2ee990-d995-43a5-bf23-1594e7b2aa22","local_time":"20210106211736","is_ascension_mode":true,"campfire_choices":[{"data":"Neutralize","floor":6,"key":"SMITH"},{"floor":8,"key":"REST"},{"floor":15,"key":"REST"},{"floor":25,"key":"REST"},{"floor":28,"key":"REST"},{"data":"Adrenaline","floor":32,"key":"SMITH"},{"floor":46,"key":"REST"},{"floor":49,"key":"REST"}],"circlet_count":0,"master_deck":["Defend_G","Defend_G","Defend_G","Defend_G","Defend_G","Survivor","Neutralize+1","Deadly Poison","Deflect","Riddle With Holes","Dodge and Roll","Adrenaline+1","Blade Dance","Cloak And Dagger","A Thousand Cuts","Footwork+1","Dagger Throw","Deflect","Crippling Poison","Blade Dance","Bouncing Flask","Blade Dance","Blur+1","Die Die Die","Backflip","Backflip","Leg Sweep","Accuracy","Slice+1","Escape Plan+1","Noxious Fumes","Distraction+1","Pain","Catalyst","Backflip","PiercingWail"],"relics":["Ring of the Snake","MealTicket","Pen Nib","Regal Pillow","Golden Idol","WristBlade","Oddly Smooth Stone","Ancient Tea Set","Bottled Flame","Eternal Feather","Ginger","Cursed Key","Orichalcum","Spirit Poop","Smiling Mask","InkBottle","Red Mask","Turnip"],"acts_visited":["TheCity","TheBeyond"],"potions_floor_usage":[30,33,33,45,45,50,50],"damage_taken":[{"damage":5,"enemies":"2 Louse","floor":1,"turns":3},{"damage":37,"enemies":"3 Sentries","floor":7,"turns":9},{"damage":33,"enemies":"Gremlin Nob","floor":10,"turns":5},{"damage":0,"enemies":"Cultist","floor":11,"turns":2},{"damage":3,"enemies":"Jaw Worm","floor":14,"turns":3},{"damage":26,"enemies":"The Guardian","floor":16,"turns":12},{"damage":0,"enemies":"3 Byrds","floor":18,"turns":5},{"damage":12,"enemies":"Chosen","floor":20,"turns":3},{"damage":7,"enemies":"3 Cultists","floor":22,"turns":5},{"damage":38,"enemies":"Gremlin Leader","floor":23,"turns":9},{"damage":2,"enemies":"Cultist and Chosen","floor":27,"turns":5},{"damage":4,"enemies":"Centurion and Healer","floor":29,"turns":6},{"damage":15,"enemies":"Book of Stabbing","floor":30,"turns":5},{"damage":56,"enemies":"Automaton","floor":33,"turns":11},{"damage":0,"enemies":"3 Shapes","floor":35,"turns":3},{"damage":14,"enemies":"3 Darklings","floor":39,"turns":4},{"damage":26,"enemies":"Nemesis","floor":40,"turns":6},{"damage":0,"enemies":"4 Shapes","floor":42,"turns":4},{"damage":17,"enemies":"Reptomancer","floor":45,"turns":6},{"damage":25,"enemies":"Writhing Mass","floor":47,"turns":4},{"damage":41,"enemies":"Transient","floor":48,"turns":5},{"damage":40,"enemies":"Time Eater","floor":50,"turns":11}],"seed_played":"6921785225267168472","potions_obtained":[{"floor":7,"key":"SteroidPotion"},{"floor":11,"key":"GamblersBrew"},{"floor":16,"key":"Poison Potion"},{"floor":18,"key":"AttackPotion"},{"floor":27,"key":"ColorlessPotion"},{"floor":29,"key":"Dexterity Potion"},{"floor":33,"key":"Block Potion"},{"floor":39,"key":"PowerPotion"},{"floor":45,"key":"CultistPotion"},{"floor":47,"key":"FairyPotion"}],"is_trial":false,"path_per_floor":["M","?","$","?","$","R","E","R","T","E","M","$","?","M","R","B",null,"M","?","M","?","M","E","T","R","T","M","R","M","E","?","R","B",null,"M","$","?","?","M","E","$","M","T","?","E","R","M","M","R","B",null],"character_chosen":"THE_SILENT","items_purchased":["Riddle With Holes","Cloak And Dagger","Orichalcum","Backflip","Leg Sweep","Accuracy","Noxious Fumes","PowerPotion"],"campfire_rested":6,"item_purchase_floors":[5,12,36,36,36,36,41,41],"current_hp_per_floor":[79,79,79,71,71,71,34,59,59,26,26,41,20,17,57,31,71,71,71,59,59,52,14,14,54,54,52,84,80,65,65,80,24,69,69,84,73,73,59,33,48,48,48,48,31,73,48,7,64,24],"gold":68,"neow_bonus":"TWENTY_PERCENT_HP_BONUS","is_daily":false,"chose_seed":false,"campfire_upgraded":2,"win_rate":0.0,"timestamp":1609931856,"path_taken":["M","?","?","?","$","R","E","R","T","E","?","$","?","M","R","BOSS","M","?","?","?","M","E","?","R","T","M","R","M","E","?","R","BOSS","M","$","?","?","?","E","$","M","T","?","E","R","M","M","R","BOSS"],"items_purchased_type":["Card","Card","Relic","Card","Card","Card","Card","Potion"],"build_version":"2020-12-22","purchased_purges":3,"victory":true,"max_hp_per_floor":[84,84,84,84,84,84,84,84,84,84,84,84,84,84,84,84,84,84,84,84,84,84,84,84,84,84,84,84,84,84,84,84,84,84,84,84,73,73,73,73,73,73,73,73,73,73,73,73,73,73],"relic_stats":{"Regal Pillow":55,"counters":[22,126],"Golden Idol":148,"Eternal Feather":54,"Pen Nib":[29],"Ginger":[5],"Orichalcum":[24],"Cursed Key":1,"Smiling Mask":75,"MealTicket":45,"Turnip":[0],"obtain_stats":[{"Regal Pillow":10,"Golden Idol":13,"Oddly Smooth Stone":23,"Spirit Poop":38,"Eternal Feather":30,"Pen Nib":9,"Ginger":31,"Orichalcum":36,"Ancient Tea Set":24,"Cursed Key":34,"Smiling Mask":40,"Bottled Flame":26,"WristBlade":17,"MealTicket":7,"Turnip":45,"Red Mask":44,"InkBottle":43,"Ring of the Snake":0},{"Regal Pillow":3,"Golden Idol":4,"Oddly Smooth Stone":10,"Spirit Poop":15,"Eternal Feather":13,"Pen Nib":2,"Ginger":13,"Orichalcum":15,"Ancient Tea Set":10,"Cursed Key":14,"Smiling Mask":17,"Bottled Flame":10,"WristBlade":6,"MealTicket":2,"Turnip":19,"Red Mask":18,"InkBottle":18,"Ring of the Snake":0},{"Regal Pillow":17,"Golden Idol":19,"Oddly Smooth Stone":56,"Spirit Poop":86,"Eternal Feather":72,"Pen Nib":12,"Ginger":72,"Orichalcum":86,"Ancient Tea Set":56,"Cursed Key":83,"Smiling Mask":96,"Bottled Flame":56,"WristBlade":34,"MealTicket":12,"Turnip":106,"Red Mask":100,"InkBottle":100,"Ring of the Snake":0}],"InkBottle":[17],"Ring of the Snake":[44]},"card_choices":[{"not_picked":["Underhanded Strike","Masterful Stab"],"picked":"Deadly Poison","floor":1},{"not_picked":["Underhanded Strike","Dagger Spray"],"picked":"Dodge and Roll","floor":7},{"not_picked":["Underhanded Strike","Prepared"],"picked":"Adrenaline","floor":10},{"not_picked":["Slice","PiercingWail"],"picked":"Blade Dance","floor":11},{"not_picked":["Sucker Punch","Underhanded Strike","Blur"],"picked":"SKIP","floor":14},{"not_picked":["Night Terror","Venomology"],"picked":"A Thousand Cuts","floor":16},{"not_picked":["Dagger Spray","Well Laid Plans"],"picked":"Footwork+1","floor":18},{"not_picked":["Dagger Spray+1","Dodge and Roll"],"picked":"Deflect","floor":20},{"not_picked":["Deadly Poison+1","Concentrate"],"picked":"Crippling Poison","floor":22},{"not_picked":["Underhanded Strike+1","Bane"],"picked":"Blade Dance","floor":23},{"not_picked":["Calculated Gamble+1","Deadly Poison"],"picked":"Bouncing Flask","floor":27},{"not_picked":["Underhanded Strike","Dagger Spray"],"picked":"Blade Dance","floor":29},{"not_picked":["Predator","Setup"],"picked":"Blur+1","floor":30},{"not_picked":["Doppelganger","Night Terror"],"picked":"Die Die Die","floor":33},{"not_picked":["Outmaneuver+1","Dagger Spray+1"],"picked":"Backflip","floor":35},{"not_picked":["Bane+1","Dodge and Roll+1"],"picked":"Slice+1","floor":39},{"not_picked":["Dash+1","Finisher"],"picked":"Escape Plan+1","floor":40},{"not_picked":["Deadly Poison+1","Bane"],"picked":"Distraction+1","floor":42},{"not_picked":["Caltrops+1","Prepared"],"picked":"Catalyst","floor":45},{"not_picked":["Doppelganger","Flying Knee+1"],"picked":"Backflip","floor":47},{"not_picked":["Dagger Spray+1","Underhanded Strike"],"picked":"PiercingWail","floor":48}],"player_experience":2215880,"relics_obtained":[{"floor":7,"key":"MealTicket"},{"floor":9,"key":"Pen Nib"},{"floor":10,"key":"Regal Pillow"},{"floor":23,"key":"Oddly Smooth Stone"},{"floor":24,"key":"Ancient Tea Set"},{"floor":26,"key":"Bottled Flame"},{"floor":30,"key":"Eternal Feather"},{"floor":40,"key":"Smiling Mask"},{"floor":43,"key":"InkBottle"},{"floor":45,"key":"Turnip"}],"event_choices":[{"damage_healed":0,"gold_gain":0,"cards_transformed":["Strike_G"],"player_choice":"Transformed","damage_taken":0,"max_hp_gain":0,"max_hp_loss":0,"event_name":"Transmorgrifier","floor":2,"gold_loss":0,"cards_obtained":["Deflect"]},{"damage_healed":0,"gold_gain":75,"player_choice":"Touch","damage_taken":8,"max_hp_gain":0,"max_hp_loss":0,"event_name":"FaceTrader","floor":4,"gold_loss":0},{"damage_healed":0,"gold_gain":0,"player_choice":"Take Damage","damage_taken":21,"relics_obtained":["Golden Idol"],"max_hp_gain":0,"max_hp_loss":0,"event_name":"Golden Idol","floor":13,"gold_loss":0},{"damage_healed":0,"gold_gain":0,"cards_transformed":["Strike_G"],"player_choice":"Transformed","damage_taken":0,"max_hp_gain":0,"max_hp_loss":0,"event_name":"Transmorgrifier","floor":19,"gold_loss":0,"cards_obtained":["Dagger Throw"]},{"damage_healed":0,"gold_gain":99,"player_choice":"Stole From Cult","damage_taken":0,"max_hp_gain":0,"max_hp_loss":0,"event_name":"Nest","floor":21,"gold_loss":0},{"damage_healed":0,"gold_gain":0,"player_choice":"Opened","damage_taken":0,"relics_obtained":["Ginger"],"max_hp_gain":0,"max_hp_loss":0,"event_name":"The Mausoleum","floor":31,"gold_loss":0,"cards_obtained":["Writhe"]},{"damage_healed":73,"gold_gain":0,"player_choice":"Heal","damage_taken":0,"max_hp_gain":0,"max_hp_loss":11,"event_name":"The Moai Head","floor":37,"gold_loss":0},{"cards_removed":["Writhe"],"damage_healed":0,"gold_gain":0,"player_choice":"Offered Curse","damage_taken":0,"relics_obtained":["Spirit Poop"],"max_hp_gain":0,"max_hp_loss":0,"event_name":"Bonfire Elementals","floor":38,"gold_loss":0},{"damage_healed":0,"gold_gain":0,"player_choice":"Paid","damage_taken":0,"relics_obtained":["Red Mask"],"max_hp_gain":0,"max_hp_loss":0,"event_name":"Tomb of Lord Red Mask","floor":44,"gold_loss":44}],"is_beta":false,"boss_relics":[{"not_picked":["Pandora\u0027s Box","Runic Pyramid"],"picked":"WristBlade"},{"not_picked":["Philosopher\u0027s Stone","Runic Dome"],"picked":"Cursed Key"}],"items_purged_floors":[12,36,41],"is_endless":false,"potions_floor_spawned":[7,11,16,18,22,27,29,33,39,45,47],"ascension_level":5}}