{"host":"cd9ii0p4lcq6b7m2","time":1609966778,"event":{"mods":["BaseMod","Block Reminder","Colored Map","Highlight Path","Minty Spire (QoL Compilation)"],"gold_per_floor":[113,113,38,38,48,76,76,109,109,128,161,177,212,225,225,330,330,350,121,121,137,151,151,180,32,32,64,64,74,100,119,119,119,119],"floor_reached":33,"playtime":2883,"items_purged":["Strike_R","Juggernaut"],"score":378,"play_id":"3687288e-a86d-4cdb-a628-93a7befa1277","local_time":"20210106205938","is_ascension_mode":true,"campfire_choices":[{"data":"Flame Barrier","floor":7,"key":"SMITH"},{"floor":15,"key":"RECALL"},{"data":"Armaments","floor":23,"key":"SMITH"},{"floor":28,"key":"REST"},{"floor":32,"key":"REST"}],"circlet_count":0,"master_deck":["Strike_R","Strike_R","Strike_R","Strike_R","Defend_R","Defend_R","Defend_R","Bash","Flame Barrier+1","Shrug It Off","Sword Boomerang","Clash","Twin Strike","Bloodletting","Armaments+1","Seeing Red","Thunderclap","Burning Pact","Flash of Steel","Flex","Flex"],"relics":["Burning Blood","NeowsBlessing","Unceasing Top","Omamori","White Beast Statue","FossilizedHelix","Sozu","Nloth\u0027s Gift","Tiny Chest","TheAbacus","Smiling Mask","Pocketwatch"],"acts_visited":["Exordium","TheCity"],"potions_floor_usage":[8,11,11,13,13,16,24,27],"damage_taken":[{"damage":0,"enemies":"Small Slimes","floor":1,"turns":1},{"damage":0,"enemies":"Jaw Worm","floor":5,"turns":1},{"damage":0,"enemies":"Lagavulin","floor":6,"turns":1},{"damage":8,"enemies":"3 Sentries","floor":8,"turns":10},{"damage":6,"enemies":"Cultist","floor":10,"turns":3},{"damage":40,"enemies":"Gremlin Nob","floor":11,"turns":6},{"damage":8,"enemies":"Exordium Wildlife","floor":12,"turns":3},{"damage":21,"enemies":"3 Sentries","floor":13,"turns":6},{"damage":0,"enemies":"Looter","floor":14,"turns":2},{"damage":39,"enemies":"The Guardian","floor":16,"turns":7},{"damage":0,"enemies":"3 Byrds","floor":18,"turns":3},{"damage":3,"enemies":"Spheric Guardian","floor":21,"turns":4},{"damage":39,"enemies":"Centurion and Healer","floor":22,"turns":7},{"damage":28,"enemies":"Book of Stabbing","floor":24,"turns":4},{"damage":24,"enemies":"Slavers","floor":27,"turns":5},{"damage":3,"enemies":"Snake Plant","floor":29,"turns":3},{"damage":31,"enemies":"Gremlin Leader","floor":30,"turns":7},{"damage":6,"enemies":"Cultist and Chosen","floor":31,"turns":5},{"damage":50,"enemies":"Collector","floor":33,"turns":7}],"seed_played":"351108793062888560","potions_obtained":[{"floor":1,"key":"Block Potion"},{"floor":6,"key":"ColorlessPotion"},{"floor":10,"key":"BloodPotion"},{"floor":11,"key":"SteroidPotion"},{"floor":12,"key":"AttackPotion"},{"floor":13,"key":"GamblersBrew"},{"floor":14,"key":"ColorlessPotion"},{"floor":16,"key":"AttackPotion"}],"is_trial":false,"path_per_floor":["M","?","$","?","M","E","R","E","T","M","E","M","E","M","R","B",null,"M","$","?","M","M","R","E","$","T","E","R","M","E","M","R","B"],"character_chosen":"IRONCLAD","items_purchased":["Burning Pact","Flash of Steel","TheAbacus"],"campfire_rested":2,"item_purchase_floors":[19,19,25],"current_hp_per_floor":[80,80,80,80,80,80,80,78,78,78,60,58,43,49,49,16,80,80,80,80,80,47,47,25,25,25,7,31,34,9,9,33,0,0],"gold":119,"neow_bonus":"THREE_ENEMY_KILL","is_daily":false,"chose_seed":false,"campfire_upgraded":2,"win_rate":0.0,"timestamp":1609966778,"path_taken":["M","?","$","?","M","E","R","E","T","M","E","M","E","M","R","BOSS","M","$","?","M","M","R","E","$","T","E","R","M","E","?","R","BOSS"],"items_purchased_type":["Card","Card","Relic"],"build_version":"2020-12-22","purchased_purges":2,"victory":false,"max_hp_per_floor":[80,80,80,80,80,80,80,80,80,80,80,80,80,80,80,80,80,80,80,80,80,80,80,80,80,80,80,80,80,80,80,80,80,80],"card_choices":[{"not_picked":["Whirlwind","Hemokinesis"],"picked":"Flame Barrier","floor":1},{"not_picked":["Wild Strike","Battle Trance"],"picked":"Sword Boomerang","floor":5},{"not_picked":["Pommel Strike","Sever Soul"],"picked":"Clash","floor":6},{"not_picked":["Entrench","Carnage","Warcry"],"picked":"SKIP","floor":8},{"not_picked":["Sword Boomerang","Dropkick"],"picked":"Twin Strike","floor":10},{"not_picked":["Shrug It Off","Havoc"],"picked":"Bloodletting","floor":11},{"not_picked":["Rupture","Reckless Charge"],"picked":"Armaments","floor":12},{"not_picked":["Battle Trance","Whirlwind"],"picked":"Seeing Red","floor":13},{"not_picked":["Twin Strike","Immolate","Wild Strike"],"picked":"SKIP","floor":14},{"not_picked":["Impervious","Demon Form"],"picked":"Juggernaut","floor":16},{"not_picked":["Shrug It Off","Rupture"],"picked":"Thunderclap","floor":18},{"not_picked":["Wild Strike+1","Pommel Strike","Sword Boomerang"],"picked":"SKIP","floor":21},{"not_picked":["Havoc","Heavy Blade+1","Warcry"],"picked":"SKIP","floor":22},{"not_picked":["Second Wind+1","Corruption","Spot Weakness"],"picked":"SKIP","floor":24},{"not_picked":["Limit Break","Headbutt","Body Slam"],"picked":"SKIP","floor":27},{"not_picked":["Uppercut","Metallicize+1"],"picked":"Flex","floor":29},{"not_picked":["Feed","Second Wind","Brutality"],"picked":"SKIP","floor":30},{"not_picked":["Disarm+1","Infernal Blade"],"picked":"Flex","floor":31}],"player_experience":169190,"relics_obtained":[{"floor":6,"key":"Unceasing Top"},{"floor":8,"key":"Omamori"},{"floor":9,"key":"White Beast Statue"},{"floor":11,"key":"FossilizedHelix"},{"floor":13,"key":"Bag of Preparation"},{"floor":24,"key":"Tiny Chest"},{"floor":27,"key":"Smiling Mask"},{"floor":30,"key":"Pocketwatch"}],"event_choices":[{"damage_healed":0,"gold_gain":0,"cards_transformed":["Defend_R"],"player_choice":"Change","damage_taken":0,"max_hp_gain":0,"max_hp_loss":0,"event_name":"Living Wall","floor":2,"gold_loss":0,"cards_obtained":["Shrug It Off"]},{"damage_healed":0,"gold_gain":0,"player_choice":"Leave","damage_taken":0,"max_hp_gain":0,"max_hp_loss":0,"event_name":"The Cleric","floor":4,"gold_loss":0},{"damage_healed":0,"gold_gain":0,"player_choice":"Traded Relic","damage_taken":0,"relics_obtained":["Nloth\u0027s Gift"],"max_hp_gain":0,"max_hp_loss":0,"event_name":"N\u0027loth","floor":20,"relics_lost":["Bag of Preparation"],"gold_loss":0}],"is_beta":false,"boss_relics":[{"not_picked":["Black Blood","Runic Cube"],"picked":"Sozu"}],"items_purged_floors":[3,19],"is_endless":false,"potions_floor_spawned":[1,6,10,11,12,13,14,16,18,21,22,24,27,29,30,31],"killed_by":"Collector","ascension_level":1}}