{"host":"x7n7968bn9ekn290","time":1609954317,"event":{"mods":["AchievementEnabler","BaseMod","Colored Map","Googly Eyes","Highlight Path","Minty Spire (QoL Compilation)","Quick Restart","Rare Cards Sparkle","Relic Stats","slay the spire mod where everything is the same but ironclad has a cowboy hat"],"gold_per_floor":[118,129,140,156,22,22,54,54,78,97,62,78,92,112,112,211,211,229,229,240,94,112,212,222,135,135,145,155,172,186,203,203,203,203],"floor_reached":33,"playtime":1603,"items_purged":[],"score":284,"play_id":"dd457bdc-07d0-44bf-9812-c293d27c7b7f","local_time":"20210106093157","is_ascension_mode":false,"campfire_choices":[{"data":"Survivor","floor":6,"key":"SMITH"},{"data":"Poisoned Stab","floor":8,"key":"SMITH"},{"data":"Backstab","floor":15,"key":"SMITH"},{"floor":32,"key":"REST"}],"circlet_count":0,"master_deck":["Strike_G","Strike_G","Strike_G","Strike_G","Strike_G","Defend_G","Defend_G","Defend_G","Defend_G","Defend_G","Survivor+1","Neutralize","Poisoned Stab+1","Slice","Blade Dance","Escape Plan","Deadly Poison","Dark Shackles","Backstab+1","Infinite Blades","Sucker Punch","Corpse Explosion","Dodge and Roll","Slice","Backstab","Deadly Poison+1","Backstab","Blade Dance","PiercingWail+1","Deflect+1","Bane"],"relics":["Ring of the Snake","Lantern","Regal Pillow","WristBlade","Potion Belt","Pear"],"acts_visited":["Exordium","TheCity"],"potions_floor_usage":[7,7,14,16,16,17,33,33,33,33],"damage_taken":[{"damage":0,"enemies":"Cultist","floor":1,"turns":5},{"damage":0,"enemies":"Jaw Worm","floor":2,"turns":4},{"damage":0,"enemies":"Small Slimes","floor":3,"turns":4},{"damage":0,"enemies":"Exordium Wildlife","floor":4,"turns":3},{"damage":18,"enemies":"Lagavulin","floor":7,"turns":6},{"damage":2,"enemies":"Large Slime","floor":10,"turns":5},{"damage":1,"enemies":"Blue Slaver","floor":12,"turns":3},{"damage":9,"enemies":"Exordium Thugs","floor":13,"turns":4},{"damage":6,"enemies":"Lots of Slimes","floor":14,"turns":3},{"damage":22,"enemies":"Hexaghost","floor":16,"turns":7},{"damage":0,"enemies":"Spheric Guardian","floor":18,"turns":1},{"damage":2,"enemies":"2 Thieves","floor":20,"turns":5},{"damage":14,"enemies":"Chosen and Byrds","floor":22,"turns":5},{"damage":0,"enemies":"Sentry and Sphere","floor":24,"turns":4},{"damage":10,"enemies":"Snake Plant","floor":27,"turns":3},{"damage":16,"enemies":"Centurion and Healer","floor":28,"turns":5},{"damage":0,"enemies":"Shelled Parasite and Fungi","floor":29,"turns":2},{"damage":1,"enemies":"Snecko","floor":30,"turns":3},{"damage":10,"enemies":"Cultist and Chosen","floor":31,"turns":3},{"damage":73,"enemies":"Automaton","floor":33,"turns":8}],"seed_played":"8777922709036992455","potions_obtained":[{"floor":0,"key":"SmokeBomb"},{"floor":0,"key":"CunningPotion"},{"floor":0,"key":"AttackPotion"},{"floor":2,"key":"LiquidBronze"},{"floor":3,"key":"Poison Potion"},{"floor":10,"key":"PowerPotion"},{"floor":12,"key":"Strength Potion"},{"floor":16,"key":"Fruit Juice"},{"floor":18,"key":"Ancient Potion"},{"floor":20,"key":"Energy Potion"},{"floor":24,"key":"SneckoOil"},{"floor":29,"key":"CultistPotion"}],"is_trial":false,"path_per_floor":["M","M","M","M","$","R","E","R","T","M","?","M","M","M","R","B",null,"M","?","M","$","M","?","M","$","T","M","M","M","M","M","R","B"],"character_chosen":"THE_SILENT","items_purchased":["Deadly Poison","Dark Shackles","Potion Belt","Backstab","Blade Dance"],"campfire_rested":1,"item_purchase_floors":[5,5,21,25,25],"current_hp_per_floor":[70,70,70,70,70,70,52,52,52,50,67,66,57,51,51,29,75,75,75,73,73,59,59,59,59,69,59,43,43,42,32,72,0,0],"gold":203,"neow_bonus":"THREE_SMALL_POTIONS","is_daily":false,"chose_seed":false,"campfire_upgraded":3,"win_rate":0.0,"timestamp":1609954317,"path_taken":["M","M","M","M","$","R","E","R","T","M","?","M","M","M","R","BOSS","M","?","M","$","M","?","?","$","T","M","?","M","M","M","R","BOSS"],"items_purchased_type":["Card","Card","Relic","Card","Card"],"build_version":"2020-12-22","purchased_purges":0,"victory":false,"max_hp_per_floor":[70,70,70,70,70,70,70,70,70,70,70,70,70,70,70,70,75,75,75,75,75,75,75,75,75,85,85,85,85,85,85,85,85,85],"relic_stats":{"Regal Pillow":15,"counters":[20,83],"obtain_stats":[{"Potion Belt":21,"Lantern":7,"Regal Pillow":9,"Pear":26,"WristBlade":17,"Ring of the Snake":0},{"Potion Belt":12,"Lantern":5,"Regal Pillow":5,"Pear":14,"WristBlade":10,"Ring of the Snake":0},{"Potion Belt":50,"Lantern":22,"Regal Pillow":22,"Pear":59,"WristBlade":44,"Ring of the Snake":0}],"Ring of the Snake":[40]},"card_choices":[{"not_picked":["Quick Slash","Bane"],"picked":"Poisoned Stab","floor":1},{"not_picked":["Glass Knife","Sucker Punch"],"picked":"Slice","floor":2},{"not_picked":["Underhanded Strike","Eviscerate"],"picked":"Blade Dance","floor":3},{"not_picked":["Choke","Caltrops"],"picked":"Escape Plan","floor":4},{"not_picked":["Adrenaline","Sucker Punch"],"picked":"Backstab","floor":7},{"not_picked":["Deflect","Dagger Throw"],"picked":"Infinite Blades","floor":10},{"not_picked":["Cloak And Dagger","Heel Hook"],"picked":"Sucker Punch","floor":12},{"not_picked":["Underhanded Strike","Escape Plan","Calculated Gamble"],"picked":"SKIP","floor":13},{"not_picked":["Underhanded Strike","Prepared","A Thousand Cuts"],"picked":"SKIP","floor":14},{"not_picked":["Malaise","Bullet Time"],"picked":"Corpse Explosion","floor":16},{"not_picked":["Prepared","Footwork"],"picked":"Dodge and Roll","floor":18},{"not_picked":["Dagger Throw+1","Outmaneuver"],"picked":"Slice","floor":20},{"not_picked":["Caltrops","Slice+1"],"picked":"Backstab","floor":22},{"not_picked":["Backflip+1","Prepared"],"picked":"Deadly Poison+1","floor":24},{"not_picked":["Backflip","Phantasmal Killer"],"picked":"PiercingWail+1","floor":27},{"not_picked":["PiercingWail+1","Prepared","Outmaneuver"],"picked":"SKIP","floor":28},{"not_picked":["Flying Knee","Dodge and Roll","Noxious Fumes+1"],"picked":"SKIP","floor":29},{"not_picked":["Distraction","Tools of the Trade"],"picked":"Deflect+1","floor":30},{"not_picked":["Sucker Punch","Backflip"],"picked":"Bane","floor":31}],"player_experience":20750,"relics_obtained":[{"floor":7,"key":"Lantern"},{"floor":9,"key":"Regal Pillow"},{"floor":26,"key":"Pear"}],"event_choices":[{"damage_healed":17,"gold_gain":0,"player_choice":"Healed","damage_taken":0,"max_hp_gain":0,"max_hp_loss":0,"event_name":"The Cleric","floor":11,"gold_loss":35},{"damage_healed":0,"gold_gain":0,"player_choice":"Ignored","damage_taken":0,"max_hp_gain":0,"max_hp_loss":0,"event_name":"Vampires","floor":19,"gold_loss":0},{"damage_healed":0,"gold_gain":100,"player_choice":"Pray","damage_taken":0,"max_hp_gain":0,"max_hp_loss":0,"event_name":"Golden Shrine","floor":23,"gold_loss":0}],"is_beta":false,"boss_relics":[{"not_picked":["Coffee Dripper","Astrolabe"],"picked":"WristBlade"}],"items_purged_floors":[],"is_endless":false,"potions_floor_spawned":[1,2,3,10,12,16,18,20,24,29],"killed_by":"Automaton","ascension_level":0}}