{"host":"ha6p5pdchuduffeg","time":1609928709,"event":{"mods":["Act Like it!","BaseMod","Downfall","Gensokyo","KinomotoSakuraMod(ƒæ÷Æ±æ”£)","Koishi","Marisa£®ÏF”Í°°ƒß¿Ì…≥£©","Minty Spire (QoL Compilation)","Reimu£®≤©¿ˆ¡È√Œ£©","Remilia£®¿Ÿ√◊¿Ú—«£©","Replay The Spire","StSLib","The Servant 0.9.4","Youmu£®ªÍ∆«—˝√Œ£©"],"gold_per_floor":[99,99,99,111,125,125,125,50,77,2,12,12,29,29,49,154,154,154,164,176,193,193,193,193,193,193,2,15,31,31,127,146,244,244,291,302,143,156,167,180,203,203,218,229,229,43,43,53,64,64],"floor_reached":51,"playtime":2903,"items_purged":[],"score":703,"play_id":"56336f6a-ad88-4e01-9300-95766abb174a","local_time":"20210106182509","is_ascension_mode":false,"campfire_choices":[{"floor":1.0,"key":"RECALL"},{"data":"Guardian:RefractedBeam","floor":8.0,"key":"SMITH"},{"floor":10.0,"key":"REST"},{"data":"Guardian:RefractedBeam+1","floor":12.0,"key":"SMITH"},{"data":"Guardian:WalkerClaw","floor":18,"key":"SMITH"},{"floor":30,"key":"REST"},{"data":"Guardian:RefractedBeam+1","floor":47,"key":"SMITH"}],"circlet_count":0,"master_deck":["Guardian:Strike_Guardian","Guardian:Strike_Guardian+1","Guardian:Strike_Guardian","Guardian:Strike_Guardian","Guardian:Defend_Guardian","Guardian:Defend_Guardian","Guardian:Defend_Guardian","Guardian:Defend_Guardian","Guardian:CurlUp","Guardian:TwinSlam","Guardian:RefractedBeam+4","Guardian:PrimingBeam+1","Guardian:Suspension","Guardian:WalkerClaw+1","Guardian:PiercingHide","Guardian:ShieldSpikes+1","Guardian:Emergency+1","Dash","Guardian:DonusPower+1","expansioncontent:StudyTheSpire+1","Guardian:PolyBeam+1","Guardian:RefractedBeam+2","Guardian:CrystalBeam+1","Guardian:PolyBeam","Guardian:Reroute","Parasite","Doubt","Guardian:ChargeUp","expansioncontent:DonusPower","Forethought"],"relics":["Guardian:ModeShifter","downfall:HeartBlessingBlue","Whetstone","downfall:HeartBlessingRed","Ring of Chaos","Eternal Feather","ReplayFunnel","Replay:Ringing Soul","Sozu","CatCart","Guide Book","Pet Ghost","ReplayTheSpireMod:ShopPack","Divine Protection","Oddly Smooth Stone"],"acts_visited":["Exordium","Gensokyo:Gensokyoer","TheBeyond"],"potions_floor_usage":[16,29,43,43],"damage_taken":[{"damage":2.0,"enemies":"Small Slimes","floor":4.0,"turns":4.0},{"damage":4.0,"enemies":"Jaw Worm","floor":5.0,"turns":5.0},{"damage":0.0,"enemies":"Cultist","floor":6.0,"turns":1.0},{"damage":30.0,"enemies":"3 Sentries","floor":9.0,"turns":8.0},{"damage":9.0,"enemies":"Blue Slaver","floor":11.0,"turns":2.0},{"damage":0.0,"enemies":"Large Slime","floor":13.0,"turns":3.0},{"damage":5,"enemies":"Exordium Thugs","floor":15,"turns":3},{"damage":24,"enemies":"downfall:Watcher","floor":16,"turns":5},{"damage":13,"enemies":"Gensokyo:2_Gloops","floor":19,"turns":5},{"damage":17,"enemies":"Gensokyo:AngelMirror","floor":20,"turns":3},{"damage":28,"enemies":"Gensokyo:3_Gloops","floor":21,"turns":6},{"damage":0,"enemies":"downfall:FleeingMerchant","floor":27,"turns":4},{"damage":1,"enemies":"Gensokyo:Wraith","floor":28,"turns":3},{"damage":25,"enemies":"Gensokyo:Chomper_and_Gloop","floor":29,"turns":4},{"damage":9,"enemies":"Gensokyo:3_Gloops","floor":32,"turns":5},{"damage":38,"enemies":"downfall:Defect","floor":33,"turns":8},{"damage":53,"enemies":"Orin","floor":35,"turns":8},{"damage":21,"enemies":"3 Darklings","floor":36,"turns":5},{"damage":0,"enemies":"downfall:FleeingMerchant","floor":37,"turns":4},{"damage":17,"enemies":"3 Shapes","floor":38,"turns":2},{"damage":4,"enemies":"Transient","floor":39,"turns":5},{"damage":25,"enemies":"Jaw Worm Horde","floor":40,"turns":4},{"damage":12,"enemies":"Writhing Mass","floor":43,"turns":5},{"damage":16,"enemies":"3 Darklings","floor":44,"turns":4},{"damage":20,"enemies":"downfall:FleeingMerchant","floor":46,"turns":3},{"damage":14,"enemies":"Transient","floor":48,"turns":5},{"damage":14,"enemies":"Sphere and 2 Shapes","floor":49,"turns":5},{"damage":76,"enemies":"downfall:Silent","floor":50,"turns":12}],"seed_played":"-7202730900815950391","potions_obtained":[{"floor":4.0,"key":"Fire Potion"},{"floor":5.0,"key":"FearPotion"},{"floor":16,"key":"SneckoOil"},{"floor":29,"key":"EssenceOfSteel"},{"floor":32,"key":"Block Potion"}],"is_trial":false,"path_per_floor":["R","?","?","M","M","M","T","R","E","R","M","R","M","?","M","B",null,"R","M","M","M","?","?","T","T","T","$","M","M","R","?","M","B",null,"R","M","$","M","M","M","T","?","M","M","?","?","R","M","M","B",null],"character_chosen":"GUARDIAN","items_purchased":["expansioncontent:StudyTheSpire","Guide Book","ReplayTheSpireMod:ShopPack","Divine Protection","Oddly Smooth Stone"],"campfire_rested":2,"item_purchase_floors":[27,37,46,46,46],"current_hp_per_floor":[88,93,93,91,87,87,87,97,67,97,88,88,88,88,83,59,103,103,90,73,45,45,45,45,45,45,48,47,22,65,68,59,24,112,62,44,44,30,26,4,4,4,32,16,130,113,131,117,103,27],"gold":64,"neow_bonus":"TEN_PERCENT_HP_BONUS","is_daily":false,"chose_seed":false,"campfire_upgraded":4,"win_rate":0.0,"timestamp":1609928709,"path_taken":["R","?","?","M","M","M","T","R","E","R","M","R","?","?","M","BOSS","R","M","?","M","?","?","T","?","?","?","?","?","R","?","M","BOSS","R","M","$","M","M","M","T","?","M","?","?","?","R","M","M","BOSS"],"items_purchased_type":["Card","Relic","Relic","Relic","Relic"],"build_version":"2020-12-22","purchased_purges":0,"victory":true,"max_hp_per_floor":[88,93,93,93,93,93,93,103,103,103,103,103,103,103,103,103,103,103,103,103,103,103,103,103,103,103,106,106,106,106,109,109,112,112,115,118,118,121,121,124,124,124,127,127,130,133,133,133,133,133],"card_choices":[{"not_picked":["Guardian:Preprogram","Guardian:FloatingOrbs"],"picked":"Guardian:RefractedBeam","floor":4.0},{"not_picked":["Guardian:Preprogram","Guardian:PolyBeam","Guardian:Recover"],"picked":"SKIP","floor":5.0},{"not_picked":["Guardian:Gem_Lightblue","Guardian:ArmoredProtocol"],"picked":"Guardian:PrimingBeam","floor":6.0},{"not_picked":["Guardian:TemporalShield","Guardian:PrismaticBarrier"],"picked":"Guardian:Gem_Cyan","floor":9.0},{"not_picked":["Guardian:Preprogram","Guardian:Harden"],"picked":"Guardian:Gem_Synthetic","floor":11.0},{"not_picked":["Guardian:EvasiveProtocol","Guardian:Planning"],"picked":"Guardian:Suspension","floor":13.0},{"not_picked":["Guardian:Gem_Cyan","Guardian:Recover"],"picked":"Guardian:WalkerClaw","floor":15},{"not_picked":["Guardian:FastForward","Guardian:StasisField"],"picked":"Guardian:Gem_Orange","floor":16},{"not_picked":["Guardian:Recover+1","Guardian:Gem_Lightblue"],"picked":"Guardian:PiercingHide","floor":19},{"not_picked":["Guardian:PrimingBeam+1","Guardian:TemporalShield"],"picked":"Guardian:ShieldSpikes+1","floor":20},{"not_picked":["Guardian:PiercingHide","Guardian:RefractedBeam"],"picked":"Guardian:Emergency+1","floor":21},{"not_picked":["Guardian:Gem_Lightblue","Guardian:ArmoredProtocol"],"picked":"Guardian:DonusPower+1","floor":27},{"not_picked":["Guardian:ShieldCharger","Guardian:Gem_Lightblue","Guardian:Suspension"],"picked":"SKIP","floor":28},{"not_picked":["Guardian:Gem_Lightblue","Guardian:Incinerate","Guardian:ShieldCharger+1"],"picked":"SKIP","floor":29},{"not_picked":["Guardian:PiercingHide+1","Guardian:ArmoredProtocol"],"picked":"Guardian:PolyBeam+1","floor":31},{"not_picked":["Guardian:Reroute","Guardian:RollAttack","Guardian:TimeSifter"],"picked":"SKIP","floor":32},{"not_picked":["Guardian:TimeSifter","Guardian:SphericShield"],"picked":"Guardian:Gem_Orange","floor":33},{"not_picked":["Guardian:Recover+1","Guardian:Planning+1"],"picked":"Guardian:RefractedBeam+1","floor":35},{"not_picked":["Guardian:RollAttack","Guardian:Gem_Green"],"picked":"Guardian:CrystalBeam+1","floor":36},{"not_picked":["Guardian:ShieldCharger","Guardian:PrismaticBeam+1","Guardian:Gem_Red"],"picked":"SKIP","floor":37},{"not_picked":["Guardian:PiercingHide","Guardian:TemporalShield+1"],"picked":"Guardian:PolyBeam","floor":38},{"not_picked":["Guardian:Gem_Green","Guardian:ChargeUp","Guardian:Planning"],"picked":"SKIP","floor":39},{"not_picked":["Guardian:ConstructionForm","Guardian:PrimingBeam"],"picked":"Guardian:Reroute","floor":40},{"not_picked":["Guardian:Gem_Blue","Guardian:Gem_Green","Guardian:Gem_Red"],"picked":"SKIP","floor":43},{"not_picked":["Guardian:TemporalShield+1","Guardian:PrimingBeam","Guardian:WalkerClaw+1"],"picked":"SKIP","floor":44},{"not_picked":["Guardian:Preprogram","Guardian:PrismaticBeam+1"],"picked":"Guardian:ChargeUp","floor":46},{"not_picked":["Flash of Steel","Madness"],"picked":"expansioncontent:DonusPower","floor":46},{"not_picked":["Replay:Bootleg Shield Generator","ReplayTheSpireMod:Brewmster"],"picked":"Forethought","floor":46},{"not_picked":["Guardian:CrystalBeam+1","Guardian:Gem_Cyan","Guardian:HyperBeam_Guardian"],"picked":"SKIP","floor":48},{"not_picked":["Guardian:ArmoredProtocol","Guardian:Clone","Guardian:Gem_Cyan"],"picked":"SKIP","floor":49}],"player_experience":6613,"relics_obtained":[{"floor":9.0,"key":"Whetstone"},{"floor":24,"key":"Eternal Feather"},{"floor":25,"key":"ReplayFunnel"},{"floor":26,"key":"Replay:Ringing Soul"},{"floor":35,"key":"CatCart"},{"floor":41,"key":"Pet Ghost"}],"event_choices":[{"damage_healed":0.0,"max_hp_gain":5.0,"max_hp_loss":0.0,"gold_gain":0.0,"event_name":"Big Fish","player_choice":"Donut","floor":2.0,"gold_loss":0.0,"damage_taken":0.0},{"damage_healed":0.0,"max_hp_gain":0.0,"max_hp_loss":0.0,"gold_gain":0.0,"event_name":"Upgrade Shrine","player_choice":"Upgraded","floor":14.0,"gold_loss":0.0,"damage_taken":0.0,"cards_upgraded":["Guardian:RefractedBeam"]},{"damage_healed":0,"gold_gain":0,"player_choice":"Fight","damage_taken":0,"max_hp_gain":0,"max_hp_loss":0,"event_name":"OrinTheCat","floor":35,"gold_loss":0},{"damage_healed":0,"gold_gain":0,"player_choice":"Ignored","damage_taken":0,"max_hp_gain":0,"max_hp_loss":0,"event_name":"Transmorgrifier","floor":42,"gold_loss":0}],"is_beta":false,"boss_relics":[{"not_picked":["Kintsugi","Empty Cage"],"picked":"Ring of Chaos"},{"not_picked":["Tiny House","ReplayTheSpireMod:DimensionalGlitch"],"picked":"Sozu"}],"items_purged_floors":[],"is_endless":false,"potions_floor_spawned":[4,5,16,29,32,36,38,39,49],"ascension_level":0}}