{"host":"newqdrzxfhh2im9e","time":1609908328,"event":{"mods":["AchievementEnabler","BaseMod","BetterRewards","Block Reminder","Colored Map","Jorbs\u0027s Wanderer Trilogy","Minty Spire (QoL Compilation)","Rare Cards Sparkle","Shop Mod","StSLib"],"gold_per_floor":[117,128,142,31,31,31,51,70,96,96,110,122,122,122],"floor_reached":13,"playtime":907,"items_purged":[],"score":79,"play_id":"821b743a-2e97-40fc-9a87-6c1ee125c014","local_time":"20210105204528","is_ascension_mode":false,"campfire_choices":[{"data":"SandsOfTime","floor":6,"key":"SMITH"},{"data":"Swivel","floor":10,"key":"SMITH"}],"circlet_count":0,"master_deck":["Strike_P","Strike_P","Strike_P","Strike_P+1","Defend_P","Defend_P","Defend_P","Defend_P","Eruption","Vigilance+1","FlyingSleeves","Sanctity","LessonLearned+1","SandsOfTime+1","Nirvana","Swivel+1","Nirvana","LikeWater","CutThroughFate"],"relics":["PureWater","NeowsBlessing","Smiling Mask"],"acts_visited":["Exordium"],"potions_floor_usage":[13,13],"damage_taken":[{"damage":0,"enemies":"2 Louse","floor":1,"turns":1},{"damage":0,"enemies":"Cultist","floor":2,"turns":1},{"damage":0,"enemies":"Small Slimes","floor":3,"turns":1},{"damage":11,"enemies":"Exordium Wildlife","floor":7,"turns":6},{"damage":16,"enemies":"Lots of Slimes","floor":8,"turns":4},{"damage":0,"enemies":"2 Fungi Beasts","floor":11,"turns":4},{"damage":18,"enemies":"Large Slime","floor":12,"turns":6},{"damage":29,"enemies":"3 Sentries","floor":13,"turns":6}],"seed_played":"7075938889009437307","potions_obtained":[{"floor":2,"key":"Ancient Potion"},{"floor":3,"key":"Dexterity Potion"},{"floor":8,"key":"FearPotion"}],"is_trial":false,"path_per_floor":["M","M","M","$","?","R","M","M","T","R","M","M","E"],"character_chosen":"WATCHER","items_purchased":["SandsOfTime","Nirvana"],"campfire_rested":0,"item_purchase_floors":[4,4],"current_hp_per_floor":[72,72,72,72,72,72,61,45,45,45,45,27,0,0],"gold":122,"neow_bonus":"THREE_ENEMY_KILL","is_daily":false,"chose_seed":false,"campfire_upgraded":2,"win_rate":0.0,"timestamp":1609908328,"path_taken":["M","M","M","$","?","R","?","M","T","R","M","M","E"],"items_purchased_type":["Card","Card"],"build_version":"2020-12-22","purchased_purges":0,"victory":false,"max_hp_per_floor":[72,72,72,72,72,72,72,72,72,72,72,72,72,72],"card_choices":[{"not_picked":["CutThroughFate","Crescendo"],"picked":"FlyingSleeves","floor":1},{"not_picked":["EmptyBody","WaveOfTheHand"],"picked":"Sanctity","floor":2},{"not_picked":["SignatureMove","ThirdEye"],"picked":"LessonLearned","floor":3},{"not_picked":["FollowUp","PathToVictory"],"picked":"Swivel","floor":7},{"not_picked":["Crescendo","PathToVictory"],"picked":"Nirvana","floor":8},{"not_picked":["PathToVictory","EmptyBody"],"picked":"LikeWater","floor":11},{"not_picked":["FollowUp","Halt"],"picked":"CutThroughFate","floor":12}],"player_experience":689725,"relics_obtained":[{"floor":9,"key":"Smiling Mask"}],"event_choices":[{"damage_healed":0,"gold_gain":0,"player_choice":"Upgraded","damage_taken":0,"max_hp_gain":0,"max_hp_loss":0,"event_name":"Upgrade Shrine","floor":5,"gold_loss":0,"cards_upgraded":["LessonLearned"]}],"is_beta":false,"boss_relics":[],"items_purged_floors":[],"is_endless":false,"potions_floor_spawned":[2,3,8,12],"killed_by":"3 Sentries","ascension_level":0}}