{"host":"newqdrzxfhh2im9e","time":1609911584,"event":{"mods":["AchievementEnabler","BaseMod","BetterRewards","Block Reminder","Colored Map","Jorbs\u0027s Wanderer Trilogy","Minty Spire (QoL Compilation)","Rare Cards Sparkle","Shop Mod","StSLib"],"gold_per_floor":[109,109,109,129,140,175,175,200,227,302,302,58,58,117,117,215,215,233,250,250,250,19,52,52,52,52,52,52,152,152,171,171,171,171],"floor_reached":33,"playtime":2497,"items_purged":[],"score":342,"play_id":"7ff24f7d-50af-4b5f-823c-3cfd99ebcee3","local_time":"20210105213944","is_ascension_mode":false,"campfire_choices":[{"floor":7,"key":"REST"},{"floor":11,"key":"REST"},{"floor":13,"key":"REST"},{"data":"Establishment","floor":15,"key":"SMITH"},{"floor":27,"key":"REST"},{"data":"Bite","floor":30,"key":"SMITH"},{"floor":32,"key":"REST"}],"circlet_count":0,"master_deck":["Defend_P+1","Defend_P","Defend_P+1","Defend_P","Eruption","Vigilance","SignatureMove","InnerPeace","Eruption","Consecrate","Consecrate","Establishment+1","ReachHeaven","Bandage Up","Bandage Up","ReachHeaven","DeusExMachina","Nirvana","Nirvana","DeusExMachina","Bandage Up","CarveReality","RitualDagger","Bite","Bite","Bite+1","Bite","Bite","PathToVictory","Wallop"],"relics":["PureWater","War Paint","Pen Nib","Juzu Bracelet","Vajra","DollysMirror","Orichalcum","Cursed Key","ClockworkSouvenir","Bottled Lightning","Girya","Bottled Flame"],"acts_visited":["Exordium","TheCity"],"potions_floor_usage":[6,16,19,23,33],"damage_taken":[{"damage":0,"enemies":"Small Slimes","floor":1,"turns":2},{"damage":0,"enemies":"Cultist","floor":4,"turns":2},{"damage":9,"enemies":"Jaw Worm","floor":5,"turns":3},{"damage":13,"enemies":"3 Sentries","floor":6,"turns":3},{"damage":28,"enemies":"Gremlin Nob","floor":8,"turns":4},{"damage":12,"enemies":"Lagavulin Event","floor":14,"turns":5},{"damage":0,"enemies":"Slime Boss","floor":16,"turns":4},{"damage":18,"enemies":"2 Thieves","floor":18,"turns":4},{"damage":2,"enemies":"Chosen","floor":19,"turns":3},{"damage":37,"enemies":"Book of Stabbing","floor":23,"turns":5},{"damage":10,"enemies":"Colosseum Slavers","floor":29,"turns":5},{"damage":18,"enemies":"Colosseum Nobs","floor":29,"turns":3},{"damage":22,"enemies":"3 Cultists","floor":31,"turns":4},{"damage":92,"enemies":"Champ","floor":33,"turns":10}],"seed_played":"-3135600007479698000","potions_obtained":[{"floor":5,"key":"DuplicationPotion"},{"floor":14,"key":"Energy Potion"},{"floor":18,"key":"Ancient Potion"},{"floor":19,"key":"Explosive Potion"},{"floor":31,"key":"Dexterity Potion"}],"is_trial":false,"path_per_floor":["M","?","?","M","M","E","R","E","T","?","R","$","R","?","R","B",null,"M","M","?","?","$","E","?","?","T","R","?","?","R","M","R","B"],"character_chosen":"WATCHER","items_purchased":["Bandage Up","DollysMirror","ClockworkSouvenir","Bandage Up"],"campfire_rested":5,"item_purchase_floors":[12,12,22,22],"current_hp_per_floor":[72,58,58,58,49,36,57,29,29,18,39,39,60,56,56,64,72,58,64,64,51,51,26,20,20,20,35,52,43,43,38,53,0,0],"gold":171,"neow_bonus":"RANDOM_COMMON_RELIC","is_daily":false,"chose_seed":false,"campfire_upgraded":2,"win_rate":0.0,"timestamp":1609911584,"path_taken":["M","?","?","M","?","E","R","E","T","?","R","$","R","?","R","BOSS","M","M","?","?","$","E","?","?","T","R","?","?","R","M","R","BOSS"],"items_purchased_type":["Card","Relic","Relic","Card"],"build_version":"2020-12-22","purchased_purges":0,"victory":false,"max_hp_per_floor":[72,72,72,72,72,72,72,72,72,72,72,72,72,72,72,72,72,72,72,72,77,77,77,77,53,53,53,53,53,53,53,53,53,53],"card_choices":[{"not_picked":["BowlingBash","Collect"],"picked":"SignatureMove","floor":1},{"not_picked":["FlyingSleeves","Evaluate"],"picked":"Consecrate","floor":4},{"not_picked":["CrushJoints","FlurryOfBlows"],"picked":"Consecrate","floor":5},{"not_picked":["Tantrum","Worship"],"picked":"Establishment","floor":6},{"not_picked":["Fasting2","EmptyFist"],"picked":"ReachHeaven","floor":8},{"not_picked":["BowlingBash","EmptyFist"],"picked":"ReachHeaven","floor":14},{"not_picked":["MasterReality","Omniscience"],"picked":"DeusExMachina","floor":16},{"not_picked":["EmptyBody+1","ReachHeaven"],"picked":"Nirvana","floor":18},{"not_picked":["ClearTheMind","EmptyFist"],"picked":"Nirvana","floor":19},{"not_picked":["EmptyMind+1","Evaluate"],"picked":"CarveReality","floor":23},{"not_picked":["EmptyFist","Halt"],"picked":"PathToVictory","floor":29},{"not_picked":["DeusExMachina","SashWhip+1"],"picked":"Wallop","floor":31}],"player_experience":691360,"relics_obtained":[{"floor":6,"key":"Pen Nib"},{"floor":8,"key":"Juzu Bracelet"},{"floor":9,"key":"Vajra"},{"floor":23,"key":"Bottled Lightning"},{"floor":29,"key":"Girya"},{"floor":29,"key":"Bottled Flame"}],"event_choices":[{"damage_healed":0,"gold_gain":0,"player_choice":"Entered Light","damage_taken":14,"max_hp_gain":0,"max_hp_loss":0,"event_name":"Shining Light","floor":2,"gold_loss":0,"cards_upgraded":["Strike_P","Strike_P"]},{"damage_healed":0,"gold_gain":0,"player_choice":"2 cards matched","damage_taken":0,"max_hp_gain":0,"max_hp_loss":0,"event_name":"Match and Keep!","floor":3,"gold_loss":0,"cards_obtained":["InnerPeace","Eruption"]},{"damage_healed":0,"gold_gain":75,"player_choice":"Gather Gold","damage_taken":11,"max_hp_gain":0,"max_hp_loss":0,"event_name":"World of Goop","floor":10,"gold_loss":0},{"damage_healed":0,"gold_gain":0,"player_choice":"Searched \u00272\u0027 times","damage_taken":0,"relics_obtained":["Orichalcum"],"max_hp_gain":0,"max_hp_loss":0,"event_name":"Dead Adventurer","floor":14,"gold_loss":0},{"damage_healed":0,"gold_gain":0,"player_choice":"Copied","damage_taken":0,"max_hp_gain":0,"max_hp_loss":0,"event_name":"Duplicator","floor":20,"gold_loss":0,"cards_obtained":["DeusExMachina"]},{"damage_healed":0,"gold_gain":0,"player_choice":"Shed Blood","damage_taken":18,"max_hp_gain":5,"max_hp_loss":0,"event_name":"Forgotten Altar","floor":21,"gold_loss":0},{"damage_healed":0,"gold_gain":0,"player_choice":"Joined the Cult","damage_taken":6,"max_hp_gain":0,"max_hp_loss":0,"event_name":"Nest","floor":24,"gold_loss":0,"cards_obtained":["RitualDagger"]},{"damage_healed":0,"gold_gain":0,"player_choice":"Became a vampire","damage_taken":0,"max_hp_gain":0,"max_hp_loss":24,"event_name":"Vampires","floor":25,"gold_loss":0,"cards_obtained":["Bite","Bite","Bite","Bite","Bite"]},{"damage_healed":17,"gold_gain":0,"player_choice":"Heal","damage_taken":0,"max_hp_gain":0,"max_hp_loss":0,"event_name":"The Library","floor":28,"gold_loss":0},{"damage_healed":0,"gold_gain":0,"player_choice":"Fight","damage_taken":0,"max_hp_gain":0,"max_hp_loss":0,"event_name":"Colosseum","floor":29,"gold_loss":0},{"damage_healed":0,"gold_gain":0,"player_choice":"Fought Nobs","damage_taken":0,"max_hp_gain":0,"max_hp_loss":0,"event_name":"Colosseum","floor":29,"gold_loss":0}],"is_beta":false,"boss_relics":[{"not_picked":["Empty Cage","Velvet Choker"],"picked":"Cursed Key"}],"items_purged_floors":[],"is_endless":false,"potions_floor_spawned":[5,14,18,19,31],"killed_by":"Champ","ascension_level":0}}