{"host":"sxnl403xm2xmiyj1","time":1609938403,"event":{"mods":["BaseMod","Colored Map","Keyboard Shortcuts","Lobotomy","Minty Spire (QoL Compilation)","Quick Restart","StSLib","SuperFastMode"],"gold_per_floor":[360,360,380,400,419,451,451,471,471,471,471],"floor_reached":10,"playtime":466,"items_purged":[],"score":70,"play_id":"55067639-1b2d-4eb1-b05d-95e3087cbdc1","local_time":"20210106220643","is_ascension_mode":false,"campfire_choices":[],"circlet_count":0,"master_deck":["SpecialBullet","SpecialBullet","SpecialBullet","SpecialBullet","SpecialBullet","SpecialBullet","SpecialBullet","SpecialBullet","DisciplinaryCode","RecordCode","SecurityCode","CrumblingArmor","FeatherOfHonor+1","OldLady","InformationCode","PunishingBird","FourthMatchFlame","SilentOrchestra","Soda","FieryBird","SoundOfStar","GreedKing","Soda"],"relics":["CogitoBucket","Torii","FleshIdol","Oddly Smooth Stone"],"acts_visited":["Exordium"],"potions_floor_usage":[],"damage_taken":[{"damage":6.0,"enemies":"2 Louse","floor":1.0,"turns":2.0},{"damage":0.0,"enemies":"Cultist","floor":3.0,"turns":1.0},{"damage":8.0,"enemies":"Small Slimes","floor":4.0,"turns":2.0},{"damage":13.0,"enemies":"Blue Slaver","floor":5.0,"turns":2.0},{"damage":37.0,"enemies":"Lagavulin","floor":6.0,"turns":4.0},{"damage":74.0,"enemies":"2 Fungi Beasts","floor":8.0,"turns":15.0},{"damage":27,"enemies":"3 Sentries","floor":10,"turns":2}],"seed_played":"-8066568672786230839","potions_obtained":[{"floor":3.0,"key":"Weak Potion"},{"floor":4.0,"key":"DuplicationPotion"},{"floor":5.0,"key":"Fire Potion"}],"is_trial":false,"path_per_floor":["M","?","M","M","M","E","R","M","T","E"],"character_chosen":"Angela","items_purchased":[],"campfire_rested":0,"item_purchase_floors":[],"current_hp_per_floor":[63,63,63,63,58,34,34,20,20,0,0],"gold":471,"neow_bonus":"TWO_FIFTY_GOLD","is_daily":false,"chose_seed":false,"campfire_upgraded":0,"win_rate":0.0,"timestamp":1609938403,"path_taken":["M","?","M","?","M","E","R","M","T","E"],"items_purchased_type":[],"build_version":"2020-12-22","purchased_purges":0,"victory":false,"max_hp_per_floor":[63,63,63,63,63,63,63,63,63,63,63],"card_choices":[{"not_picked":["Scorched","Wellcheers"],"picked":"CrumblingArmor","floor":1.0},{"not_picked":["Tough"],"picked":"FeatherOfHonor","floor":1.0},{"not_picked":["ShyLook","QueenOfHatred"],"picked":"OldLady","floor":3.0},{"not_picked":["Beak","CUTE"],"picked":"SKIP","floor":3.0},{"not_picked":["Murderer","Rudolta"],"picked":"PunishingBird","floor":4.0},{"not_picked":["Gaze"],"picked":"FourthMatchFlame","floor":4.0},{"not_picked":["CherryBlossoms","Scorched"],"picked":"SilentOrchestra","floor":5.0},{"not_picked":["CENSORED_ego"],"picked":"Soda","floor":5.0},{"not_picked":["Murderer","UniverseFragment"],"picked":"FieryBird","floor":6.0},{"not_picked":["Beak"],"picked":"SoundOfStar","floor":6.0},{"not_picked":["MeatLantern","UniverseFragment"],"picked":"GreedKing","floor":8.0},{"not_picked":["RedEyes"],"picked":"Soda","floor":8.0}],"player_experience":199340,"relics_obtained":[{"floor":6.0,"key":"Torii"},{"floor":9.0,"key":"Oddly Smooth Stone"}],"event_choices":[{"damage_healed":0.0,"max_hp_gain":0.0,"max_hp_loss":0.0,"gold_gain":0.0,"event_name":"Upgrade Shrine","player_choice":"Upgraded","floor":2.0,"gold_loss":0.0,"damage_taken":0.0,"cards_upgraded":["FeatherOfHonor"]}],"is_beta":false,"boss_relics":[],"items_purged_floors":[],"is_endless":false,"potions_floor_spawned":[3,4,5],"killed_by":"3 Sentries","ascension_level":0}}