{"host":"a5lz0e76zb3fcwkm","time":1609944754,"event":{"mods":["AchievementEnabler","BaseMod","Colored Map","Colored Powertips","Minty Spire (QoL Compilation)","StSLib","SuperFastMode"],"gold_per_floor":[113,188,188,212,212,243,243,263,309,340,373,387,426,442,442,540,540,563,563,563],"floor_reached":19,"playtime":499,"items_purged":[],"score":424,"play_id":"89c87bb0-8eac-437f-ab87-3a381792a533","local_time":"20210106235234","is_ascension_mode":true,"campfire_choices":[{"data":"Pommel Strike","floor":7.0,"key":"SMITH"},{"data":"Blood for Blood","floor":15.0,"key":"SMITH"}],"circlet_count":0,"master_deck":["AscendersBane","Strike_R","Strike_R","Strike_R","Strike_R+1","Strike_R","Defend_R","Defend_R","Defend_R","Defend_R","Bash+1","Hemokinesis","Power Through","Pommel Strike+1","Blood for Blood+1","Dual Wield","Barricade"],"relics":["Burning Blood","NeowsBlessing","Golden Idol","Red Skull","Omamori","Dream Catcher","Odd Mushroom","Anchor","Black Star"],"acts_visited":["Exordium","TheCity"],"potions_floor_usage":[],"damage_taken":[{"damage":0.0,"enemies":"2 Louse","floor":1.0,"turns":1.0},{"damage":0.0,"enemies":"Small Slimes","floor":4.0,"turns":2.0},{"damage":0.0,"enemies":"3 Sentries","floor":6.0,"turns":2.0},{"damage":0.0,"enemies":"Jaw Worm","floor":8.0,"turns":2.0},{"damage":19.0,"enemies":"Lagavulin","floor":10.0,"turns":6.0},{"damage":6.0,"enemies":"The Mushroom Lair","floor":11.0,"turns":4.0},{"damage":2.0,"enemies":"2 Fungi Beasts","floor":12.0,"turns":2.0},{"damage":19.0,"enemies":"3 Sentries","floor":13.0,"turns":6.0},{"damage":5.0,"enemies":"Lots of Slimes","floor":14.0,"turns":3.0},{"damage":25.0,"enemies":"Hexaghost","floor":16.0,"turns":7.0},{"damage":46,"enemies":"Shell Parasite","floor":18,"turns":6},{"damage":26,"enemies":"Chosen","floor":19,"turns":3}],"seed_played":"2125346336880413476","potions_obtained":[{"floor":4.0,"key":"Explosive Potion"},{"floor":8.0,"key":"FearPotion"},{"floor":11.0,"key":"Strength Potion"},{"floor":13.0,"key":"SkillPotion"},{"floor":14.0,"key":"FairyPotion"}],"is_trial":false,"path_per_floor":["M","?","?","M","?","E","R","M","T","E","?","M","E","M","R","B",null,"M","M"],"character_chosen":"IRONCLAD","items_purchased":[],"campfire_rested":0,"item_purchase_floors":[],"current_hp_per_floor":[74,63,37,43,20,26,26,32,32,19,19,23,10,11,11,18,61,21,0,0],"gold":563,"neow_bonus":"THREE_ENEMY_KILL","is_daily":false,"chose_seed":false,"campfire_upgraded":2,"win_rate":0.0,"timestamp":1609944754,"path_taken":["M","?","?","M","?","E","R","M","T","E","?","M","E","M","R","BOSS","M","M"],"items_purchased_type":[],"build_version":"2020-12-22","purchased_purges":0,"victory":false,"max_hp_per_floor":[75,75,75,75,75,75,75,75,75,75,75,75,75,75,75,75,75,75,75,75],"card_choices":[{"not_picked":["Cleave","Warcry"],"picked":"Hemokinesis","floor":1.0},{"not_picked":["Entrench","Cleave"],"picked":"Power Through","floor":4.0},{"not_picked":["Sword Boomerang","Clothesline"],"picked":"Pommel Strike","floor":6.0},{"not_picked":["Carnage","Havoc"],"picked":"Blood for Blood","floor":8.0},{"not_picked":["Shrug It Off","Perfected Strike"],"picked":"Dual Wield","floor":10.0},{"not_picked":["Dropkick","Rampage"],"picked":"Barricade","floor":12.0},{"not_picked":["Infernal Blade","True Grit","Reckless Charge"],"picked":"SKIP","floor":13.0},{"not_picked":["Anger","Twin Strike","Dropkick"],"picked":"SKIP","floor":14.0},{"not_picked":["Warcry","Cleave","Iron Wave+1"],"picked":"SKIP","floor":18}],"player_experience":1687716,"relics_obtained":[{"floor":6.0,"key":"Red Skull"},{"floor":9.0,"key":"Omamori"},{"floor":10.0,"key":"Dream Catcher"},{"floor":11.0,"key":"Odd Mushroom"},{"floor":13.0,"key":"Anchor"}],"event_choices":[{"damage_healed":0.0,"max_hp_gain":0.0,"max_hp_loss":0.0,"gold_gain":75.0,"event_name":"World of Goop","player_choice":"Gather Gold","floor":2.0,"gold_loss":0.0,"damage_taken":11.0},{"damage_healed":0.0,"max_hp_gain":0.0,"max_hp_loss":0.0,"gold_gain":0.0,"event_name":"Golden Idol","player_choice":"Take Damage","floor":3.0,"gold_loss":0.0,"damage_taken":26.0,"relics_obtained":["Golden Idol"]},{"damage_healed":0.0,"max_hp_gain":0.0,"max_hp_loss":0.0,"gold_gain":0.0,"event_name":"Shining Light","player_choice":"Entered Light","floor":5.0,"gold_loss":0.0,"damage_taken":23.0,"cards_upgraded":["Bash","Strike_R"]},{"damage_healed":0.0,"max_hp_gain":0.0,"max_hp_loss":0.0,"gold_gain":0.0,"event_name":"Mushrooms","player_choice":"Fought Mushrooms","floor":11.0,"gold_loss":0.0,"damage_taken":0.0}],"is_beta":false,"boss_relics":[{"not_picked":["Busted Crown","Pandora\u0027s Box"],"picked":"Black Star"}],"items_purged_floors":[],"is_endless":false,"potions_floor_spawned":[4,8,11,13,14],"killed_by":"Chosen","ascension_level":20}}