{"host":"qvl114e0jmbc6yhm","time":1609960831,"event":{"mods":["Act Like it!","BaseMod","Hermit","Highlight Path","Hubris","Jedi Mod","Marisa????????","Marked Mod","Minty Spire (QoL Compilation)","Permanent Neow","Random Character Button","Relic Sorter","Relic Stats","Replay The Spire","Shop Mod","Spicy Shops","StSLib","The Jungle","The Runesmith"],"gold_per_floor":[17,17,30,40,59,93,93,122,149,168,185,185,203,228,228,306,306,316,316,334,18,18,18,48,62,62,73,83,83,97,131,131,211,211,221,221,221,237,264,264,302,302,302,314,324,339,370,370,370,370],"floor_reached":51,"playtime":3482,"items_purged":["Strike_P"],"score":1509,"play_id":"30d071a4-6852-40b9-9c45-908665780563","local_time":"20210106142031","is_ascension_mode":true,"campfire_choices":[{"data":"Conclude","floor":7.0,"key":"SMITH"},{"data":"CutThroughFate","floor":12.0,"key":"SMITH"},{"data":"Eruption","floor":15.0,"key":"SMITH"},{"floor":23.0,"key":"REST"},{"floor":29.0,"key":"REST"},{"data":"1","floor":32.0,"key":"LIFT"},{"data":"2","floor":40.0,"key":"LIFT"},{"data":"3","floor":42.0,"key":"LIFT"},{"data":"TalkToTheHand","floor":49,"key":"SMITH"}],"circlet_count":0,"master_deck":["AscendersBane","Strike_P","Strike_P","Strike_P","Defend_P","Defend_P","Defend_P","Eruption+1","Vigilance","Conclude+1","EmptyFist","FlurryOfBlows","EmptyMind","Crescendo","DevaForm","CutThroughFate+1","Omniscience","Vault","WaveOfTheHand","BowlingBash","Wireheading","TalkToTheHand+1","Protect","TalkToTheHand","Scrawl","MentalFortress","Adaptation","Replay:LoomingThreat","Replay:Cycle","TalkToTheHand+1"],"relics":["PureWater","TungstenRod","Smiling Mask","jedi:crownofsimplicity","hubris:SlimyHat","Mercury Hourglass","Black Star","theJungle:WildStrawberry","Orrery","Replay:Rubber Ducky","Replay:Bottled Flurry","CeramicFish","Girya","Replay:Towering Pillar of Hats","hubris:RunicObelisk","Pear","The Courier","jedi:angrymask","jedi:heavyjacket","Meat on the Bone"],"acts_visited":["Exordium","theJungle:Jungle","TheBeyond"],"potions_floor_usage":[],"damage_taken":[{"damage":1.0,"enemies":"Jaw Worm","floor":1.0,"turns":3.0},{"damage":0.0,"enemies":"Small Slimes","floor":3.0,"turns":2.0},{"damage":0.0,"enemies":"2 Louse","floor":4.0,"turns":1.0},{"damage":2.0,"enemies":"Looter","floor":5.0,"turns":3.0},{"damage":15.0,"enemies":"Lagavulin","floor":6.0,"turns":6.0},{"damage":14.0,"enemies":"Replay:BlueRogue","floor":8.0,"turns":7.0},{"damage":0.0,"enemies":"Blue Slaver","floor":10.0,"turns":1.0},{"damage":4.0,"enemies":"Gremlin Gang","floor":11.0,"turns":3.0},{"damage":3.0,"enemies":"3 Louse","floor":13.0,"turns":2.0},{"damage":0.0,"enemies":"Lagavulin","floor":14.0,"turns":5.0},{"damage":8.0,"enemies":"Hexaghost","floor":16.0,"turns":8.0},{"damage":3.0,"enemies":"Shell Parasite","floor":18.0,"turns":3.0},{"damage":9.0,"enemies":"theJungle:GiantWrat","floor":20.0,"turns":6.0},{"damage":20.0,"enemies":"theJungle:2_Phrogs","floor":24.0,"turns":8.0},{"damage":0.0,"enemies":"theJungle:2_Snecko_Cultists","floor":25.0,"turns":4.0},{"damage":0.0,"enemies":"theJungle:Snecko_Cultist_And_Trap","floor":27.0,"turns":7.0},{"damage":16.0,"enemies":"theJungle:2_Flameangoes","floor":28.0,"turns":9.0},{"damage":11.0,"enemies":"Snake Plant","floor":30.0,"turns":5.0},{"damage":0.0,"enemies":"theJungle:Cassacara","floor":31.0,"turns":5.0},{"damage":0.0,"enemies":"theJungle:QueenSpyder","floor":33.0,"turns":9.0},{"damage":0.0,"enemies":"Orb Walker","floor":35.0,"turns":4.0},{"damage":0.0,"enemies":"3 Shapes","floor":38.0,"turns":2.0},{"damage":0.0,"enemies":"Maw","floor":39.0,"turns":6.0},{"damage":0.0,"enemies":"Reptomancer","floor":41.0,"turns":4.0},{"damage":3.0,"enemies":"Writhing Mass","floor":44.0,"turns":7.0},{"damage":0.0,"enemies":"Transient","floor":45.0,"turns":6.0},{"damage":0,"enemies":"Spire Growth","floor":46,"turns":5},{"damage":0,"enemies":"R_Hoarder","floor":47,"turns":7},{"damage":1,"enemies":"Donu and Deca","floor":50,"turns":9}],"seed_played":"1686562454886277772","potions_obtained":[{"floor":3.0,"key":"FearPotion"},{"floor":4.0,"key":"SpeedPotion"},{"floor":10.0,"key":"ColorlessPotion"},{"floor":11.0,"key":"Swift Potion"},{"floor":18.0,"key":"Energy Potion"},{"floor":28.0,"key":"SpeedPotion"},{"floor":33.0,"key":"SkillPotion"},{"floor":35.0,"key":"StancePotion"},{"floor":45,"key":"jedi:StrikingPotion"}],"is_trial":false,"path_per_floor":["M","?","M","M","M","E","R","E","T","M","M","R","M","E","R","B",null,"M","?","M","$","?","R","E","M","T","M","M","R","M","E","R","B",null,"M","?","?","M","M","R","E","R","T","M","M","M","E","?","R","B",null],"character_chosen":"WATCHER","items_purchased":["Wireheading","TalkToTheHand","Orrery"],"campfire_rested":2,"item_purchase_floors":[21,21,21],"current_hp_per_floor":[60,60,60,60,58,43,43,29,29,29,25,25,22,22,22,14,55,52,46,37,37,37,59,39,39,39,63,47,69,58,58,58,58,71,71,71,71,71,71,71,81,81,81,78,78,78,78,78,78,77],"gold":370,"neow_bonus":"ONE_RARE_RELIC","is_daily":false,"chose_seed":false,"campfire_upgraded":4,"win_rate":0.0,"timestamp":1609960831,"path_taken":["M","?","M","M","M","E","R","E","T","M","M","R","M","E","R","BOSS","M","?","M","$","?","R","E","M","T","M","M","R","M","E","R","BOSS","M","?","?","M","M","R","E","R","T","M","M","M","E","?","R","BOSS"],"items_purchased_type":["Card","Card","Relic"],"build_version":"2020-12-22","purchased_purges":1,"victory":true,"max_hp_per_floor":[68,68,68,68,68,68,68,68,68,68,68,68,68,68,68,68,68,68,75,75,75,75,75,75,75,75,75,75,75,75,75,75,75,75,75,75,71,71,71,71,81,81,81,81,81,81,81,81,81,81],"relic_stats":{"counters":[29,147],"CeramicFish":36,"Black Star":4,"Smiling Mask":25,"obtain_stats":[{"Girya":31,"jedi:angrymask":43,"Pear":41,"Replay:Towering Pillar of Hats":31,"CeramicFish":26,"The Courier":41,"hubris:SlimyHat":9,"jedi:crownofsimplicity":8,"hubris:RunicObelisk":34,"Smiling Mask":6,"Mercury Hourglass":14,"Replay:Rubber Ducky":24,"jedi:heavyjacket":47,"Orrery":21,"Black Star":17,"Replay:Bottled Flurry":24,"theJungle:WildStrawberry":19,"PureWater":0,"TungstenRod":0,"Meat on the Bone":47},{"Girya":19,"jedi:angrymask":24,"Pear":24,"Replay:Towering Pillar of Hats":19,"CeramicFish":15,"The Courier":24,"hubris:SlimyHat":6,"jedi:crownofsimplicity":6,"hubris:RunicObelisk":20,"Smiling Mask":5,"Mercury Hourglass":10,"Replay:Rubber Ducky":14,"jedi:heavyjacket":28,"Orrery":13,"Black Star":11,"Replay:Bottled Flurry":14,"theJungle:WildStrawberry":12,"PureWater":0,"TungstenRod":0,"Meat on the Bone":28},{"Girya":88,"jedi:angrymask":113,"Pear":113,"Replay:Towering Pillar of Hats":88,"CeramicFish":62,"The Courier":113,"hubris:SlimyHat":22,"jedi:crownofsimplicity":22,"hubris:RunicObelisk":97,"Smiling Mask":15,"Mercury Hourglass":33,"Replay:Rubber Ducky":58,"jedi:heavyjacket":138,"Orrery":50,"Black Star":41,"Replay:Bottled Flurry":58,"theJungle:WildStrawberry":44,"PureWater":0,"TungstenRod":0,"Meat on the Bone":138}],"TungstenRod":37,"Mercury Hourglass":[411],"Meat on the Bone":0},"card_choices":[{"not_picked":["ClearTheMind","MentalFortress"],"picked":"Conclude","floor":1.0},{"not_picked":["Nirvana","Halt"],"picked":"EmptyFist","floor":3.0},{"not_picked":["Crescendo","CrushJoints"],"picked":"FlurryOfBlows","floor":4.0},{"not_picked":["Replay:AtTheReady","Halt"],"picked":"EmptyMind","floor":5.0},{"not_picked":["MarkedMod:GentlePulse","MarkedMod:FirstStrike"],"picked":"Crescendo","floor":6.0},{"not_picked":["SashWhip","Evaluate","CrushJoints"],"picked":"SKIP","floor":8.0},{"not_picked":["ClearTheMind","CrushJoints"],"picked":"DevaForm","floor":10.0},{"not_picked":["ThirdEye","InnerPeace"],"picked":"CutThroughFate","floor":11.0},{"not_picked":["Evaluate","CutThroughFate","JustLucky"],"picked":"SKIP","floor":13.0},{"not_picked":["MarkedMod:FirstStrike","ForeignInfluence"],"picked":"Omniscience","floor":14.0},{"not_picked":["SpiritShield","Alpha"],"picked":"Vault","floor":16.0},{"not_picked":["Replay:Vibes","MarkedMod:FirstStrike"],"picked":"WaveOfTheHand","floor":18.0},{"not_picked":["Evaluate","CutThroughFate"],"picked":"BowlingBash","floor":20.0},{"not_picked":["FlyingSleeves","Replay:ManipulateFuture"],"picked":"Protect","floor":21.0},{"not_picked":["Replay:Vibes","Sanctity"],"picked":"TalkToTheHand","floor":21.0},{"not_picked":["ClearTheMind","FlurryOfBlows"],"picked":"Scrawl","floor":21.0},{"not_picked":["SandsOfTime","WheelKick"],"picked":"MentalFortress","floor":24.0},{"not_picked":["Perseverance","JustLucky","CarveReality"],"picked":"SKIP","floor":25.0},{"not_picked":["Conclude","DeceiveReality","CrushJoints"],"picked":"SKIP","floor":27.0},{"not_picked":["EmptyFist","Consecrate+1","CrushJoints"],"picked":"SKIP","floor":28.0},{"not_picked":["MarkedMod:PinPointDefense","Protect","CutThroughFate"],"picked":"SKIP","floor":30.0},{"not_picked":["Crescendo","Replay:AtTheReady"],"picked":"Adaptation","floor":31.0},{"not_picked":["DeusExMachina","Omniscience"],"picked":"Replay:LoomingThreat","floor":33.0},{"not_picked":["LikeWater+1","FlurryOfBlows","EmptyMind"],"picked":"SKIP","floor":35.0},{"not_picked":["Collect","EmptyBody+1","CutThroughFate"],"picked":"SKIP","floor":38.0},{"not_picked":["Halt","Replay:Vibes"],"picked":"Replay:Cycle","floor":39.0},{"not_picked":["Crescendo","EmptyFist+1"],"picked":"TalkToTheHand+1","floor":41.0},{"not_picked":["Consecrate+1","SandsOfTime+1","LikeWater"],"picked":"SKIP","floor":44.0},{"not_picked":["Crescendo","Alpha","EmptyMind"],"picked":"SKIP","floor":45},{"not_picked":["FollowUp","MarkedMod:GentlePulse+1","Consecrate"],"picked":"SKIP","floor":46},{"not_picked":["EmptyBody","Study","EmptyFist+1"],"picked":"SKIP","floor":47}],"player_experience":2416059,"relics_obtained":[{"floor":6.0,"key":"Smiling Mask"},{"floor":8.0,"key":"jedi:crownofsimplicity"},{"floor":9.0,"key":"hubris:SlimyHat"},{"floor":14.0,"key":"Mercury Hourglass"},{"floor":24.0,"key":"Replay:Rubber Ducky"},{"floor":24.0,"key":"Replay:Bottled Flurry"},{"floor":26.0,"key":"CeramicFish"},{"floor":31.0,"key":"Girya"},{"floor":31.0,"key":"Replay:Towering Pillar of Hats"},{"floor":41.0,"key":"Pear"},{"floor":41.0,"key":"The Courier"},{"floor":43.0,"key":"jedi:angrymask"},{"floor":47,"key":"jedi:heavyjacket"},{"floor":47,"key":"Meat on the Bone"}],"event_choices":[{"damage_healed":0.0,"max_hp_gain":0.0,"max_hp_loss":4.0,"gold_gain":0.0,"event_name":"Winding Halls","player_choice":"Max HP","floor":37.0,"gold_loss":0.0,"damage_taken":0.0},{"cards_removed":["Defend_P"],"damage_healed":0,"gold_gain":0,"player_choice":"Removed Skill","damage_taken":0,"max_hp_gain":0,"max_hp_loss":0,"event_name":"Falling","floor":48,"gold_loss":0}],"is_beta":false,"boss_relics":[{"not_picked":["Honey Jar","hubris:BlackHole"],"picked":"Black Star"},{"not_picked":["ReplayTheSpireMod:DimensionalGlitch","jedi:battlestandard"],"picked":"hubris:RunicObelisk"}],"items_purged_floors":[21],"is_endless":false,"potions_floor_spawned":[3,4,10,11,18,20,24,28,33,35,41,45],"ascension_level":14}}