{"host":"7c402rm0fqc13zvz","time":1609963952,"event":{"mods":["BaseMod","Marisa（F雨　魔理沙）","Minty Spire (QoL Compilation)","Remilia（蕾米莉亚）","StSLib","The Servant 0.9.4","Youmu（魂魄妖梦）","[功能]功能增强和修复MOD"],"gold_per_floor":[115,125,300,300,320,352,352,352,352,352,307,325,325,320,320,419,419,436,406,420,432,432,432,459,459,459,459,469,384,384,384,384,483,483,502,520,438,433,449,484,534,551,577,589,622,612,639,657,657,657],"floor_reached":51,"playtime":2010,"items_purged":["Strike_MRS","Strike_MRS","Doubt","Strike_MRS","Defend_MRS","MasterSpark","Defend_MRS","Defend_MRS","Defend_MRS","MilkyWay","Singularity","DarkMatter","StarlightTyphoon+1","DoubleSpark","RefractionSpark","IllusionStar","Bandage Up","OneTimeOff+1","PowerUp"],"score":923,"play_id":"73e5a258-2bfb-4776-beb6-8f4f530dded5","local_time":"20210107041232","is_ascension_mode":false,"campfire_choices":[{"data":"Singularity","floor":7,"key":"SMITH"},{"data":"StarBarrage","floor":10,"key":"SMITH"},{"data":"StarlightTyphoon","floor":13,"key":"SMITH"},{"data":"DarkMatter","floor":15,"key":"SMITH"},{"data":"EarthLightRay","floor":23,"key":"SMITH"},{"data":"OneTimeOff","floor":27,"key":"SMITH"},{"data":"AbsoluteMagnitude","floor":30,"key":"SMITH"},{"data":"MillisecondPulsars","floor":32,"key":"SMITH"},{"data":"UltimateShortwave","floor":49,"key":"SMITH"}],"circlet_count":0,"master_deck":["UpSweep","StarBarrage+1","Singularity+1","OrrerysSun+1","MysteriousBeam","MillisecondPulsars+1","Master of Strategy+1","DarkMatter+1","Deep Breath+1","AbsoluteMagnitude+1","AlicesGift","ChargingUp","EarthLightRay+1","UltimateShortwave+1","EarthLightRay+1","AlicesGift","ChargeUpSpray+1","DragonMeteor+1","PowerUp+1","Deep Breath","Acceleration"],"relics":["MiniHakkero","NeowsBlessing","Bronze Scales","Sundial","Orichalcum","Letter Opener","Orrery","Nunchaku","HornCleat","Philosopher\u0027s Stone","Unceasing Top","Pen Nib","PreservedInsect","Chemical X","Meat on the Bone","Bag of Marbles","Shuriken","Tiny Chest","Question Card","Anchor","Medical Kit","Black Star","Mummified Hand","InkBottle","Toy Ornithopter","HandDrill","Strawberry","War Paint","Calipers","Dream Catcher","MealTicket","Potion Belt"],"acts_visited":["Exordium","TheCity","TheBeyond"],"potions_floor_usage":[6,6,16,24,24,33,40,50,50],"damage_taken":[{"damage":0,"enemies":"Small Slimes","floor":1,"turns":1},{"damage":0,"enemies":"2 Louse","floor":2,"turns":1},{"damage":0,"enemies":"Cultist","floor":5,"turns":1},{"damage":39,"enemies":"3 Sentries","floor":6,"turns":7},{"damage":2,"enemies":"Blue Slaver","floor":12,"turns":3},{"damage":0,"enemies":"Hexaghost","floor":16,"turns":5},{"damage":8,"enemies":"Shell Parasite","floor":18,"turns":3},{"damage":8,"enemies":"Chosen","floor":20,"turns":2},{"damage":3,"enemies":"Centurion and Healer","floor":21,"turns":3},{"damage":26,"enemies":"Slavers","floor":24,"turns":4},{"damage":0,"enemies":"Snecko","floor":28,"turns":3},{"damage":0,"enemies":"Automaton","floor":33,"turns":2},{"damage":5,"enemies":"3 Shapes","floor":35,"turns":3},{"damage":1,"enemies":"Orb Walker","floor":36,"turns":2},{"damage":0,"enemies":"Sphere and 2 Shapes","floor":39,"turns":2},{"damage":0,"enemies":"Nemesis","floor":40,"turns":1},{"damage":0,"enemies":"Mind Bloom Boss Battle","floor":41,"turns":2},{"damage":9,"enemies":"Jaw Worm Horde","floor":42,"turns":2},{"damage":0,"enemies":"4 Shapes","floor":44,"turns":1},{"damage":3,"enemies":"Reptomancer","floor":45,"turns":2},{"damage":0,"enemies":"Maw","floor":48,"turns":3},{"damage":26,"enemies":"Time Eater","floor":50,"turns":3}],"seed_played":"1859832650706563122","potions_obtained":[{"floor":2,"key":"Explosive Potion"},{"floor":5,"key":"GamblersBrew"},{"floor":6,"key":"CultistPotion"},{"floor":6,"key":"FearPotion"},{"floor":16,"key":"SmokeBomb"},{"floor":20,"key":"GamblersBrew"},{"floor":28,"key":"BottledSpark"},{"floor":35,"key":"Ancient Potion"},{"floor":35,"key":"Strength Potion"},{"floor":40,"key":"AttackPotion"},{"floor":42,"key":"BottledSpark"}],"is_trial":false,"path_per_floor":["M","M","?","?","M","E","R","?","T","R","$","M","R","$","R","B",null,"M","$","M","M","?","R","E","$","T","R","M","?","R","$","R","B",null,"M","M","?","$","M","E","?","M","T","M","E","$","T","M","R","B",null],"character_chosen":"MARISA","items_purchased":["Orichalcum","Letter Opener","DarkMatter","Singularity","MilkyWay","MysteriousBeam","Orrery","Master of Strategy","Deep Breath","Nunchaku","HornCleat","Unceasing Top","PowerUp","AlicesGift","Pen Nib","Chemical X","Meat on the Bone","Bag of Marbles","OneTimeOff","Explosive Potion","Swift Potion","BottledSpark","Question Card","Anchor","Medical Kit","InkBottle","Toy Ornithopter","HandDrill","Bandage Up","Deep Breath"],"campfire_rested":0,"item_purchase_floors":[11,11,11,11,11,11,11,11,14,14,14,19,19,19,19,25,25,25,25,25,25,25,31,31,31,38,38,38,38,46],"current_hp_per_floor":[75,75,75,68,68,29,29,29,29,29,29,27,27,27,27,27,75,67,67,59,56,56,56,36,36,36,36,42,42,42,42,42,48,75,70,69,69,69,75,82,82,82,82,82,82,82,82,82,82,56],"gold":657,"neow_bonus":"THREE_ENEMY_KILL","is_daily":false,"chose_seed":false,"campfire_upgraded":9,"win_rate":0.0,"timestamp":1609963952,"path_taken":["M","M","?","?","M","E","R","?","T","R","$","M","R","$","R","BOSS","M","$","?","M","?","R","E","?","T","R","?","?","R","$","R","BOSS","M","M","?","$","?","E","?","M","T","M","E","$","?","M","R","BOSS"],"items_purchased_type":["Relic","Relic","Card","Card","Card","Card","Relic","Card","Card","Relic","Relic","Relic","Card","Card","Relic","Relic","Relic","Relic","Card","Potion","Potion","Potion","Relic","Relic","Relic","Relic","Relic","Relic","Card","Card"],"build_version":"2020-12-22","purchased_purges":19,"victory":true,"max_hp_per_floor":[75,75,75,75,75,75,75,75,75,75,75,75,75,75,75,75,75,75,75,75,75,75,75,75,75,75,75,75,75,75,75,75,75,75,75,75,75,75,75,82,82,82,82,82,82,82,82,82,82,82],"card_choices":[{"not_picked":["MilkyWay","DC"],"picked":"StarBarrage","floor":1},{"not_picked":["AlicesGift","MysteriousBeam","StarBarrage"],"picked":"SKIP","floor":2},{"not_picked":["Robbery","GalacticHalo"],"picked":"Singularity","floor":5},{"not_picked":["WitchOfGreed","MagicChant"],"picked":"OrrerysSun","floor":6},{"not_picked":["MagicAbsorber","DarkSpark"],"picked":"StarlightTyphoon","floor":11},{"not_picked":["MaximisePower","NonDirectionalLaser"],"picked":"RefractionSpark","floor":11},{"not_picked":["ShootingEcho","MilkyWay"],"picked":"MillisecondPulsars","floor":11},{"not_picked":["ManaConvection","AsteroidBelt"],"picked":"IllusionStar","floor":11},{"not_picked":["6A","GalacticHalo"],"picked":"DoubleSpark","floor":11},{"not_picked":["GravityBeat","OortCloud"],"picked":"DarkMatter","floor":12},{"not_picked":["StarDustReverie","SatelliteIllusion"],"picked":"AbsoluteMagnitude","floor":16},{"not_picked":["DoubleSpark","UnstableBomb+1","PowerUp"],"picked":"SKIP","floor":18},{"not_picked":["UnstableBomb","MagicChant"],"picked":"ChargingUp","floor":20},{"not_picked":["MysteriousBeam","DeepEcoloBomb","6A"],"picked":"SKIP","floor":21},{"not_picked":["MaximisePower","Robbery+1","NonDirectionalLaser"],"picked":"SKIP","floor":24},{"not_picked":["WitchLeyline+1","UnstableBomb","GravityBeat+1"],"picked":"SKIP","floor":28},{"not_picked":["ManaRampage","BigCrunch","JA"],"picked":"UltimateShortwave","floor":33},{"not_picked":["MysteriousBeam","MilkyWay+1","EnergyFlow"],"picked":"EarthLightRay+1","floor":35},{"not_picked":["GravityBeat","UnstableBomb+1","ManaRampage"],"picked":"AlicesGift","floor":36},{"not_picked":["AsteroidBelt","ShootTheMoon+1","GalacticHalo+1"],"picked":"ChargeUpSpray+1","floor":39},{"not_picked":["DC+1","SprinkleStarSeal+1","ChargingUp"],"picked":"DragonMeteor+1","floor":40},{"not_picked":["AsteroidBelt","DoubleSpark+1","NonDirectionalLaser","EnergyRecoil+1"],"picked":"SKIP","floor":42},{"not_picked":["PropBag","DarkSpark","BlazingStar"],"picked":"PowerUp+1","floor":44},{"not_picked":["DoubleSpark","WitchLeyline","DarkSpark","MysteriousBeam"],"picked":"SKIP","floor":45},{"not_picked":["DoubleSpark+1","DarkSpark","GalacticHalo+1"],"picked":"Acceleration","floor":48}],"player_experience":30970,"relics_obtained":[{"floor":6,"key":"Bronze Scales"},{"floor":9,"key":"Sundial"},{"floor":24,"key":"PreservedInsect"},{"floor":26,"key":"Shuriken"},{"floor":40,"key":"Strawberry"},{"floor":40,"key":"War Paint"},{"floor":41,"key":"Calipers"},{"floor":43,"key":"Dream Catcher"},{"floor":45,"key":"MealTicket"},{"floor":47,"key":"Potion Belt"}],"event_choices":[{"damage_healed":0,"gold_gain":175,"player_choice":"AGREE","damage_taken":0,"max_hp_gain":0,"max_hp_loss":0,"event_name":"Liars Game","floor":3,"gold_loss":0,"cards_obtained":["Doubt"]},{"cards_removed":["Strike_MRS"],"damage_healed":0,"gold_gain":0,"player_choice":"Card Removal","damage_taken":7,"max_hp_gain":0,"max_hp_loss":0,"event_name":"Golden Wing","floor":4,"gold_loss":0},{"damage_healed":0,"gold_gain":0,"player_choice":"Upgraded","damage_taken":0,"max_hp_gain":0,"max_hp_loss":0,"event_name":"Upgrade Shrine","floor":8,"gold_loss":0,"cards_upgraded":["OrrerysSun"]},{"damage_healed":0,"gold_gain":0,"player_choice":"Read","damage_taken":0,"max_hp_gain":0,"max_hp_loss":0,"event_name":"The Library","floor":22,"gold_loss":0,"cards_obtained":["EarthLightRay"]},{"damage_healed":0,"gold_gain":0,"player_choice":"Obtained Relic","damage_taken":0,"relics_obtained":["Tiny Chest"],"max_hp_gain":0,"max_hp_loss":0,"event_name":"Addict","floor":29,"gold_loss":85},{"damage_healed":0,"gold_gain":0,"player_choice":"Paid Gold","damage_taken":0,"relics_obtained":["Mummified Hand"],"max_hp_gain":0,"max_hp_loss":0,"event_name":"WeMeetAgain","floor":37,"gold_loss":82},{"damage_healed":0,"gold_gain":0,"player_choice":"Fight","damage_taken":0,"max_hp_gain":0,"max_hp_loss":0,"event_name":"MindBloom","floor":41,"gold_loss":0}],"is_beta":false,"boss_relics":[{"not_picked":["SacredBark","Busted Crown"],"picked":"Philosopher\u0027s Stone"},{"not_picked":["Snecko Eye","Runic Pyramid"],"picked":"Black Star"}],"items_purged_floors":[11,11,11,11,11,11,11,11,11,14,19,19,19,19,19,19,38,46,46],"is_endless":false,"potions_floor_spawned":[2,5,6,6,12,16,18,20,24,28,35,35,36,40,40,40,41,42,44,48],"ascension_level":0}}