{"host":"08z5bj28eube4vug","time":1609893198,"event":{"mods":["2.2 Compatiblity","Abigail Mod","Act Like it!","BaseMod","Beaked The Cultist","Bestiary","Friendly Minions","Gensokyo","GungeonMod","Hallownest","Kiyohime????","Koishi","Lobotomy","Marisa????????","Minty Spire (QoL Compilation)","Prisma Mod","Remilia??????","Replay The Spire","StSLib","Td1madao Mod","The Alterego","The Bug Knight","The Jungle","The Sage","The Senshi","The Servant 0.9.4","Waifu the Spire","WarShipGirlsR/????R mod","Yuri Mod"],"gold_per_floor":[117,117,135,135,228,228,261,261,287,2,2,33,33,43,43,144,144,162,111,111,124,124,157,157,157,210,210,221,221,249,261,339,440,490,507,557,557,557,557,557,583,583,583,583,24,58,69,85,85,85,85,85,62,90,110],"floor_reached":56,"playtime":3770,"items_purged":[],"score":1869,"play_id":"8905f3cb-ee09-4208-b0fb-01003ca633f5","local_time":"20210106033318","is_ascension_mode":true,"campfire_choices":[{"floor":6,"key":"REST"},{"data":"alterego_mod:BigMeatyClaws","floor":8,"key":"SMITH"},{"data":"alterego_mod:Pet","floor":11,"key":"SMITH"},{"data":"alterego_mod:BrynhildrsRune","floor":15,"key":"SMITH"},{"floor":25,"key":"REST"},{"floor":40,"key":"RECALL"},{"floor":42,"key":"REST"},{"floor":44,"key":"REST"},{"floor":49,"key":"REST"},{"floor":52,"key":"REST"}],"circlet_count":0,"master_deck":["alterego_mod:Strike+1","alterego_mod:Strike","alterego_mod:Strike+1","alterego_mod:Strike","alterego_mod:Defend+1","alterego_mod:Defend","alterego_mod:Defend","alterego_mod:Defend","alterego_mod:Impale","alterego_mod:BigMeatyClaws+1","alterego_mod:BrynhildrsRune+1","alterego_mod:AlterEgo","alterego_mod:Lingerie","Pot Of Greed","Pot Of Greed","alterego_mod:SakuraFive","alterego_mod:Pet+1","alterego_mod:SakuraLabyrinth+1","alterego_mod:Birthday","alterego_mod:MaintainEyeContact","alterego_mod:ClassAdvantage","alterego_mod:Pet+1","alterego_mod:BiFurious","RitualDagger","alterego_mod:ChallengeComplete+1","alterego_mod:Birthday","Pot Of Greed","alterego_mod:Birthday+1","alterego_mod:Birthday+1","alterego_mod:TrickOrTreatment","alterego_mod:Cushion+1","alterego_mod:BeGentle+1","alterego_mod:Weigh","alterego_mod:Cushion","alterego_mod:Birthday","alterego_mod:PresenceConcealment+1"],"relics":["SlaversCollar","Grinning Jar","Omamori","War Paint","Whetstone","Fusion Hammer","Nilry\u0027s Codex","Boot","MutagenicStrength","DemoMod:MonsterBlood","FaceOfCleric","Bottled Tornado","DemoMod:PoisonVial","Tiny House","Bird Faced Urn","DemoMod:JetPack","Replay:Rubber Ducky","Medical Kit","ReplayTheSpireMod:Lightbulb","DemoMod:VorpalBullet","Replay:Bandana"],"acts_visited":["Exordium","TheCity","TheBeyond","TheEnding"],"potions_floor_usage":[7,7,14,16,21,35,35,36,48,50,50],"damage_taken":[{"damage":18,"enemies":"Cultist","floor":1,"turns":4},{"damage":0,"enemies":"Small Slimes","floor":3,"turns":4},{"damage":8,"enemies":"3 Sentries","floor":7,"turns":5},{"damage":0,"enemies":"HollowMod:MossKnight","floor":12,"turns":3},{"damage":0,"enemies":"Jaw Worm","floor":14,"turns":1},{"damage":14,"enemies":"Slime Boss","floor":16,"turns":8},{"damage":19,"enemies":"2 Thieves","floor":18,"turns":4},{"damage":0,"enemies":"3 Byrds","floor":21,"turns":5},{"damage":14,"enemies":"Slavers","floor":23,"turns":6},{"damage":14,"enemies":"Centurion and Healer","floor":28,"turns":5},{"damage":0,"enemies":"Gremlin Leader","floor":30,"turns":6},{"damage":0,"enemies":"3 Cultists","floor":31,"turns":4},{"damage":14,"enemies":"Pondfish","floor":33,"turns":9},{"damage":5,"enemies":"3 Darklings","floor":35,"turns":3},{"damage":0,"enemies":"Mind Bloom Boss Battle","floor":36,"turns":3},{"damage":17,"enemies":"Reptomancer","floor":41,"turns":5},{"damage":18,"enemies":"Giant Head","floor":46,"turns":7},{"damage":0,"enemies":"Orb Walker","floor":47,"turns":3},{"damage":17,"enemies":"Transient","floor":48,"turns":5},{"damage":14,"enemies":"Time Eater","floor":50,"turns":12},{"damage":6,"enemies":"Shield and Spear","floor":54,"turns":5},{"damage":67,"enemies":"The Heart","floor":55,"turns":11}],"seed_played":"-518503366944381854","potions_obtained":[{"floor":1,"key":"Energy Potion"},{"floor":3,"key":"BlessingOfTheForge"},{"floor":7,"key":"ColorlessPotion"},{"floor":14,"key":"DemoMod:LeadSkinPotion"},{"floor":18,"key":"Weak Potion"},{"floor":30,"key":"DuplicationPotion"},{"floor":33,"key":"SkillPotion"},{"floor":34,"key":"DistilledChaos"},{"floor":35,"key":"DemoMod:LeadSkinPotion"},{"floor":46,"key":"EssenceOfSteel"}],"is_trial":false,"path_per_floor":["M","$","M","?","?","R","E","R","T","$","R","E","$","M","R","B",null,"M","$","?","M","?","E","?","R","T","?","M","T","E","M","R","B",null,"M","?","?","?","?","R","E","R","T","R","$","E","M","M","R","B",null,"R","$","E","B",null],"character_chosen":"The_Alterego","items_purchased":["alterego_mod:Pet","alterego_mod:SakuraLabyrinth","War Paint","alterego_mod:BiFurious","Replay:Rubber Ducky","Medical Kit","ReplayTheSpireMod:Lightbulb","Energy Potion","alterego_mod:Birthday"],"campfire_rested":6,"item_purchase_floors":[10,10,10,19,45,45,45,45,53],"current_hp_per_floor":[52,52,52,52,24,45,37,37,37,37,37,37,37,37,37,32,70,51,51,45,47,31,26,26,47,54,54,52,52,62,73,73,70,86,87,88,88,88,88,88,76,89,89,89,89,72,83,92,92,84,93,93,93,94,51],"gold":110,"neow_bonus":"BOSS_RELIC","is_daily":false,"chose_seed":false,"campfire_upgraded":3,"win_rate":0.0,"timestamp":1609893198,"path_taken":["M","$","M","?","?","R","E","R","T","?","R","E","?","?","R","BOSS","M","$","?","M","?","E","?","R","T","?","?","?","E","M","R","BOSS","M","?","?","?","?","R","E","R","T","R","$","E","M","M","R","BOSS","R","$","E","BOSS"],"items_purchased_type":["Card","Card","Relic","Card","Relic","Relic","Relic","Potion","Card"],"build_version":"2020-12-22","purchased_purges":0,"victory":true,"max_hp_per_floor":[70,70,70,70,70,70,70,70,70,70,70,70,70,70,70,70,70,70,70,70,70,70,70,70,70,77,77,78,78,79,80,80,81,86,87,88,88,88,88,88,89,89,89,89,89,90,91,92,92,93,93,93,93,94,95],"card_choices":[{"not_picked":["alterego_mod:DiscoLights","alterego_mod:DeftHands","alterego_mod:Schoolgirl"],"picked":"SKIP","floor":1},{"not_picked":["alterego_mod:TrashNCrash","alterego_mod:Punishment","alterego_mod:Belle"],"picked":"SKIP","floor":3},{"not_picked":["alterego_mod:Rip","alterego_mod:BiFurious"],"picked":"alterego_mod:AlterEgo","floor":5},{"not_picked":["alterego_mod:Clap","alterego_mod:Cooking"],"picked":"alterego_mod:Lingerie","floor":5},{"not_picked":["alterego_mod:Collar","alterego_mod:MagicResistance"],"picked":"alterego_mod:SakuraFive","floor":7},{"not_picked":["alterego_mod:Cycle","alterego_mod:Skirt"],"picked":"alterego_mod:Birthday","floor":12},{"not_picked":["alterego_mod:Belle","alterego_mod:DiscoLights"],"picked":"alterego_mod:MaintainEyeContact","floor":14},{"not_picked":["alterego_mod:Valkyrie","alterego_mod:PainIsPleasure"],"picked":"alterego_mod:ClassAdvantage","floor":16},{"not_picked":["alterego_mod:Bounce","alterego_mod:GoddessCore"],"picked":"alterego_mod:Pet","floor":18},{"not_picked":["alterego_mod:IndependentAction","alterego_mod:Belts"],"picked":"alterego_mod:ChallengeComplete+1","floor":21},{"not_picked":["alterego_mod:PurpleHair","alterego_mod:HighServant"],"picked":"alterego_mod:Birthday","floor":23},{"not_picked":["alterego_mod:HighServant","alterego_mod:Cycle+1"],"picked":"alterego_mod:Birthday+1","floor":28},{"not_picked":["alterego_mod:Belle","alterego_mod:Valkyrie"],"picked":"alterego_mod:Birthday+1","floor":30},{"not_picked":["alterego_mod:MagicResistance+1","alterego_mod:GoddessCore"],"picked":"alterego_mod:Nekomimi","floor":31},{"not_picked":["alterego_mod:Alter","alterego_mod:IdEs"],"picked":"alterego_mod:TrickOrTreatment","floor":33},{"not_picked":["alterego_mod:Swimsuit+1","alterego_mod:Rip"],"picked":"alterego_mod:Cushion+1","floor":35},{"not_picked":["alterego_mod:Bloomers","alterego_mod:DeftHands+1"],"picked":"alterego_mod:BeGentle+1","floor":36},{"not_picked":["alterego_mod:BustOut+1","alterego_mod:1TonWallop"],"picked":"alterego_mod:Weigh","floor":41},{"not_picked":["alterego_mod:Santa+1","alterego_mod:Lingerie"],"picked":"alterego_mod:Cushion","floor":46},{"not_picked":["alterego_mod:Table+1","alterego_mod:Cycle+1","alterego_mod:Complex"],"picked":"SKIP","floor":47},{"not_picked":["alterego_mod:Exercise","alterego_mod:Belts","alterego_mod:TrashNCrash+1"],"picked":"SKIP","floor":48},{"not_picked":["alterego_mod:RocketPunch+1","alterego_mod:Lift"],"picked":"alterego_mod:PresenceConcealment+1","floor":54}],"player_experience":740629,"relics_obtained":[{"floor":7,"key":"Grinning Jar"},{"floor":9,"key":"Omamori"},{"floor":12,"key":"Whetstone"},{"floor":22,"key":"Nilry\u0027s Codex"},{"floor":23,"key":"Boot"},{"floor":26,"key":"DemoMod:MonsterBlood"},{"floor":29,"key":"Bottled Tornado"},{"floor":30,"key":"DemoMod:PoisonVial"},{"floor":36,"key":"Bird Faced Urn"},{"floor":41,"key":"DemoMod:JetPack"},{"floor":46,"key":"DemoMod:VorpalBullet"},{"floor":54,"key":"Replay:Bandana"}],"event_choices":[{"damage_healed":0,"gold_gain":0,"player_choice":"Ignored","damage_taken":0,"max_hp_gain":0,"max_hp_loss":0,"event_name":"Golden Wing","floor":4,"gold_loss":0},{"damage_healed":0,"gold_gain":0,"player_choice":"Joined the Cult","damage_taken":6,"max_hp_gain":0,"max_hp_loss":0,"event_name":"Nest","floor":20,"gold_loss":0,"cards_obtained":["RitualDagger"]},{"damage_healed":0,"gold_gain":0,"player_choice":"Obtained Book","damage_taken":16,"max_hp_gain":0,"max_hp_loss":0,"event_name":"Cursed Tome","floor":22,"gold_loss":0},{"damage_healed":0,"gold_gain":0,"player_choice":"Inject Mutagens","damage_taken":0,"relics_obtained":["MutagenicStrength"],"max_hp_gain":0,"max_hp_loss":0,"event_name":"Drug Dealer","floor":24,"gold_loss":0},{"damage_healed":0,"gold_gain":0,"player_choice":"Trade","damage_taken":0,"relics_obtained":["FaceOfCleric"],"max_hp_gain":0,"max_hp_loss":0,"event_name":"FaceTrader","floor":27,"gold_loss":0},{"damage_healed":0,"gold_gain":0,"player_choice":"Fight","damage_taken":0,"max_hp_gain":0,"max_hp_loss":0,"event_name":"MindBloom","floor":36,"gold_loss":0},{"cards_removed":["alterego_mod:Nekomimi"],"damage_healed":0,"gold_gain":0,"player_choice":"Removed Power","damage_taken":0,"max_hp_gain":0,"max_hp_loss":0,"event_name":"Falling","floor":37,"gold_loss":0},{"damage_healed":0,"gold_gain":0,"player_choice":"Ignored","damage_taken":0,"max_hp_gain":0,"max_hp_loss":0,"event_name":"OrinTheCat","floor":38,"gold_loss":0}],"is_beta":false,"boss_relics":[{"not_picked":["Runic Dome","beaked:MawFillet"],"picked":"Fusion Hammer"},{"not_picked":["Sozu","Snecko Eye"],"picked":"Tiny House"}],"items_purged_floors":[],"is_endless":false,"potions_floor_spawned":[1,3,7,14,18,30,33,35,46,47],"ascension_level":4}}