{"host":"bjzqjr1ycgj8gt55","time":1609973530,"event":{"mods":["100% Spire Juice","Arknights The Spire","BaseMod","Better Altar","Better Match","Better Sensory Stone","Better Skull","Better Third Choice","Better Vampires","Block Reminder","Colored Map","Colored Powertips","GifTheSpireLib","Infinite Spire","Minty Spire (QoL Compilation)","Rare Cards Sparkle","Red Circlet Mod","Spicy Shops","StSLib","Waifu the Spire","everything is the same but u backflip on backflip","slay the spire mod where everything is the same but ironclad has a cowboy hat"],"gold_per_floor":[117,117,132,82,44,44,75,75,99,130,130,145,145,156,156,252,302,317,307,66,66,82,109,109,136,136,136,136,170,182,213,213,311,311,322,322,332,343,62,62,93,105,168,190,217,229,291,332,344,457,469,469],"floor_reached":51,"playtime":1853,"items_purged":[],"score":974,"play_id":"5dede47e-824e-4ffb-98d6-2685929fa79d","local_time":"20210106165210","is_ascension_mode":true,"campfire_choices":[{"data":"Deadly Poison","floor":6.0,"key":"SMITH"},{"data":"Neutralize","floor":8.0,"key":"SMITH"},{"data":"Noxious Fumes","floor":13.0,"key":"SMITH"},{"data":"Caltrops","floor":15.0,"key":"SMITH"},{"floor":28.0,"key":"REST"},{"floor":32.0,"key":"RECALL"},{"data":"Apotheosis","floor":40.0,"key":"SMITH"},{"data":"Corpse Explosion","floor":42.0,"key":"SMITH"},{"floor":49,"key":"REST"}],"circlet_count":0,"master_deck":["Strike_G","Strike_G","Strike_G","Defend_G","Defend_G","Defend_G","Defend_G","Defend_G","Survivor","Neutralize+1","Backflip","Deadly Poison+1","Caltrops+1","Dagger Spray+1","Noxious Fumes+1","PiercingWail","Blur","Corpse Explosion+1","Flechettes","Crippling Poison","Apotheosis+1","Deadly Poison","Backflip","Crippling Poison+1","Adrenaline+1","Malaise+1","Deadly Poison+1","Leg Sweep+1","Bullet Time+1","Injury","Caltrops","infinitespire:Neurotoxin+1","Adrenaline+1"],"relics":["Burning Blood","NeowsBlessing","Oddly Smooth Stone","infinitespire:WardingShard","Anchor","Nunchaku","infinitespire:Cubic Diamond","Tiny House","Regal Pillow","infinitespire:Cupcake","Strawberry","Toxic Egg 2","Bronze Scales","Lantern","Cursed Key","ClockworkSouvenir","MawBank","Pen Nib","Girya","Happy Flower","Sozu"],"acts_visited":["Exordium","TheCity","TheBeyond","Exordium"],"potions_floor_usage":[],"damage_taken":[{"damage":0.0,"enemies":"Jaw Worm","floor":1.0,"turns":1.0},{"damage":0.0,"enemies":"2 Louse","floor":3.0,"turns":1.0},{"damage":0.0,"enemies":"Gremlin Nob","floor":7.0,"turns":1.0},{"damage":22.0,"enemies":"3 Sentries","floor":10.0,"turns":10.0},{"damage":0.0,"enemies":"Small Slimes","floor":12.0,"turns":4.0},{"damage":0.0,"enemies":"Blue Slaver","floor":14.0,"turns":4.0},{"damage":16.0,"enemies":"The Guardian","floor":16.0,"turns":10.0},{"damage":1.0,"enemies":"3 Byrds","floor":18.0,"turns":3.0},{"damage":14.0,"enemies":"2 Thieves","floor":19.0,"turns":4.0},{"damage":8.0,"enemies":"Centurion and Healer","floor":22.0,"turns":6.0},{"damage":33.0,"enemies":"Gremlin Leader","floor":23.0,"turns":7.0},{"damage":23.0,"enemies":"Slavers","floor":25.0,"turns":3.0},{"damage":22.0,"enemies":"Nightmare","floor":29.0,"turns":7.0},{"damage":0.0,"enemies":"Snake Plant","floor":30.0,"turns":4.0},{"damage":12.0,"enemies":"Slavers","floor":31.0,"turns":4.0},{"damage":29.0,"enemies":"Automaton","floor":33.0,"turns":9.0},{"damage":2.0,"enemies":"Orb Walker","floor":35.0,"turns":5.0},{"damage":5.0,"enemies":"3 Darklings","floor":37.0,"turns":3.0},{"damage":1.0,"enemies":"Maw","floor":38.0,"turns":7.0},{"damage":9.0,"enemies":"Nightmare","floor":41.0,"turns":7.0},{"damage":13,"enemies":"Writhing Mass","floor":44,"turns":5},{"damage":4,"enemies":"4 Shapes","floor":45,"turns":3},{"damage":0,"enemies":"Mind Bloom Boss Battle","floor":47,"turns":5},{"damage":34,"enemies":"Reptomancer","floor":48,"turns":6},{"damage":74,"enemies":"infinitespire:MassOfShapes","floor":50,"turns":10}],"seed_played":"-2221400655715087414","potions_obtained":[{"floor":1.0,"key":"Energy Potion"},{"floor":7.0,"key":"BlessingOfTheForge"},{"floor":14.0,"key":"Energy Potion"},{"floor":17.0,"key":"FairyPotion"},{"floor":23.0,"key":"LiquidBronze"},{"floor":35.0,"key":"BlessingOfTheForge"},{"floor":37.0,"key":"Energy Potion"}],"is_trial":false,"path_per_floor":["M","?","M","?","$","R","E","R","T","E","?","M","R","M","R","B",null,"M","M","$","?","M","E","AVR","E","T","?","R","NM","M","E","R","B",null,"M","?","M","M","$","R","NM","R","T","M","M","AVR","?","E","R","B",null],"character_chosen":"THE_SILENT","items_purchased":["Caltrops","Apotheosis","Deadly Poison","Bullet Time+1","ClockworkSouvenir"],"campfire_rested":2,"item_purchase_floors":[5,20,20,39,39],"current_hp_per_floor":[70,70,70,70,70,70,70,70,70,48,48,54,54,60,60,50,75,75,67,67,67,65,38,38,28,28,55,82,66,72,66,66,43,82,82,82,82,82,82,82,79,79,79,72,74,74,80,52,82,14,82,82],"gold":469,"neow_bonus":"THREE_ENEMY_KILL","is_daily":false,"chose_seed":false,"campfire_upgraded":6,"win_rate":0.0,"timestamp":1609973530,"path_taken":["M","?","M","?","$","R","E","R","T","E","?","M","R","M","R","BOSS","M","M","$","?","M","E","AVR","E","T","?","R","NM","M","E","R","BOSS","M","?","M","M","$","R","NM","R","T","?","M","AVR","?","E","R","BOSS"],"items_purchased_type":["Card","Card","Card","Card","Relic"],"build_version":"2020-12-22","purchased_purges":0,"victory":false,"max_hp_per_floor":[70,70,70,70,70,70,70,70,70,70,70,70,70,70,70,70,75,75,75,75,75,75,75,75,82,82,82,82,82,82,82,82,82,82,82,82,82,82,82,82,82,82,82,82,82,82,82,82,82,82,82,82],"card_choices":[{"not_picked":["Blur","Masterful Stab"],"picked":"Backflip","floor":1.0},{"not_picked":["Escape Plan","Bane"],"picked":"Deadly Poison","floor":3.0},{"not_picked":["Underhanded Strike","Slice","Dagger Spray"],"picked":"SKIP","floor":7.0},{"not_picked":["Underhanded Strike","Slice"],"picked":"Dagger Spray","floor":7.0},{"not_picked":["Prepared","Dodge and Roll"],"picked":"Noxious Fumes","floor":10.0},{"not_picked":["Deflect","Prepared"],"picked":"PiercingWail","floor":12.0},{"not_picked":["A Thousand Cuts","Skewer"],"picked":"Blur","floor":14.0},{"not_picked":["A Thousand Cuts","Unload"],"picked":"Corpse Explosion","floor":16.0},{"not_picked":["Cloak And Dagger","Tactician"],"picked":"Flechettes","floor":17.0},{"not_picked":["Distraction","Sucker Punch","Deflect"],"picked":"SKIP","floor":18.0},{"not_picked":["Backflip","Calculated Gamble"],"picked":"Crippling Poison","floor":19.0},{"not_picked":["Distraction","Acrobatics+1"],"picked":"Backflip","floor":22.0},{"not_picked":["Poisoned Stab","Tactician"],"picked":"Crippling Poison+1","floor":23.0},{"not_picked":["Sucker Punch","Dagger Throw+1","Escape Plan"],"picked":"SKIP","floor":25.0},{"not_picked":["Distraction+1","Slice","Riddle With Holes"],"picked":"SKIP","floor":29.0},{"not_picked":["Reflex+1","Outmaneuver+1","Underhanded Strike"],"picked":"SKIP","floor":30.0},{"not_picked":["Outmaneuver+1","Flechettes+1"],"picked":"Adrenaline+1","floor":31.0},{"not_picked":["infinitespire:Neurotoxin+1","Storm of Steel+1"],"picked":"Malaise+1","floor":33.0},{"not_picked":["Skewer+1","Infinite Blades+1","Flechettes+1"],"picked":"SKIP","floor":35.0},{"not_picked":["Flechettes","Dodge and Roll+1"],"picked":"Deadly Poison+1","floor":37.0},{"not_picked":["Flying Knee+1","Acrobatics+1"],"picked":"Leg Sweep+1","floor":38.0},{"not_picked":["Blade Dance+1","Dagger Throw+1","Endless Agony"],"picked":"SKIP","floor":41.0},{"not_picked":["Underhanded Strike+1","All Out Attack","Dagger Throw+1"],"picked":"SKIP","floor":44},{"not_picked":["Noxious Fumes+1","Slice"],"picked":"Caltrops","floor":45},{"not_picked":["Distraction+1","Well Laid Plans"],"picked":"infinitespire:Neurotoxin+1","floor":48},{"not_picked":["Phantasmal Killer+1","Wraith Form v2"],"picked":"Adrenaline+1","floor":50}],"player_experience":101228,"relics_obtained":[{"floor":2.0,"key":"Oddly Smooth Stone"},{"floor":7.0,"key":"infinitespire:WardingShard"},{"floor":9.0,"key":"Anchor"},{"floor":10.0,"key":"Nunchaku"},{"floor":23.0,"key":"Regal Pillow"},{"floor":25.0,"key":"Strawberry"},{"floor":26.0,"key":"Toxic Egg 2"},{"floor":29.0,"key":"Bronze Scales"},{"floor":31.0,"key":"Lantern"},{"floor":41.0,"key":"MawBank"},{"floor":47,"key":"Girya"},{"floor":48,"key":"Happy Flower"}],"event_choices":[{"cards_removed":["Strike_G"],"damage_healed":0.0,"max_hp_gain":0.0,"max_hp_loss":0.0,"gold_gain":0.0,"event_name":"The Cleric","player_choice":"Card Removal","floor":4.0,"gold_loss":50.0,"damage_taken":0.0},{"damage_healed":0.0,"max_hp_gain":0.0,"max_hp_loss":0.0,"gold_gain":0.0,"event_name":"Vampires","player_choice":"Ignored","floor":21.0,"gold_loss":0.0,"damage_taken":0.0},{"damage_healed":27.0,"max_hp_gain":0.0,"max_hp_loss":0.0,"gold_gain":0.0,"event_name":"The Library","player_choice":"Heal","floor":27.0,"gold_loss":0.0,"damage_taken":0.0},{"cards_removed":["Strike_G"],"damage_healed":0.0,"max_hp_gain":0.0,"max_hp_loss":0.0,"gold_gain":0.0,"event_name":"Purifier","player_choice":"Purged","floor":36.0,"gold_loss":0.0,"damage_taken":0.0},{"damage_healed":0,"gold_gain":0,"player_choice":"Fight","damage_taken":0,"max_hp_gain":0,"max_hp_loss":0,"event_name":"MindBloom","floor":47,"gold_loss":0}],"is_beta":false,"boss_relics":[{"not_picked":["Astrolabe","Runic Dome"],"picked":"Tiny House"},{"not_picked":["Busted Crown","Pandora\u0027s Box"],"picked":"Cursed Key"},{"not_picked":["Empty Cage","Coffee Dripper"],"picked":"Sozu"}],"items_purged_floors":[],"is_endless":true,"potions_floor_spawned":[1,7,14,16,19,23,29,30,35,37,41,44,48],"ascension_level":4}}