{"host":"en3i0mvpfa3c1sbz","time":1609932880,"event":{"mods":["BaseMod","BetterRewards","Dota2Spire","Downfall","GifTheSpireLib","Hubris","Infinite Spire","Marisa£®ÏF”Í°°ƒß¿Ì…≥£©","Minty Spire (QoL Compilation)","READ ME - Guardian Mod","Replay The Spire","Shop Mod","StSLib","Stuff the Spire","The Administrix","The Factory","The Jungle"],"gold_per_floor":[109,125,141,141,141,174,174,223,250,310,310,361,361,361,361,520,520,560,601,665,707,707,800,279,344,344,403,403,257,257,277,277,443,443,466,466,494,716,756,799,799,872,896,986,986,1062,1062,1087,1087,1115,1115,1115,247,306,328],"floor_reached":56,"playtime":6794,"items_purged":["Voices","Parasite"],"score":1691,"play_id":"2d51e395-35a8-4120-9f8b-d80afcf6640f","local_time":"20210106193440","is_ascension_mode":true,"campfire_choices":[{"floor":7.0,"key":"REST"},{"floor":11.0,"key":"REST"},{"floor":15.0,"key":"RECALL"},{"data":"Singularity","floor":30,"key":"SMITH"},{"data":"Clumsy","floor":32,"key":"PURGE"},{"data":"Wraith Form v2","floor":41,"key":"SMITH"},{"data":"Infinite Blades","floor":45,"key":"SMITH"},{"floor":49,"key":"REST"},{"data":"Distraction","floor":52,"key":"SMITH"}],"circlet_count":0,"master_deck":["Strike_G","Strike_G","Strike_G","Strike_G","Defend_G","Defend_G","Defend_G","Defend_G","Defend_G","Survivor","Neutralize","FTL","StuffTheSpire:Plugnplay","Infinite Blades+1","hexamod:NightmareStrike","Venomology+1","Cold Snap","Wraith Form v2+1","AdministrixMod:DeathByGlamour","ReplayTheSpireMod:Corrosion Curse+1","AdministrixMod:RisingSunPrince+1","Storm+1","Distraction+1","Pot Of Greed","Pot Of Greed","Singularity+1","Pot Of Greed","Guardian:Gem_White","Evaluate","Guardian:GemFinder","Acceleration","Guardian:Gem_Red","EnergyFlow+1","Guardian:Gem_Red","Pot Of Greed","Guardian:Gem_Red","hubris:SlightOfHand+1","Guardian:BronzeOrb","AdministrixMod:ChooseYourEnd+1","Guardian:PiercingHide+1","Guardian:Gem_Red","Guardian:Gem_Red","Guardian:VentSteam+1","ReplayTheSpireMod:Necrogeddon","Blade Dance","ThirdEye+1"],"relics":["Ring of the Snake","Mummified Hand","StuffTheSpire:Expresso","hubris:SlimyHat","Strange Spoon","PrismaticShard","StoneCalendar","ReplayTheSpireMod:Ring of Challenge","Ring of Peace","Shuriken","ReplayTheSpireMod:Lightbulb","Replay:Bandana","Replay:Rubber Ducky","Black Star","Juzu Bracelet","Red Mask","hubris:Towel","infinitespire:EmpoweringShard","hubris:SphereOfDissonance","Replay:Towering Pillar of Hats","Grinning Jar","Guardian:PocketSentry","Dota2Spire:ArmletOfMordiggian","hubris:Metronome","Dota2Spire:AghanimScepter","Bottled Tornado","Vajra","Lee\u0027s Waffle","Replay:Bronze Core","Dota2Spire:OrchidMalevolence","StuffTheSpire:RubySignet","hubris:Reverence","Dota2Spire:DrumOfEndurance","infinitespire:Bottled Soul","Dota2Spire:Desolator","hubris:Icosahedron","Toy Ornithopter","Snake Skull","TwistedFunnel","hubris:BottledRain","hubris:GlazedTorus","Dota2Spire:ArcaneBoots"],"acts_visited":["Exordium","TheCity","TheBeyond","TheEnding"],"potions_floor_usage":[27,31,33,33,37,37,39,39,44,46,48,50,50,50,55,55,55,55],"damage_taken":[{"damage":0.0,"enemies":"2 Louse","floor":1.0,"turns":3.0},{"damage":1.0,"enemies":"Jaw Worm","floor":2.0,"turns":3.0},{"damage":8.0,"enemies":"Small Slimes","floor":3.0,"turns":4.0},{"damage":31.0,"enemies":"Gremlin Nob","floor":6.0,"turns":6.0},{"damage":24.0,"enemies":"3 Sentries","floor":8.0,"turns":7.0},{"damage":3.0,"enemies":"2 Fungi Beasts","floor":10.0,"turns":4.0},{"damage":5.0,"enemies":"Gremlin Nob","floor":12.0,"turns":4.0},{"damage":19.0,"enemies":"Slime Boss","floor":16.0,"turns":7.0},{"damage":9.0,"enemies":"2 Thieves","floor":18.0,"turns":5.0},{"damage":0.0,"enemies":"3 Byrds","floor":19.0,"turns":5.0},{"damage":0.0,"enemies":"Centurion and Healer","floor":20.0,"turns":8.0},{"damage":18.0,"enemies":"Masked Bandits","floor":21.0,"turns":6.0},{"damage":9.0,"enemies":"Slavers","floor":23.0,"turns":7.0},{"damage":0.0,"enemies":"Replay:Snechameleon","floor":25.0,"turns":4.0},{"damage":0,"enemies":"Gremlin Leader","floor":27,"turns":5},{"damage":0,"enemies":"Snake Plant","floor":31,"turns":2},{"damage":12,"enemies":"Collector","floor":33,"turns":6},{"damage":0,"enemies":"3 Shapes","floor":35,"turns":3},{"damage":0,"enemies":"3 Darklings","floor":37,"turns":3},{"damage":0,"enemies":"Writhing Mass","floor":39,"turns":7},{"damage":2,"enemies":"R_Hoarder","floor":40,"turns":5},{"damage":10,"enemies":"Spire Growth","floor":42,"turns":3},{"damage":22,"enemies":"Reptomancer","floor":44,"turns":5},{"damage":0,"enemies":"4 Shapes","floor":46,"turns":4},{"damage":33,"enemies":"Sphere and 2 Shapes","floor":48,"turns":4},{"damage":13,"enemies":"Donu and Deca","floor":50,"turns":5},{"damage":0,"enemies":"Shield and Spear","floor":54,"turns":4},{"damage":55,"enemies":"The Heart","floor":55,"turns":6}],"seed_played":"4868876152627806618","potions_obtained":[{"floor":3.0,"key":"Dota2Spire:HealingSalve"},{"floor":10.0,"key":"Guardian:BlockOnCardUsePotion"},{"floor":12.0,"key":"Fire Potion"},{"floor":18.0,"key":"hexamod:EctoCoolerPotion"},{"floor":20.0,"key":"Block Potion"},{"floor":23.0,"key":"Swift Potion"},{"floor":31,"key":"Fire Potion"},{"floor":33,"key":"Block Potion"}],"is_trial":false,"path_per_floor":["M","M","M","?","T","E","R","E","T","M","R","E","?","?","R","B",null,"M","M","M","?","?","E","$","E","T","E","?","$","R","M","R","B",null,"M","?","M","?","M","E","R","M","T","E","R","M","?","M","R","B",null,"R","$","E","B",null],"character_chosen":"THE_SILENT","items_purchased":["Mummified Hand","Strange Spoon","PrismaticShard","Replay:Towering Pillar of Hats","Grinning Jar","Lee\u0027s Waffle","Snake Skull","ReplayTheSpireMod:Necrogeddon","TwistedFunnel","hubris:BottledRain","Blade Dance"],"campfire_rested":3,"item_purchase_floors":[0,0,0,24,24,29,53,53,53,53,53],"current_hp_per_floor":[49,48,40,40,40,21,42,18,18,15,36,31,31,31,31,12,56,47,47,47,29,29,20,20,20,20,20,23,77,77,77,77,65,74,74,77,77,77,77,75,75,65,65,43,43,43,46,22,45,47,70,70,70,70,19],"gold":328,"neow_bonus":"","is_daily":false,"chose_seed":false,"campfire_upgraded":4,"win_rate":0.0,"timestamp":1609932880,"path_taken":["M","M","M","?","?","E","R","E","T","M","R","E","?","?","R","BOSS","M","M","?","?","?","E","$","E","T","E","?","?","R","M","R","BOSS","M","?","M","?","M","E","R","M","T","E","R","M","?","M","R","BOSS","R","$","E","BOSS"],"items_purchased_type":["Relic","Relic","Relic","Relic","Relic","Relic","Relic","Card","Relic","Relic","Card"],"build_version":"2020-12-22","purchased_purges":2,"victory":true,"max_hp_per_floor":[70,70,70,70,70,70,70,70,70,70,70,70,70,70,70,70,70,70,70,70,70,70,70,70,70,70,70,70,77,77,77,77,77,77,77,77,77,77,77,77,77,77,77,77,77,77,77,77,77,77,77,77,74,74,74],"card_choices":[{"not_picked":["champ:Encircle","Slimebound:SlimeSpikes"],"picked":"FTL","floor":1.0},{"not_picked":["Defy Death","StuffTheSpire:ReptileScales"],"picked":"StuffTheSpire:Plugnplay","floor":2.0},{"not_picked":["hexamod:BacktrackSmack","sneckomod:Unknown1Cost"],"picked":"Infinite Blades","floor":3.0},{"not_picked":["hexamod:GhostOfSpireFuture","Noxious Fumes"],"picked":"hexamod:NightmareStrike","floor":6.0},{"not_picked":["Slimebound:SplitMire","SashWhip"],"picked":"Venomology","floor":8.0},{"not_picked":["Outmaneuver","AdministrixMod:SealAway"],"picked":"Cold Snap","floor":10.0},{"not_picked":["hexamod:GhostShield","hexamod:UnleashSpirits","DC"],"picked":"SKIP","floor":12.0},{"not_picked":["The Bomb","Slimebound:RallyTheTroops"],"picked":"AdministrixMod:DeathByGlamour","floor":16.0},{"not_picked":["expansioncontent:TimeRipple","Evaluate"],"picked":"ReplayTheSpireMod:Corrosion Curse+1","floor":18.0},{"not_picked":["Flying Knee","champ:CrookedStrike"],"picked":"AdministrixMod:RisingSunPrince+1","floor":19.0},{"not_picked":["Guardian:WalkerClaw","Guardian:GuardianWhirl"],"picked":"Storm+1","floor":20.0},{"not_picked":["hexamod:ParanormalForm","Slimebound:Chomp"],"picked":"Distraction","floor":23.0},{"not_picked":["Slimebound:SamplingLick","champ:ArenaPreparation"],"picked":"Singularity","floor":25.0},{"not_picked":["sneckomod:SlitherStrike","Defragment+1"],"picked":"Guardian:Gem_White","floor":27},{"not_picked":["Slice+1","StuffTheSpire:SnapShoot"],"picked":"Evaluate","floor":31},{"not_picked":["Rainbow","Chrysalis"],"picked":"Guardian:GemFinder","floor":33},{"not_picked":["Guardian:Gem_Lightblue","Guardian:Gem_Green"],"picked":"Guardian:Gem_Red","floor":35},{"not_picked":["Guardian:Gem_Cyan","Guardian:Gem_Lightblue"],"picked":"Guardian:Gem_Red","floor":35},{"not_picked":["Backstab","hexamod:NightmareStrike"],"picked":"Acceleration","floor":35},{"not_picked":["Guardian:Gem_Green","Guardian:Gem_Lightblue"],"picked":"Guardian:Gem_Red","floor":37},{"not_picked":["Guardian:Gem_Lightblue","Guardian:Gem_Green"],"picked":"Guardian:Gem_Red","floor":37},{"not_picked":["ReplayTheSpireMod:From All Sides","GasGiant+1"],"picked":"EnergyFlow+1","floor":37},{"not_picked":["Guardian:Gem_Green","Guardian:Gem_Lightblue"],"picked":"Guardian:Gem_Red","floor":39},{"not_picked":["Guardian:Gem_Lightblue","Guardian:Gem_Green"],"picked":"Guardian:Gem_Red","floor":39},{"not_picked":["Evolve","Cleave+1"],"picked":"hubris:SlightOfHand+1","floor":39},{"not_picked":["Leg Sweep+1","champ:Haymaker+1"],"picked":"Guardian:BronzeOrb","floor":40},{"not_picked":["hexamod:Firestarter+1","Replay:BasicMightCard"],"picked":"AdministrixMod:ChooseYourEnd+1","floor":42},{"not_picked":["AdministrixMod:ImmortalPurity+1","Cloak And Dagger"],"picked":"Guardian:PiercingHide+1","floor":44},{"not_picked":["Guardian:Gem_Cyan","Guardian:Gem_Green"],"picked":"Guardian:Gem_Red","floor":46},{"not_picked":["Guardian:Gem_Cyan","Guardian:Gem_Lightblue"],"picked":"Guardian:Gem_Red","floor":46},{"not_picked":["Guardian:Incinerate+1","AdministrixMod:PlateOfAntiquity+1"],"picked":"Guardian:VentSteam+1","floor":46},{"not_picked":["ReplayTheSpireMod:Repulse+1","hexamod:GhostLash","WitchLeyline"],"picked":"SKIP","floor":48},{"not_picked":["Jack Of All Trades","Doom and Gloom"],"picked":"ThirdEye+1","floor":54}],"player_experience":316549,"relics_obtained":[{"floor":4.0,"key":"ReplayTheSpireMod:Ring of Challenge"},{"floor":4.0,"key":"Ring of Peace"},{"floor":6.0,"key":"Shuriken"},{"floor":8.0,"key":"ReplayTheSpireMod:Lightbulb"},{"floor":9.0,"key":"Replay:Bandana"},{"floor":12.0,"key":"Replay:Rubber Ducky"},{"floor":20.0,"key":"Juzu Bracelet"},{"floor":21.0,"key":"Red Mask"},{"floor":23.0,"key":"infinitespire:EmpoweringShard"},{"floor":23.0,"key":"hubris:SphereOfDissonance"},{"floor":25.0,"key":"Guardian:PocketSentry"},{"floor":25.0,"key":"Dota2Spire:ArmletOfMordiggian"},{"floor":26.0,"key":"hubris:Metronome"},{"floor":27,"key":"Dota2Spire:AghanimScepter"},{"floor":27,"key":"Bottled Tornado"},{"floor":39,"key":"Dota2Spire:OrchidMalevolence"},{"floor":40,"key":"StuffTheSpire:RubySignet"},{"floor":40,"key":"hubris:Reverence"},{"floor":43,"key":"Dota2Spire:DrumOfEndurance"},{"floor":44,"key":"infinitespire:Bottled Soul"},{"floor":44,"key":"Dota2Spire:Desolator"},{"floor":48,"key":"Toy Ornithopter"},{"floor":54,"key":"hubris:GlazedTorus"},{"floor":54,"key":"Dota2Spire:ArcaneBoots"}],"event_choices":[{"damage_healed":0.0,"max_hp_gain":0.0,"max_hp_loss":0.0,"gold_gain":0.0,"cards_transformed":["Strike_G"],"event_name":"Transmorgrifier","player_choice":"Transformed","floor":14.0,"gold_loss":0.0,"damage_taken":0.0,"cards_obtained":["Wraith Form v2"]},{"damage_healed":0.0,"max_hp_gain":0.0,"max_hp_loss":0.0,"gold_gain":0.0,"event_name":"Masked Bandits","player_choice":"Fought Bandits","floor":21.0,"gold_loss":0.0,"damage_taken":0.0},{"damage_healed":0,"gold_gain":0,"player_choice":"Ignored","damage_taken":0,"max_hp_gain":0,"max_hp_loss":0,"event_name":"SecretPortal","floor":36,"gold_loss":0},{"damage_healed":0,"gold_gain":222,"player_choice":"Wore Mask","damage_taken":0,"max_hp_gain":0,"max_hp_loss":0,"event_name":"Tomb of Lord Red Mask","floor":38,"gold_loss":0}],"is_beta":false,"boss_relics":[{"not_picked":["Runic Dome","Cursed Key"],"picked":"Black Star"},{"not_picked":["Fusion Hammer","Kintsugi"],"picked":"Replay:Bronze Core"}],"items_purged_floors":[24,53],"is_endless":false,"potions_floor_spawned":[3,10,12,18,20,23,31,33,35,46,48],"ascension_level":5}}