{"host":"l2dnabsh5e0fsksb","time":1609904881,"event":{"mods":["2.2 Compatiblity","BaseMod","Downfall","Minty Spire (QoL Compilation)","Quick Restart","StSLib"],"gold_per_floor":[99,112,212,227,227,502,502,530,455,56,74,74,85,100,110,207,207,207,217,217,148,159,159,159,184,215,234,245,83,100,200,220,316,316,166,181,181,207,222,237,237,237,252,271,283,313,313,347,357,357,357,357,357,357],"floor_reached":52,"playtime":3397,"items_purged":["Regret","champ:Defend"],"score":935,"play_id":"681c9364-bd7e-4bd2-b662-a6f8c743eae0","local_time":"20210106141801","is_ascension_mode":true,"campfire_choices":[{"floor":1.0,"key":"RECALL"},{"data":"champ:CrookedStrike","floor":9.0,"key":"SMITH"},{"data":"champ:DeathBlow","floor":12.0,"key":"SMITH"},{"data":"champ:LastStand","floor":18.0,"key":"SMITH"},{"data":"champ:GladiatorStyle","floor":23.0,"key":"SMITH"},{"data":"champ:FanOfKnives","floor":35.0,"key":"SMITH"},{"floor":47.0,"key":"REST"}],"circlet_count":0,"master_deck":["champ:Strike","champ:Strike","champ:Defend","champ:Defend","champ:Execute+1","champ:Taunt","champ:FocusedDefense","champ:BringItOn","champ:CrookedStrike+1","champ:DeathBlow+1","champ:PreciseThrust+1","champ:Backstep","champ:GladiatorStyle+1","champ:LastStand+1","champ:FlashCut+1","champ:FanOfKnives","champ:Circumvent+1","champ:Devastate","champ:BerserkersShout","champ:FanOfKnives+1","champ:StanceDance+1","champ:SteelEdge","champ:VampiricStrike","champ:GladiatorStyle"],"relics":["champ:ChampionCrown","Akabeko","Singing Bowl","MealTicket","downfall:HeartBlessingRed","Bag of Marbles","Medical Kit","expansioncontent:StudyCardRelic","CaptainsWheel","champ:DefensiveTrainingManual","ClockworkSouvenir","MutagenicStrength","Philosopher\u0027s Stone","downfall:HeartBlessingGreen","downfall:HeartBlessingBlue","Lee\u0027s Waffle","Molten Egg 2","Darkstone Periapt","Anchor"],"acts_visited":["Exordium","TheCity","TheBeyond","TheEnding"],"potions_floor_usage":[50,50],"damage_taken":[{"damage":0.0,"enemies":"2 Louse","floor":2.0,"turns":3.0},{"damage":9.0,"enemies":"Jaw Worm","floor":4.0,"turns":3.0},{"damage":18.0,"enemies":"Gremlin Nob","floor":8.0,"turns":3.0},{"damage":8.0,"enemies":"downfall:FleeingMerchant","floor":10.0,"turns":4.0},{"damage":5.0,"enemies":"Small Slimes","floor":11.0,"turns":2.0},{"damage":8.0,"enemies":"Exordium Thugs","floor":13.0,"turns":2.0},{"damage":0.0,"enemies":"Blue Slaver","floor":14.0,"turns":1.0},{"damage":5.0,"enemies":"Large Slime","floor":15.0,"turns":4.0},{"damage":67.0,"enemies":"downfall:Silent","floor":16.0,"turns":16.0},{"damage":27.0,"enemies":"Chosen","floor":19.0,"turns":4.0},{"damage":20.0,"enemies":"downfall:FleeingMerchant","floor":21.0,"turns":4.0},{"damage":3.0,"enemies":"Spheric Guardian","floor":22.0,"turns":3.0},{"damage":44.0,"enemies":"Gremlin Leader","floor":26.0,"turns":6.0},{"damage":15.0,"enemies":"Snake Plant","floor":27.0,"turns":3.0},{"damage":6.0,"enemies":"Sentry and Sphere","floor":28.0,"turns":3.0},{"damage":15.0,"enemies":"downfall:FleeingMerchant","floor":29.0,"turns":4.0},{"damage":0.0,"enemies":"Snecko","floor":30.0,"turns":3.0},{"damage":19.0,"enemies":"downfall:Augmenter","floor":31.0,"turns":4.0},{"damage":6.0,"enemies":"Cultist and Chosen","floor":32.0,"turns":3.0},{"damage":42.0,"enemies":"downfall:Ironclad","floor":33.0,"turns":9.0},{"damage":19.0,"enemies":"3 Shapes","floor":36.0,"turns":1.0},{"damage":50.0,"enemies":"downfall:FleeingMerchant","floor":38.0,"turns":3.0},{"damage":15.0,"enemies":"3 Darklings","floor":39.0,"turns":2.0},{"damage":25.0,"enemies":"Maw","floor":40.0,"turns":5.0},{"damage":35.0,"enemies":"Writhing Mass","floor":43.0,"turns":4.0},{"damage":76.0,"enemies":"Sphere and 2 Shapes","floor":44.0,"turns":5.0},{"damage":27.0,"enemies":"4 Shapes","floor":45.0,"turns":4.0},{"damage":23.0,"enemies":"Reptomancer","floor":46.0,"turns":5.0},{"damage":76.0,"enemies":"Nemesis","floor":48.0,"turns":7.0},{"damage":16.0,"enemies":"Jaw Worm Horde","floor":49.0,"turns":3.0},{"damage":20,"enemies":"downfall:Watcher","floor":50,"turns":6},{"damage":159,"enemies":"downfall:CharBossMerchant","floor":52,"turns":8}],"seed_played":"5015532806462030424","potions_obtained":[{"floor":2.0,"key":"FearPotion"},{"floor":8.0,"key":"Dexterity Potion"},{"floor":11.0,"key":"Slimebound:ThreeZeroPotion"},{"floor":13.0,"key":"Fruit Juice"},{"floor":14.0,"key":"PowerPotion"},{"floor":19.0,"key":"SkillPotion"},{"floor":40.0,"key":"Ancient Potion"},{"floor":44.0,"key":"PowerPotion"},{"floor":45.0,"key":"Regen Potion"},{"floor":49.0,"key":"champ:UltimateStancePotion"}],"is_trial":false,"path_per_floor":["R","M","?","M","?","?","T","E","R","$","M","R","M","M","M","B",null,"R","M","?","$","M","R","T","T","E","M","M","$","M","?","M","B",null,"R","M","?","$","M","M","T","?","M","M","M","E","R","E","M","B",null,"E"],"character_chosen":"THE_CHAMP","items_purchased":["Bag of Marbles","Medical Kit","champ:FanOfKnives","ClockworkSouvenir","Lee\u0027s Waffle","champ:GladiatorStyle"],"campfire_rested":1,"item_purchase_floors":[10,10,21,29,38,38],"current_hp_per_floor":[90,90,90,86,83,83,83,70,70,84,84,84,81,86,86,37,82,82,75,75,92,94,94,94,94,87,87,83,100,102,99,93,57,98,108,106,106,132,134,136,136,136,122,72,64,63,106,40,29,46,123,0,0,0],"gold":357,"neow_bonus":"UPGRADE_CARD","is_daily":false,"chose_seed":false,"campfire_upgraded":5,"win_rate":0.0,"timestamp":1609904881,"path_taken":["R","M","?","M","?","?","T","E","R","$","M","R","M","?","M","BOSS","R","M","?","?","M","R","T","?","E","M","M","$","M","?","M","BOSS","R","M","?","$","?","M","T","?","M","M","M","E","R","E","M","BOSS","E"],"items_purchased_type":["Relic","Relic","Card","Relic","Relic","Card"],"build_version":"2020-12-22","purchased_purges":2,"victory":false,"max_hp_per_floor":[90,90,90,90,90,90,90,90,90,92,92,92,92,97,97,97,97,97,97,97,99,101,101,101,101,103,103,105,107,109,111,111,111,111,121,123,123,132,134,136,136,136,138,140,142,144,144,146,148,148,148,148,148,148],"card_choices":[{"not_picked":["champ:RageSigil","champ:HeartStrike"],"picked":"champ:FocusedDefense","floor":2.0},{"not_picked":["champ:RapidStrikes","champ:Aggression"],"picked":"champ:BringItOn","floor":4.0},{"not_picked":["champ:AdrenalArmor","champ:Circumvent"],"picked":"champ:CrookedStrike","floor":8.0},{"not_picked":["champ:FlashCut","champ:EnragedBash","champ:MurderStrike"],"picked":"Singing Bowl","floor":10.0},{"not_picked":["champ:RageSigil","champ:Lariat"],"picked":"champ:DeathBlow","floor":11.0},{"not_picked":["champ:EnGarde","champ:ShieldSigil"],"picked":"champ:PreciseThrust","floor":13.0},{"not_picked":["champ:TornadoPunch","champ:PerfectedStrike"],"picked":"champ:Backstep","floor":14.0},{"not_picked":["champ:Balance","champ:SwordSigil"],"picked":"champ:GladiatorStyle","floor":15.0},{"not_picked":["champ:MurderStrike","champ:EnchantCrown"],"picked":"champ:LastStand","floor":16.0},{"not_picked":["champ:Haymaker+1","champ:StanceDance"],"picked":"champ:FlashCut+1","floor":19.0},{"not_picked":["champ:BerserkerStyle","champ:FocusedDefense","champ:StanceDance"],"picked":"Singing Bowl","floor":21.0},{"not_picked":["champ:TornadoPunch","champ:CalledShot","champ:FanOfKnives"],"picked":"Singing Bowl","floor":22.0},{"not_picked":["champ:Riposte+1","champ:PreciseThrust+1","champ:Circumvent"],"picked":"Singing Bowl","floor":26.0},{"not_picked":["champ:BladeFlurry","champ:EndlessRage"],"picked":"champ:Circumvent+1","floor":27.0},{"not_picked":["champ:PerfectedStrike+1","champ:BerserkersShout","champ:EnGarde"],"picked":"Singing Bowl","floor":28.0},{"not_picked":["champ:PerfectedStrike+1","champ:EnragedBash","champ:SwordSigil"],"picked":"Singing Bowl","floor":29.0},{"not_picked":["champ:DefensiveShout","champ:SwordSigil","champ:GutPunch+1"],"picked":"Singing Bowl","floor":30.0},{"not_picked":["J.A.X."],"picked":"Singing Bowl","floor":31.0},{"not_picked":["champ:Backstep","champ:Circumvent"],"picked":"champ:FanOfKnives","floor":31.0},{"not_picked":["champ:TornadoPunch","champ:FaceSlap"],"picked":"champ:StanceDance+1","floor":32.0},{"not_picked":["champ:SwordThrow","champ:EnchantCrown"],"picked":"champ:SteelEdge","floor":33.0},{"not_picked":["champ:Riposte+1","champ:Haymaker+1","champ:DeathBlow+1"],"picked":"Singing Bowl","floor":36.0},{"not_picked":["champ:RapidStrikes+1","champ:DefensiveShout","champ:FanOfKnives"],"picked":"Singing Bowl","floor":38.0},{"not_picked":["champ:GutPunch+1","champ:DefensiveShout","champ:Backstep"],"picked":"Singing Bowl","floor":39.0},{"not_picked":["champ:RapidStrikes","champ:EnGarde+1","champ:BerserkersShout+1"],"picked":"Singing Bowl","floor":40.0},{"not_picked":["champ:RapidStrikes+1","champ:GutPunch+1","champ:EnGarde+1"],"picked":"Singing Bowl","floor":43.0},{"not_picked":["champ:FocusedBerserking","champ:PreciseThrust+1","champ:Control"],"picked":"Singing Bowl","floor":44.0},{"not_picked":["champ:GutPunch+1","champ:GladiatorsShout","champ:PerfectedStrike+1"],"picked":"Singing Bowl","floor":45.0},{"not_picked":["champ:ViciousMockery","champ:Riposte","champ:Circumvent"],"picked":"Singing Bowl","floor":46.0},{"not_picked":["champ:Lariat","champ:DefensiveShout","champ:FalseCounter+1"],"picked":"Singing Bowl","floor":48.0},{"not_picked":["champ:RecklessLeap+1","champ:Encircle+1","champ:Aggression+1"],"picked":"Singing Bowl","floor":49.0}],"player_experience":1744336,"relics_obtained":[{"floor":7.0,"key":"Singing Bowl"},{"floor":8.0,"key":"MealTicket"},{"floor":24.0,"key":"CaptainsWheel"},{"floor":26.0,"key":"champ:DefensiveTrainingManual"},{"floor":31.0,"key":"MutagenicStrength"},{"floor":41.0,"key":"Molten Egg 2"},{"floor":46.0,"key":"Darkstone Periapt"},{"floor":48.0,"key":"Anchor"}],"event_choices":[{"damage_healed":0.0,"max_hp_gain":0.0,"max_hp_loss":0.0,"gold_gain":0.0,"event_name":"Scrap Ooze","player_choice":"Success","floor":5.0,"gold_loss":0.0,"damage_taken":3.0,"relics_obtained":["Akabeko"]},{"damage_healed":0.0,"max_hp_gain":0.0,"max_hp_loss":0.0,"gold_gain":0.0,"event_name":"Upgrade Shrine","player_choice":"Upgraded","floor":20.0,"gold_loss":0.0,"damage_taken":0.0,"cards_upgraded":["champ:PreciseThrust"]},{"cards_removed":["champ:Defend"],"damage_healed":0.0,"max_hp_gain":0.0,"max_hp_loss":0.0,"gold_gain":0.0,"event_name":"Falling","player_choice":"Removed Skill","floor":42.0,"gold_loss":0.0,"damage_taken":0.0}],"is_beta":false,"boss_relics":[{"not_picked":["Fusion Hammer","SacredBark"],"picked":"expansioncontent:StudyCardRelic"},{"not_picked":["Coffee Dripper","Empty Cage"],"picked":"Philosopher\u0027s Stone"}],"items_purged_floors":[10,38],"is_endless":false,"potions_floor_spawned":[2,8,11,13,14,19,26,30,32,40,44,45,49],"killed_by":"downfall:CharBossMerchant","ascension_level":5}}