{"host":"vrsxkkch9ccrec7k","time":1609966150,"event":{"mods":["BaseMod","Bestiary","Downfall","Minty Spire (QoL Compilation)","Relic Stats","Spicy Shops","StSLib","The Hayseed"],"gold_per_floor":[116,129,204,19,33,33,33,33,33,57,71,81,81,81,81,178,178,194,214,18,33,33,33,65,65,92,127,127,145,164,21,21,124,124,136,136,155,167,39,39,59,93,93,112,127,142,170,170,170,170,170,170,20,52,52],"floor_reached":56,"playtime":9152,"items_purged":["TheSimpletonMod:Strike_TheSimpleton","TheSimpletonMod:Mushrooms","TheSimpletonMod:HitTheSack"],"score":1291,"play_id":"ae103d27-b719-446a-8274-1027975fa259","local_time":"20210106154910","is_ascension_mode":false,"campfire_choices":[{"data":"TheSimpletonMod:Corn","floor":6,"key":"SMITH"},{"data":"TheSimpletonMod:ReapAndSow","floor":8,"key":"SMITH"},{"floor":15,"key":"REST"},{"data":"TheSimpletonMod:GoToMarket","floor":23,"key":"SMITH"},{"data":"TheSimpletonMod:OnionBloom","floor":25,"key":"SMITH"},{"floor":28,"key":"REST"},{"data":"expansioncontent:CaCaw","floor":32,"key":"SMITH"},{"floor":40,"key":"RECALL"},{"data":"TheSimpletonMod:ResistantStrain","floor":49,"key":"SMITH"},{"data":"TheSimpletonMod:Rototilling","floor":52,"key":"SMITH"}],"circlet_count":0,"master_deck":["TheSimpletonMod:Haymaker","TheSimpletonMod:ReapAndSow+1","TheSimpletonMod:Rototilling+1","TheSimpletonMod:CloseScrape","TheSimpletonMod:Corn+1","TheSimpletonMod:GoToMarket+1","TheSimpletonMod:TakeHeart","TheSimpletonMod:KeenEdge","TheSimpletonMod:SaladShooter","TheSimpletonMod:KeenEdge","TheSimpletonMod:HitTheSack","TheSimpletonMod:OnionBloom+1","TheSimpletonMod:BumperCrop","TheSimpletonMod:Swelter+1","TheSimpletonMod:Surplus","TheSimpletonMod:Swelter","TheSimpletonMod:VineRipen+1","TheSimpletonMod:ResistantStrain","expansioncontent:CaCaw+1","TheSimpletonMod:ResistantStrain+1","TheSimpletonMod:GoToMarket+1","TheSimpletonMod:Thresh","TheSimpletonMod:VolatileFumes","Panacea"],"relics":["TheSimpletonMod:SpudOfTheInnocent","TheSimpletonMod:NightSoil","TheSimpletonMod:TheHarvester","Paper Crane","Odd Mushroom","Pandora\u0027s Box","Oddly Smooth Stone","Smiling Mask","Anchor","Thread and Needle","Coffee Dripper","Mercury Hourglass","Mango","Bronze Scales","Art of War"],"acts_visited":["Exordium","TheCity","TheBeyond","TheEnding"],"potions_floor_usage":[10,11,11,14,19,27,33,45,47,50,55],"damage_taken":[{"damage":3,"enemies":"Small Slimes","floor":1,"turns":3},{"damage":11,"enemies":"Jaw Worm","floor":2,"turns":7},{"damage":7,"enemies":"2 Louse","floor":5,"turns":3},{"damage":2,"enemies":"The Mushroom Lair","floor":10,"turns":2},{"damage":35,"enemies":"Exordium Thugs","floor":11,"turns":6},{"damage":12,"enemies":"Large Slime","floor":12,"turns":4},{"damage":0,"enemies":"Red Slaver","floor":14,"turns":1},{"damage":39,"enemies":"The Guardian","floor":16,"turns":18},{"damage":24,"enemies":"Chosen","floor":18,"turns":5},{"damage":10,"enemies":"Shell Parasite","floor":19,"turns":4},{"damage":28,"enemies":"Centurion and Healer","floor":21,"turns":13},{"damage":26,"enemies":"Gremlin Leader","floor":24,"turns":10},{"damage":23,"enemies":"Slavers","floor":27,"turns":6},{"damage":6,"enemies":"3 Cultists","floor":29,"turns":7},{"damage":0,"enemies":"Shelled Parasite and Fungi","floor":30,"turns":6},{"damage":0,"enemies":"Collector","floor":33,"turns":9},{"damage":2,"enemies":"3 Shapes","floor":35,"turns":4},{"damage":0,"enemies":"3 Darklings","floor":37,"turns":5},{"damage":0,"enemies":"Transient","floor":38,"turns":5},{"damage":13,"enemies":"Sphere and 2 Shapes","floor":41,"turns":7},{"damage":0,"enemies":"Giant Head","floor":42,"turns":8},{"damage":0,"enemies":"4 Shapes","floor":44,"turns":8},{"damage":0,"enemies":"Spire Growth","floor":45,"turns":4},{"damage":0,"enemies":"Sphere and 2 Shapes","floor":46,"turns":5},{"damage":0,"enemies":"Reptomancer","floor":47,"turns":7},{"damage":23,"enemies":"Time Eater","floor":50,"turns":19},{"damage":74,"enemies":"Shield and Spear","floor":54,"turns":7},{"damage":43,"enemies":"The Heart","floor":55,"turns":13}],"seed_played":"1965570774575240912","potions_obtained":[{"floor":1,"key":"Dexterity Potion"},{"floor":2,"key":"Slimebound:ThreeZeroPotion"},{"floor":5,"key":"EssenceOfSteel"},{"floor":10,"key":"Swift Potion"},{"floor":12,"key":"SmokeBomb"},{"floor":18,"key":"SneckoOil"},{"floor":24,"key":"Fire Potion"},{"floor":29,"key":"Weak Potion"},{"floor":33,"key":"SmokeBomb"},{"floor":41,"key":"Swift Potion"},{"floor":42,"key":"TheSimpletonMod:MoonshinePotion"},{"floor":44,"key":"hexamod:EctoCoolerPotion"},{"floor":45,"key":"DistilledChaos"}],"is_trial":false,"path_per_floor":["M","M","?","$","M","R","?","R","T","?","M","M","?","M","R","B",null,"M","M","$","M","?","R","E","R","T","E","R","M","M","$","R","B",null,"M","?","M","M","$","R","M","E","T","M","M","M","E","?","R","B",null,"R","$","E","B",null],"character_chosen":"THE_SIMPLETON","items_purchased":["TheSimpletonMod:CloseScrape","TheSimpletonMod:Corn","Oddly Smooth Stone","Weak Potion","expansioncontent:CaCaw","TheSimpletonMod:Thresh","Bronze Scales"],"campfire_rested":2,"item_purchase_floors":[4,4,20,20,31,39,53],"current_hp_per_floor":[82,73,62,62,55,55,60,60,60,62,31,23,23,23,49,14,87,67,66,66,52,52,52,36,36,36,27,53,56,65,65,65,69,87,87,87,87,87,87,87,83,87,87,87,87,87,101,101,101,87,101,101,101,31,2],"gold":52,"neow_bonus":"TEN_PERCENT_HP_BONUS","is_daily":false,"chose_seed":false,"campfire_upgraded":7,"win_rate":0.0,"timestamp":1609966150,"path_taken":["M","M","?","$","M","R","?","R","T","?","?","M","?","?","R","BOSS","M","M","$","M","?","R","E","R","T","E","R","M","M","$","R","BOSS","M","?","?","M","$","R","M","E","T","M","M","M","E","?","R","BOSS","R","$","E","BOSS"],"items_purchased_type":["Card","Card","Relic","Potion","Card","Card","Relic"],"build_version":"2020-12-22","purchased_purges":3,"victory":true,"max_hp_per_floor":[82,82,82,82,82,82,87,87,87,87,87,87,87,87,87,87,87,87,87,87,87,87,87,87,87,87,87,87,87,87,87,87,87,87,87,87,87,87,87,87,87,87,87,87,87,87,101,101,101,101,101,101,101,101,101],"relic_stats":{"counters":[28,191],"Bronze Scales":[183],"Pandora\u0027s Box":["TheSimpletonMod:KeenEdge","TheSimpletonMod:SaladShooter","TheSimpletonMod:Mushrooms","TheSimpletonMod:KeenEdge","TheSimpletonMod:HitTheSack","TheSimpletonMod:ToughenUp"],"Art of War":[5],"Smiling Mask":125,"obtain_stats":[{"Oddly Smooth Stone":20,"Thread and Needle":27,"Mango":47,"Paper Crane":9,"Odd Mushroom":10,"Smiling Mask":24,"Mercury Hourglass":42,"TheSimpletonMod:TheHarvester":0,"Anchor":26,"Bronze Scales":53,"Pandora\u0027s Box":17,"TheSimpletonMod:SpudOfTheInnocent":0,"Coffee Dripper":34,"Art of War":54,"TheSimpletonMod:NightSoil":0},{"Oddly Smooth Stone":10,"Thread and Needle":13,"Mango":25,"Paper Crane":3,"Odd Mushroom":4,"Smiling Mask":12,"Mercury Hourglass":21,"TheSimpletonMod:TheHarvester":0,"Anchor":12,"Bronze Scales":26,"Pandora\u0027s Box":8,"TheSimpletonMod:SpudOfTheInnocent":0,"Coffee Dripper":16,"Art of War":27,"TheSimpletonMod:NightSoil":0},{"Oddly Smooth Stone":52,"Thread and Needle":81,"Mango":152,"Paper Crane":13,"Odd Mushroom":15,"Smiling Mask":75,"Mercury Hourglass":131,"TheSimpletonMod:TheHarvester":0,"Anchor":75,"Bronze Scales":171,"Pandora\u0027s Box":43,"TheSimpletonMod:SpudOfTheInnocent":0,"Coffee Dripper":102,"Art of War":178,"TheSimpletonMod:NightSoil":0}],"Mercury Hourglass":[216]},"card_choices":[{"not_picked":["TheSimpletonMod:Ferment","TheSimpletonMod:CullingStrike"],"picked":"TheSimpletonMod:Rototilling","floor":1},{"not_picked":["TheSimpletonMod:Germinate","TheSimpletonMod:DigIn"],"picked":"TheSimpletonMod:SpiceUp","floor":2},{"not_picked":["TheSimpletonMod:Innovate","TheSimpletonMod:KeenEdge"],"picked":"TheSimpletonMod:Sunchoke","floor":5},{"not_picked":["TheSimpletonMod:CloseScrape","TheSimpletonMod:Pruning"],"picked":"TheSimpletonMod:HitTheSack","floor":10},{"not_picked":["TheSimpletonMod:VineRipen","TheSimpletonMod:SpiceUp","TheSimpletonMod:SaladShooter"],"picked":"SKIP","floor":11},{"not_picked":["TheSimpletonMod:Sunchoke","TheSimpletonMod:Rototilling"],"picked":"TheSimpletonMod:GoToMarket","floor":12},{"not_picked":["TheSimpletonMod:ErosionControl","TheSimpletonMod:ResistantStrain"],"picked":"TheSimpletonMod:TakeHeart","floor":16},{"not_picked":["TheSimpletonMod:Pruning","TheSimpletonMod:Fertilaser+1"],"picked":"TheSimpletonMod:OnionBloom","floor":18},{"not_picked":["TheSimpletonMod:Fertilaser+1","TheSimpletonMod:SlashAndBurn+1"],"picked":"TheSimpletonMod:BumperCrop","floor":19},{"not_picked":["TheSimpletonMod:DesperatePlunge","TheSimpletonMod:PestManagement+1"],"picked":"TheSimpletonMod:Swelter+1","floor":21},{"not_picked":["TheSimpletonMod:Thresh+1","TheSimpletonMod:SlashAndBurn"],"picked":"TheSimpletonMod:VineRipen+1","floor":24},{"not_picked":["TheSimpletonMod:Rake","TheSimpletonMod:Sunchoke","TheSimpletonMod:Pruning"],"picked":"SKIP","floor":27},{"not_picked":["TheSimpletonMod:SlashAndBurn","TheSimpletonMod:KeenEdge+1","TheSimpletonMod:Pruning"],"picked":"SKIP","floor":29},{"not_picked":["TheSimpletonMod:StockTheCellar","TheSimpletonMod:ToughenUp"],"picked":"TheSimpletonMod:ResistantStrain","floor":30},{"not_picked":["TheSimpletonMod:Biorefinement","TheSimpletonMod:VolatileFumes"],"picked":"TheSimpletonMod:ResistantStrain","floor":33},{"not_picked":["TheSimpletonMod:Corn+1","TheSimpletonMod:Innovate","TheSimpletonMod:PestManagement+1"],"picked":"SKIP","floor":35},{"not_picked":["TheSimpletonMod:StockTheCellar+1","TheSimpletonMod:VineRipen"],"picked":"TheSimpletonMod:GoToMarket+1","floor":37},{"not_picked":["TheSimpletonMod:CloseScrape","TheSimpletonMod:Innovate+1","TheSimpletonMod:Sunchoke"],"picked":"SKIP","floor":38},{"not_picked":["TheSimpletonMod:Corn","TheSimpletonMod:Fertilaser","TheSimpletonMod:Innovate"],"picked":"SKIP","floor":41},{"not_picked":["TheSimpletonMod:DoubleBarrel","TheSimpletonMod:ToughenUp","TheSimpletonMod:Pruning"],"picked":"SKIP","floor":42},{"not_picked":["TheSimpletonMod:CullingStrike+1","TheSimpletonMod:PestManagement","TheSimpletonMod:Swelter"],"picked":"SKIP","floor":44},{"not_picked":["TheSimpletonMod:ToughenUp","TheSimpletonMod:SeedCoat"],"picked":"TheSimpletonMod:VolatileFumes","floor":45},{"not_picked":["TheSimpletonMod:StockTheCellar","TheSimpletonMod:SeedCoat","TheSimpletonMod:DigIn"],"picked":"SKIP","floor":46},{"not_picked":["TheSimpletonMod:Sunseed","TheSimpletonMod:SpiceUp+1","TheSimpletonMod:SoilSample"],"picked":"SKIP","floor":47},{"not_picked":["TheSimpletonMod:DigIn+1","TheSimpletonMod:SlashAndBurn+1","TheSimpletonMod:BumperCrop+1"],"picked":"SKIP","floor":54}],"player_experience":1378804,"relics_obtained":[{"floor":9,"key":"Paper Crane"},{"floor":10,"key":"Odd Mushroom"},{"floor":24,"key":"Smiling Mask"},{"floor":26,"key":"Anchor"},{"floor":27,"key":"Thread and Needle"},{"floor":42,"key":"Mercury Hourglass"},{"floor":47,"key":"Mango"},{"floor":54,"key":"Art of War"}],"event_choices":[{"damage_healed":0,"gold_gain":75,"player_choice":"Gather Gold","damage_taken":11,"max_hp_gain":0,"max_hp_loss":0,"event_name":"World of Goop","floor":3,"gold_loss":0},{"damage_healed":0,"gold_gain":0,"player_choice":"Donut","damage_taken":0,"max_hp_gain":5,"max_hp_loss":0,"event_name":"Big Fish","floor":7,"gold_loss":0},{"damage_healed":0,"gold_gain":0,"player_choice":"Fought Mushrooms","damage_taken":0,"max_hp_gain":0,"max_hp_loss":0,"event_name":"Mushrooms","floor":10,"gold_loss":0},{"cards_removed":["TheSimpletonMod:Strike_TheSimpleton"],"damage_healed":0,"gold_gain":0,"player_choice":"Purged","damage_taken":0,"max_hp_gain":0,"max_hp_loss":0,"event_name":"Purifier","floor":13,"gold_loss":0},{"damage_healed":0,"gold_gain":0,"cards_transformed":["TheSimpletonMod:Sunchoke","TheSimpletonMod:SpiceUp"],"player_choice":"Became Test Subject","damage_taken":0,"max_hp_gain":0,"max_hp_loss":0,"event_name":"Drug Dealer","floor":22,"gold_loss":0,"cards_obtained":["TheSimpletonMod:Surplus","TheSimpletonMod:Swelter"]},{"cards_removed":["TheSimpletonMod:ToughenUp"],"damage_healed":0,"gold_gain":0,"player_choice":"Purged","damage_taken":0,"max_hp_gain":0,"max_hp_loss":0,"event_name":"Purifier","floor":36,"gold_loss":0},{"damage_healed":0,"gold_gain":0,"player_choice":"1 cards matched","damage_taken":0,"max_hp_gain":0,"max_hp_loss":0,"event_name":"Match and Keep!","floor":48,"gold_loss":0,"cards_obtained":["Panacea"]}],"is_beta":false,"boss_relics":[{"not_picked":["Sozu","Tiny House"],"picked":"Pandora\u0027s Box"},{"not_picked":["Busted Crown","TheSimpletonMod:OnionBelt"],"picked":"Coffee Dripper"}],"items_purged_floors":[4,31,39],"is_endless":false,"potions_floor_spawned":[1,2,5,10,12,18,24,29,33,41,42,44,45],"ascension_level":0}}