{"host":"m77rrhbqzv44va4v","time":1609944184,"event":{"mods":["AchievementEnabler","BaseMod","Colored Map","DeckTracker","Keyboard Shortcuts","Minty Spire (QoL Compilation)","StSLib","SuperFastMode","everything is the same but u backflip on backflip"],"gold_per_floor":[109,24,24,36,36,61,76,76,76,95,111,139,139,139,139,218,218,235,209,228,248,173,173,173],"floor_reached":23,"playtime":488,"items_purged":["Strike_G"],"score":436,"play_id":"d03456c0-5829-4b19-8ce1-d75700cc14a7","local_time":"20210106234304","is_ascension_mode":true,"campfire_choices":[{"data":"Terror","floor":8,"key":"SMITH"},{"data":"Burst","floor":13,"key":"SMITH"},{"data":"Footwork","floor":15,"key":"SMITH"}],"circlet_count":0,"master_deck":["AscendersBane","Strike_G","Defend_G","Defend_G","Defend_G","Survivor","Neutralize","Dagger Throw","Terror+1","Blade Dance","Burst+1","Footwork+1","Backstab","Backflip","Predator","Wraith Form v2","PiercingWail","Underhanded Strike","Crippling Poison"],"relics":["Ring of the Snake","NeowsBlessing","StrikeDummy","Mercury Hourglass","Odd Mushroom","Empty Cage"],"acts_visited":["Exordium","TheCity"],"potions_floor_usage":[12,20,23],"damage_taken":[{"damage":0,"enemies":"Cultist","floor":1,"turns":1},{"damage":0,"enemies":"2 Louse","floor":4,"turns":1},{"damage":0,"enemies":"3 Sentries","floor":6,"turns":1},{"damage":3,"enemies":"Small Slimes","floor":7,"turns":3},{"damage":0,"enemies":"Blue Slaver","floor":10,"turns":3},{"damage":1,"enemies":"Exordium Thugs","floor":11,"turns":3},{"damage":0,"enemies":"The Mushroom Lair","floor":12,"turns":2},{"damage":22,"enemies":"The Guardian","floor":16,"turns":12},{"damage":6,"enemies":"3 Byrds","floor":18,"turns":6},{"damage":8,"enemies":"2 Thieves","floor":19,"turns":4},{"damage":5,"enemies":"Centurion and Healer","floor":20,"turns":5},{"damage":16,"enemies":"3 Cultists","floor":21,"turns":4},{"damage":20,"enemies":"Book of Stabbing","floor":23,"turns":5}],"seed_played":"2838277005810769970","potions_obtained":[{"floor":4,"key":"Weak Potion"},{"floor":6,"key":"LiquidMemories"},{"floor":10,"key":"CunningPotion"},{"floor":19,"key":"Weak Potion"}],"is_trial":false,"path_per_floor":["M","$","?","M","?","E","M","R","T","M","M","?","R","?","R","B",null,"M","M","M","M","$","E"],"character_chosen":"THE_SILENT","items_purchased":["Terror"],"campfire_rested":0,"item_purchase_floors":[2],"current_hp_per_floor":[59,59,52,52,52,52,49,49,49,49,48,48,48,48,48,26,56,50,42,37,21,21,1,1],"gold":173,"neow_bonus":"THREE_ENEMY_KILL","is_daily":false,"chose_seed":false,"campfire_upgraded":3,"win_rate":0.0,"timestamp":1609944184,"path_taken":["M","$","?","M","?","E","M","R","T","M","?","?","R","?","R","BOSS","M","M","M","M","$","E"],"items_purchased_type":["Card"],"build_version":"2020-12-22","purchased_purges":1,"victory":false,"max_hp_per_floor":[66,66,66,66,66,66,66,66,66,66,66,66,66,66,66,66,66,66,66,66,66,66,66,66],"card_choices":[{"not_picked":["Poisoned Stab","Deadly Poison"],"picked":"Dagger Throw","floor":1},{"not_picked":["Deadly Poison","Dagger Throw"],"picked":"Blade Dance","floor":4},{"not_picked":["Acrobatics","Deflect"],"picked":"Burst","floor":6},{"not_picked":["PiercingWail","Dagger Spray"],"picked":"Footwork","floor":7},{"not_picked":["Predator","Deadly Poison"],"picked":"Backstab","floor":10},{"not_picked":["PiercingWail","Riddle With Holes"],"picked":"Backflip","floor":11},{"not_picked":["Endless Agony","Deflect"],"picked":"Predator","floor":12},{"not_picked":["Unload","Doppelganger"],"picked":"Wraith Form v2","floor":16},{"not_picked":["Endless Agony","Masterful Stab"],"picked":"PiercingWail","floor":18},{"not_picked":["Acrobatics","PiercingWail"],"picked":"Underhanded Strike","floor":19},{"not_picked":["Deadly Poison","Blur"],"picked":"Crippling Poison","floor":20},{"not_picked":["Dagger Throw+1","Quick Slash","Blur"],"picked":"SKIP","floor":21}],"player_experience":911941,"relics_obtained":[{"floor":6,"key":"StrikeDummy"},{"floor":9,"key":"Mercury Hourglass"},{"floor":12,"key":"Odd Mushroom"}],"event_choices":[{"cards_removed":["Strike_G"],"damage_healed":0,"gold_gain":0,"player_choice":"Card Removal","damage_taken":7,"max_hp_gain":0,"max_hp_loss":0,"event_name":"Golden Wing","floor":3,"gold_loss":0},{"cards_removed":["Strike_G"],"damage_healed":0,"gold_gain":0,"player_choice":"Card Removal","damage_taken":0,"max_hp_gain":0,"max_hp_loss":0,"event_name":"Wheel of Change","floor":5,"gold_loss":0},{"damage_healed":0,"gold_gain":0,"player_choice":"Fought Mushrooms","damage_taken":0,"max_hp_gain":0,"max_hp_loss":0,"event_name":"Mushrooms","floor":12,"gold_loss":0},{"cards_removed":["Defend_G"],"damage_healed":0,"gold_gain":0,"player_choice":"Forget","damage_taken":0,"max_hp_gain":0,"max_hp_loss":0,"event_name":"Living Wall","floor":14,"gold_loss":0}],"is_beta":false,"boss_relics":[{"not_picked":["Black Star","Busted Crown"],"picked":"Empty Cage"}],"items_purged_floors":[22],"is_endless":false,"potions_floor_spawned":[4,6,10,19],"killed_by":"Book of Stabbing","ascension_level":20}}