{"host":"60fhthqyb911n2zd","time":1609910354,"event":{"mods":["BaseMod","Mimic Mod","Minty Spire (QoL Compilation)","Replay The Spire","Shop Mod","StSLib","The Jungle"],"gold_per_floor":[112,112,112,112,32,42,77,92,92,116,143,143,153,153,153,248,248,248,248],"floor_reached":18,"playtime":434,"items_purged":[],"score":201,"play_id":"a92a3a04-b34c-4c2a-9e26-12d70ab9f674","local_time":"20210106131914","is_ascension_mode":true,"campfire_choices":[{"floor":15,"key":"REST"}],"circlet_count":0,"master_deck":["Strike_B","Strike_B","Strike_B","Defend_B","Defend_B","Defend_B","Defend_B","Zap+1","Dualcast","Auto Shields+1","Static Discharge","Panic Button","Cold Snap+1","Leap"],"relics":["Cracked Core","NeowsBlessing","Nunchaku","Pen Nib","Odd Mushroom","Replay:Multitool","Replay:Grab Bag","ChewingGum","SlaversCollar","Inserter"],"acts_visited":["Exordium","TheCity"],"potions_floor_usage":[],"damage_taken":[{"damage":0.0,"enemies":"2 Louse","floor":1.0,"turns":1.0},{"damage":0,"enemies":"Jaw Worm","floor":6,"turns":1},{"damage":0,"enemies":"Gremlin Nob","floor":7,"turns":1},{"damage":0,"enemies":"Small Slimes","floor":8,"turns":3},{"damage":24,"enemies":"The Mushroom Lair","floor":10,"turns":5},{"damage":6,"enemies":"Blue Slaver","floor":13,"turns":2},{"damage":5,"enemies":"The Guardian","floor":16,"turns":14},{"damage":38,"enemies":"Chosen","floor":18,"turns":7}],"seed_played":"8636837633231178621","potions_obtained":[{"floor":1.0,"key":"Ancient Potion"},{"floor":6,"key":"Explosive Potion"},{"floor":10,"key":"Swift Potion"},{"floor":16,"key":"LiquidBronze"}],"is_trial":false,"path_per_floor":["M","?","MIM","?","$","M","E","M","T","?","?","R","M","?","R","B",null,"M"],"character_chosen":"DEFECT","items_purchased":["Static Discharge"],"campfire_rested":1,"item_purchase_floors":[5],"current_hp_per_floor":[75,75,75,75,75,75,75,75,75,51,21,43,37,37,59,54,75,37,37],"gold":248,"neow_bonus":"THREE_ENEMY_KILL","is_daily":false,"chose_seed":false,"campfire_upgraded":0,"win_rate":0.0,"timestamp":1609910354,"path_taken":["M","?","?","?","$","M","E","M","T","?","?","R","?","?","R","BOSS","M"],"items_purchased_type":["Card"],"build_version":"2020-12-22","purchased_purges":0,"victory":false,"max_hp_per_floor":[75,75,75,75,75,75,75,75,75,75,75,75,75,75,75,75,75,75,75],"card_choices":[{"not_picked":["ReplayTheSpireMod:System Scan","Genetic Algorithm","Force Field"],"picked":"SKIP","floor":1.0},{"not_picked":["Barrage","BasicCrystalCard","Rebound"],"picked":"SKIP","floor":6},{"not_picked":["BasicCrystalCard","Time Bomb","Turbo"],"picked":"SKIP","floor":7},{"not_picked":["ReplaySort","Gash"],"picked":"Panic Button","floor":8},{"not_picked":["Beam Cell","Lockon"],"picked":"Cold Snap","floor":11},{"not_picked":["Cold Snap","Go for the Eyes"],"picked":"Leap","floor":13}],"player_experience":491551,"relics_obtained":[{"floor":7,"key":"Nunchaku"},{"floor":9,"key":"Pen Nib"},{"floor":10,"key":"Odd Mushroom"},{"floor":11,"key":"Replay:Multitool"}],"event_choices":[{"damage_healed":0.0,"max_hp_gain":0.0,"max_hp_loss":0.0,"gold_gain":0.0,"event_name":"Liars Game","player_choice":"Ignored","floor":2.0,"gold_loss":0.0,"damage_taken":0.0},{"damage_healed":0,"gold_gain":0,"player_choice":"Fought Mushrooms","damage_taken":0,"max_hp_gain":0,"max_hp_loss":0,"event_name":"Mushrooms","floor":10,"gold_loss":0}],"is_beta":false,"boss_relics":[{"not_picked":["Coffee Dripper","Velvet Choker"],"picked":"Replay:Grab Bag"},{"not_picked":["Fusion Hammer","Cursed Key"],"picked":"ChewingGum"},{"not_picked":["Sozu","Runic Dome"],"picked":"SlaversCollar"},{"not_picked":["Nuclear Battery","SacredBark"],"picked":"Inserter"}],"items_purged_floors":[],"is_endless":false,"potions_floor_spawned":[1,6,10,16],"killed_by":"Chosen","ascension_level":2}}