{"host":"178rghtqlvp3zue2","time":1609941526,"event":{"mods":["2.2 Compatiblity","AchievementEnabler","BaseMod","DeckTracker","Minty Spire (QoL Compilation)","Quick Restart","SuperFastMode"],"gold_per_floor":[109,109,109,122,122,122,161,235,235,235,250,175,188,212,212,212,212],"floor_reached":16,"playtime":469,"items_purged":["Strike_P"],"score":144,"play_id":"a07590d2-4073-4f05-8298-6e8c4798136b","local_time":"20210106225846","is_ascension_mode":true,"campfire_choices":[{"data":"Eruption","floor":6,"key":"SMITH"},{"floor":10,"key":"REST"},{"floor":15,"key":"REST"}],"circlet_count":0,"master_deck":["Strike_P+1","Strike_P","Strike_P","Defend_P","Defend_P+1","Defend_P","Defend_P","Eruption+1","Vigilance","PathToVictory","Adaptation","Tantrum"],"relics":["PureWater","NeowsBlessing","Golden Idol","Du-Vu Doll","Orichalcum","Gambling Chip"],"acts_visited":["Exordium"],"potions_floor_usage":[16,16],"damage_taken":[{"damage":0,"enemies":"2 Louse","floor":1,"turns":1},{"damage":0,"enemies":"Small Slimes","floor":4,"turns":1},{"damage":0,"enemies":"Lagavulin","floor":7,"turns":1},{"damage":32,"enemies":"Gremlin Nob","floor":8,"turns":3},{"damage":0,"enemies":"Cultist","floor":11,"turns":2},{"damage":15,"enemies":"Looter","floor":13,"turns":3},{"damage":4,"enemies":"2 Fungi Beasts","floor":14,"turns":3},{"damage":33,"enemies":"Hexaghost","floor":16,"turns":9}],"seed_played":"8098458209885307415","potions_obtained":[{"floor":7,"key":"DuplicationPotion"},{"floor":8,"key":"ColorlessPotion"},{"floor":13,"key":"Ancient Potion"}],"is_trial":false,"path_per_floor":["M","?","?","M","?","R","E","?","T","R","M","$","M","M","R","B"],"character_chosen":"WATCHER","items_purchased":[],"campfire_rested":2,"item_purchase_floors":[],"current_hp_per_floor":[72,54,54,54,40,40,40,8,8,29,29,29,14,10,31,0,0],"gold":212,"neow_bonus":"THREE_ENEMY_KILL","is_daily":false,"chose_seed":false,"campfire_upgraded":1,"win_rate":0.0,"timestamp":1609941526,"path_taken":["M","?","?","?","?","R","E","?","T","R","M","?","M","M","R","BOSS"],"items_purchased_type":[],"build_version":"2020-12-22","purchased_purges":1,"victory":false,"max_hp_per_floor":[72,72,72,72,72,72,72,72,72,72,72,72,72,72,72,72,72],"card_choices":[{"not_picked":["Crescendo","ThirdEye"],"picked":"PathToVictory","floor":1},{"not_picked":["SashWhip","Devotion","FlyingSleeves"],"picked":"SKIP","floor":4},{"not_picked":["SandsOfTime","DeceiveReality"],"picked":"Tantrum","floor":7},{"not_picked":["WheelKick","Consecrate","WreathOfFlame"],"picked":"SKIP","floor":11},{"not_picked":["Meditate","Worship","Consecrate"],"picked":"SKIP","floor":13},{"not_picked":["SignatureMove","CrushJoints","Protect"],"picked":"SKIP","floor":14}],"player_experience":256310,"relics_obtained":[{"floor":7,"key":"Du-Vu Doll"},{"floor":8,"key":"Orichalcum"},{"floor":9,"key":"Gambling Chip"}],"event_choices":[{"damage_healed":0,"gold_gain":0,"player_choice":"Take Damage","damage_taken":18,"relics_obtained":["Golden Idol"],"max_hp_gain":0,"max_hp_loss":0,"event_name":"Golden Idol","floor":2,"gold_loss":0},{"damage_healed":0,"gold_gain":0,"player_choice":"1 cards matched","damage_taken":0,"max_hp_gain":0,"max_hp_loss":0,"event_name":"Match and Keep!","floor":3,"gold_loss":0,"cards_obtained":["Adaptation"]},{"damage_healed":0,"gold_gain":0,"player_choice":"Entered Light","damage_taken":14,"max_hp_gain":0,"max_hp_loss":0,"event_name":"Shining Light","floor":5,"gold_loss":0,"cards_upgraded":["Defend_P","Strike_P"]},{"damage_healed":0,"gold_gain":30,"player_choice":"Searched \u00272\u0027 times","damage_taken":0,"max_hp_gain":0,"max_hp_loss":0,"event_name":"Dead Adventurer","floor":8,"gold_loss":0}],"is_beta":false,"boss_relics":[],"items_purged_floors":[12],"is_endless":false,"potions_floor_spawned":[7,8,13,14],"killed_by":"Hexaghost","ascension_level":3}}