{"host":"sbgxqx7mo4t572vt","time":1609965347,"event":{"mods":["AchievementEnabler","BaseMod","Googly Eyes","Minty Spire (QoL Compilation)","Replay The Spire","StSLib"],"gold_per_floor":[115,39,39,54,54,54,79,93,93,93,104,115,115,129,129,129,129],"floor_reached":16,"playtime":429,"items_purged":[],"score":254,"play_id":"5dabfbef-a697-43d7-b2c4-bbf6d30f7b2b","local_time":"20210106223547","is_ascension_mode":true,"campfire_choices":[{"data":"ReplayTheSpireMod:Omega Cannon","floor":6,"key":"SMITH"},{"data":"Crystallizer","floor":10,"key":"SMITH"},{"data":"ReplayTheSpireMod:GoodbyeWorld","floor":13,"key":"SMITH"},{"data":"ReplayTheSpireMod:Repulse","floor":15,"key":"SMITH"}],"circlet_count":0,"master_deck":["AscendersBane","Strike_B","Strike_B","Strike_B","Strike_B","Defend_B","Defend_B","Defend_B","Defend_B","Zap","Dualcast","ReplayTheSpireMod:Repulse+1","ReplayTheSpireMod:GoodbyeWorld+1","ReplayTheSpireMod:Omega Cannon+1","Rebound","Reboot","Crystallizer+1","Skim","FTL"],"relics":["Cracked Core","NeowsBlessing","Ornamental Fan","Divine Protection"],"acts_visited":["Exordium"],"potions_floor_usage":[],"damage_taken":[{"damage":0,"enemies":"Cultist","floor":1,"turns":1},{"damage":0,"enemies":"2 Louse","floor":4,"turns":1},{"damage":0,"enemies":"Lagavulin","floor":7,"turns":1},{"damage":4,"enemies":"Small Slimes","floor":8,"turns":2},{"damage":4,"enemies":"2 Fungi Beasts","floor":11,"turns":2},{"damage":0,"enemies":"Exordium Wildlife","floor":12,"turns":2},{"damage":14,"enemies":"Looter","floor":14,"turns":3},{"damage":45,"enemies":"The Guardian","floor":16,"turns":9}],"seed_played":"-314981118453826219","potions_obtained":[{"floor":4,"key":"AttackPotion"},{"floor":11,"key":"LiquidBronze"}],"is_trial":false,"path_per_floor":["M","$","?","M","$","R","E","M","T","R","M","M","R","M","R","B"],"character_chosen":"DEFECT","items_purchased":["ReplayTheSpireMod:GoodbyeWorld"],"campfire_rested":0,"item_purchase_floors":[2],"current_hp_per_floor":[64,64,64,64,64,64,64,60,60,60,56,56,56,42,42,0,0],"gold":129,"neow_bonus":"THREE_ENEMY_KILL","is_daily":false,"chose_seed":false,"campfire_upgraded":4,"win_rate":0.0,"timestamp":1609965347,"path_taken":["M","$","?","M","$","R","E","M","T","R","M","?","R","M","R","BOSS"],"items_purchased_type":["Card"],"build_version":"2020-12-22","purchased_purges":0,"victory":false,"max_hp_per_floor":[71,71,71,71,71,71,71,71,71,71,71,71,71,71,71,71,71],"card_choices":[{"not_picked":["Compile Driver","Hologram"],"picked":"ReplayTheSpireMod:Repulse","floor":1},{"not_picked":["Redo","Turbo"],"picked":"Rebound","floor":4},{"not_picked":["Conserve Battery","Chill"],"picked":"Reboot","floor":7},{"not_picked":["Coolheaded","Panic Button"],"picked":"Crystallizer","floor":8},{"not_picked":["ReplayGash","Gash"],"picked":"Skim","floor":11},{"not_picked":["Rip and Tear","Go for the Eyes"],"picked":"FTL","floor":12},{"not_picked":["Beam Cell","Auto Shields","Hologram"],"picked":"SKIP","floor":14}],"player_experience":292253,"relics_obtained":[{"floor":7,"key":"Ornamental Fan"},{"floor":9,"key":"Divine Protection"}],"event_choices":[{"damage_healed":0,"gold_gain":0,"player_choice":"1 cards matched","damage_taken":0,"max_hp_gain":0,"max_hp_loss":0,"event_name":"Match and Keep!","floor":3,"gold_loss":0,"cards_obtained":["ReplayTheSpireMod:Omega Cannon"]}],"is_beta":false,"boss_relics":[],"items_purged_floors":[],"is_endless":false,"potions_floor_spawned":[4,11,12],"killed_by":"The Guardian","ascension_level":20}}