{"host":"w01zow3jg16g8jdh","time":1609950715,"event":{"mods":["AchievementEnabler","BaseMod","DeckTracker","Keyboard Shortcuts","Minty Spire (QoL Compilation)","Permanent Neow","StSLib","SuperFastMode"],"gold_per_floor":[119,132,152,152,168,168,196,196,222,222,240,273,116,128,128,205,205,224,252,252,252,252,252,252,252],"floor_reached":24,"playtime":373,"items_purged":[],"score":408,"play_id":"94f25f4d-4b73-4795-ad44-748c8da8b89c","local_time":"20210107013155","is_ascension_mode":true,"campfire_choices":[{"data":"Hyperbeam","floor":6.0,"key":"SMITH"},{"data":"Beam Cell","floor":8.0,"key":"SMITH"},{"data":"Zap","floor":10.0,"key":"SMITH"},{"data":"Coolheaded","floor":15.0,"key":"SMITH"},{"floor":23.0,"key":"REST"}],"circlet_count":0,"master_deck":["AscendersBane","Strike_B","Strike_B","Strike_B","Strike_B","Defend_B","Defend_B","Defend_B","Defend_B","Zap+1","Dualcast","Hyperbeam+1","Beam Cell+1","FTL","Undo","Coolheaded+1","Buffer","Coolheaded","Hologram"],"relics":["Cracked Core","DataDisk","Lantern","Bag of Marbles","Bag of Preparation","SlaversCollar","Red Mask","Enchiridion","Darkstone Periapt"],"acts_visited":["Exordium","TheCity"],"potions_floor_usage":[24],"damage_taken":[{"damage":0.0,"enemies":"2 Louse","floor":1.0,"turns":1.0},{"damage":0.0,"enemies":"Jaw Worm","floor":2.0,"turns":1.0},{"damage":0.0,"enemies":"Cultist","floor":3.0,"turns":3.0},{"damage":12.0,"enemies":"3 Louse","floor":5.0,"turns":3.0},{"damage":10.0,"enemies":"3 Sentries","floor":7.0,"turns":3.0},{"damage":0.0,"enemies":"Exordium Wildlife","floor":11.0,"turns":1.0},{"damage":20.0,"enemies":"Lagavulin","floor":12.0,"turns":5.0},{"damage":0.0,"enemies":"Exordium Thugs","floor":14.0,"turns":2.0},{"damage":4.0,"enemies":"The Guardian","floor":16.0,"turns":14.0},{"damage":17.0,"enemies":"2 Thieves","floor":18.0,"turns":3.0},{"damage":0.0,"enemies":"Masked Bandits","floor":19.0,"turns":1.0},{"damage":45,"enemies":"Book of Stabbing","floor":24,"turns":6}],"seed_played":"8742852051253752024","potions_obtained":[{"floor":3.0,"key":"Block Potion"},{"floor":5.0,"key":"PowerPotion"},{"floor":16.0,"key":"Energy Potion"}],"is_trial":false,"path_per_floor":["M","M","M","?","M","R","E","R","T","R","M","E","$","M","R","B",null,"M","?","?","$","?","R","E"],"character_chosen":"DEFECT","items_purchased":["Bag of Preparation"],"campfire_rested":1,"item_purchase_floors":[13],"current_hp_per_floor":[64,64,64,64,52,52,42,42,42,42,42,22,22,22,22,18,58,41,41,20,20,20,41,0,0],"gold":252,"neow_bonus":"ONE_RANDOM_RARE_CARD","is_daily":false,"chose_seed":false,"campfire_upgraded":4,"win_rate":0.0,"timestamp":1609950715,"path_taken":["M","M","M","?","M","R","E","R","T","R","M","E","$","M","R","BOSS","M","?","?","$","?","R","E"],"items_purchased_type":["Relic"],"build_version":"2020-12-22","purchased_purges":0,"victory":false,"max_hp_per_floor":[71,71,71,71,71,71,71,71,71,71,71,71,71,71,71,71,71,71,71,71,71,71,71,71,71],"card_choices":[{"not_picked":["Streamline","Skim"],"picked":"Beam Cell","floor":1.0},{"not_picked":["Recycle","Steam","Tempest"],"picked":"SKIP","floor":2.0},{"not_picked":["Aggregate","Sweeping Beam"],"picked":"FTL","floor":3.0},{"not_picked":["Consume","Force Field","Auto Shields"],"picked":"SKIP","floor":5.0},{"not_picked":["Chaos","Steam","Turbo"],"picked":"SKIP","floor":7.0},{"not_picked":["Sweeping Beam","Steam"],"picked":"Undo","floor":11.0},{"not_picked":["Beam Cell","Rainbow","Barrage"],"picked":"SKIP","floor":12.0},{"not_picked":["Scrape","Sweeping Beam"],"picked":"Coolheaded","floor":14.0},{"not_picked":["Reboot","Fission"],"picked":"Buffer","floor":16.0},{"not_picked":["Conserve Battery","Sweeping Beam"],"picked":"Coolheaded","floor":18.0},{"not_picked":["Gash","Compile Driver"],"picked":"Hologram","floor":19.0}],"player_experience":302960,"relics_obtained":[{"floor":7.0,"key":"DataDisk"},{"floor":9.0,"key":"Lantern"},{"floor":12.0,"key":"Bag of Marbles"},{"floor":19.0,"key":"Red Mask"},{"floor":20.0,"key":"Enchiridion"}],"event_choices":[{"damage_healed":0.0,"max_hp_gain":0.0,"max_hp_loss":0.0,"gold_gain":0.0,"event_name":"Liars Game","player_choice":"Ignored","floor":4.0,"gold_loss":0.0,"damage_taken":0.0},{"damage_healed":0.0,"max_hp_gain":0.0,"max_hp_loss":0.0,"gold_gain":0.0,"event_name":"Masked Bandits","player_choice":"Fought Bandits","floor":19.0,"gold_loss":0.0,"damage_taken":0.0},{"damage_healed":0.0,"max_hp_gain":0.0,"max_hp_loss":0.0,"gold_gain":0.0,"event_name":"Cursed Tome","player_choice":"Obtained Book","floor":20.0,"gold_loss":0.0,"damage_taken":21.0},{"damage_healed":0.0,"max_hp_gain":0.0,"max_hp_loss":0.0,"gold_gain":0.0,"event_name":"WeMeetAgain","player_choice":"Gave Potion","floor":22.0,"gold_loss":0.0,"damage_taken":0.0,"relics_obtained":["Darkstone Periapt"]}],"is_beta":false,"boss_relics":[{"not_picked":["Astrolabe","Velvet Choker"],"picked":"SlaversCollar"}],"items_purged_floors":[],"is_endless":false,"potions_floor_spawned":[3,5,7,12,16,18],"killed_by":"Book of Stabbing","ascension_level":20}}