{"host":"yiit85oc4oi3nqs8","time":1609936319,"event":{"mods":["AchievementEnabler","BaseMod","Better Third Choice","Block Reminder","DeckTracker","Highlight Path","Keyboard Shortcuts","Minty Spire (QoL Compilation)","MonsterHotkey","Quick Restart","Random Character Button","Relic Stats","StSLib"],"gold_per_floor":[110,110,110,129,129,144,162,107,128,53,53,97,97,97,111,11,11,11,11,64,64,64,77,121,121,144,144,144,144],"floor_reached":28,"playtime":606,"items_purged":["Strike_B","Strike_B"],"score":382,"play_id":"7a98fa48-402d-4a95-8c2e-b9bbeaec5eae","local_time":"20210106213159","is_ascension_mode":true,"campfire_choices":[{"data":"Zap","floor":11,"key":"SMITH"},{"data":"Dualcast","floor":13,"key":"SMITH"},{"data":"Conserve Battery","floor":17,"key":"SMITH"},{"data":"Coolheaded","floor":19,"key":"SMITH"}],"circlet_count":0,"master_deck":["AscendersBane","Defend_B","Defend_B","Defend_B","Defend_B","Zap+1","Dualcast+1","Streamline","Conserve Battery+1","Coolheaded+1","Gash","Glacier"],"relics":["Cracked Core","TungstenRod","Golden Idol","Ancient Tea Set","Potion Belt","Letter Opener","Toy Ornithopter"],"acts_visited":["Exordium"],"potions_floor_usage":[7,12,12,28],"damage_taken":[{"damage":7,"enemies":"Small Slimes","floor":1,"turns":4},{"damage":0,"enemies":"2 Louse","floor":4,"turns":1},{"damage":7,"enemies":"Jaw Worm","floor":6,"turns":3},{"damage":0,"enemies":"Lots of Slimes","floor":7,"turns":3},{"damage":1,"enemies":"2 Fungi Beasts","floor":9,"turns":3},{"damage":3,"enemies":"Gremlin Nob","floor":12,"turns":3},{"damage":10,"enemies":"Large Slime","floor":15,"turns":5},{"damage":0,"enemies":"Red Slaver","floor":23,"turns":3},{"damage":0,"enemies":"Lagavulin","floor":24,"turns":7},{"damage":0,"enemies":"3 Louse","floor":26,"turns":3},{"damage":39,"enemies":"Gremlin Nob","floor":28,"turns":3}],"seed_played":"7312761178860155263","potions_obtained":[{"floor":4,"key":"LiquidMemories"},{"floor":7,"key":"PowerPotion"},{"floor":9,"key":"EssenceOfDarkness"},{"floor":23,"key":"Strength Potion"},{"floor":26,"key":"SteroidPotion"}],"is_trial":false,"path_per_floor":["M","?","?","M","?","M","M","$","M","?","R","E","R","$","M","$","R","?","R","T","T","?","M","E","?","M","$","E"],"character_chosen":"DEFECT","items_purchased":["Gash"],"campfire_rested":0,"item_purchase_floors":[8],"current_hp_per_floor":[57,57,57,57,51,44,44,44,43,43,43,40,40,40,30,30,30,30,30,30,30,28,28,28,28,28,28,0,0],"gold":144,"neow_bonus":"ONE_RARE_RELIC","is_daily":false,"chose_seed":false,"campfire_upgraded":4,"win_rate":0.0,"timestamp":1609936319,"path_taken":["M","?","?","M","?","M","?","?","M","?","R","E","R","$","M","$","R","?","R","T","T","?","?","E","?","M","$","E"],"items_purchased_type":["Card"],"build_version":"2020-12-22","purchased_purges":2,"victory":false,"max_hp_per_floor":[64,58,58,58,58,58,58,58,58,58,58,58,58,58,58,58,58,58,58,58,58,58,58,58,58,58,58,58,58],"relic_stats":{"counters":[11,38],"Golden Idol":44,"Letter Opener":[49],"obtain_stats":[{"Potion Belt":20,"Golden Idol":2,"Letter Opener":21,"Cracked Core":0,"Ancient Tea Set":12,"TungstenRod":0,"Toy Ornithopter":24},{"Potion Belt":7,"Golden Idol":1,"Letter Opener":7,"Cracked Core":0,"Ancient Tea Set":6,"TungstenRod":0,"Toy Ornithopter":9},{"Potion Belt":22,"Golden Idol":4,"Letter Opener":22,"Cracked Core":0,"Ancient Tea Set":17,"TungstenRod":0,"Toy Ornithopter":32}],"TungstenRod":14,"Toy Ornithopter":5},"card_choices":[{"not_picked":["Steam","Sweeping Beam"],"picked":"Streamline","floor":1},{"not_picked":["Turbo","Redo"],"picked":"Conserve Battery","floor":4},{"not_picked":["White Noise","Sweeping Beam","Redo"],"picked":"SKIP","floor":6},{"not_picked":["BootSequence","Sweeping Beam"],"picked":"Coolheaded","floor":7},{"not_picked":["Redo","White Noise","Force Field"],"picked":"SKIP","floor":9},{"not_picked":["Beam Cell","Aggregate","Skim"],"picked":"SKIP","floor":12},{"not_picked":["Reprogram","Redo","Heatsinks"],"picked":"SKIP","floor":15},{"not_picked":["Streamline","Beam Cell"],"picked":"Glacier","floor":23},{"not_picked":["Conserve Battery","Steam Power","Core Surge"],"picked":"SKIP","floor":24},{"not_picked":["Streamline","Cold Snap","Recycle"],"picked":"SKIP","floor":26}],"player_experience":485496,"relics_obtained":[{"floor":12,"key":"Ancient Tea Set"},{"floor":20,"key":"Potion Belt"},{"floor":21,"key":"Letter Opener"},{"floor":24,"key":"Toy Ornithopter"}],"event_choices":[{"damage_healed":0,"gold_gain":0,"player_choice":"Lose Max HP","damage_taken":0,"relics_obtained":["Golden Idol"],"max_hp_gain":0,"max_hp_loss":6,"event_name":"Golden Idol","floor":2,"gold_loss":0},{"damage_healed":0,"gold_gain":0,"player_choice":"Ignored","damage_taken":110,"max_hp_gain":0,"max_hp_loss":0,"event_name":"betterThird:BetterSerpent","floor":3,"gold_loss":0},{"cards_removed":["Strike_B"],"damage_healed":0,"gold_gain":0,"player_choice":"Card Removal","damage_taken":7,"max_hp_gain":0,"max_hp_loss":0,"event_name":"Golden Wing","floor":5,"gold_loss":0},{"cards_removed":["Strike_B"],"damage_healed":0,"gold_gain":0,"player_choice":"Forget","damage_taken":0,"max_hp_gain":0,"max_hp_loss":0,"event_name":"Living Wall","floor":18,"gold_loss":0},{"damage_healed":0,"gold_gain":0,"player_choice":"Bought 0 Potions","damage_taken":0,"max_hp_gain":0,"max_hp_loss":0,"event_name":"The Woman in Blue","floor":22,"gold_loss":0}],"is_beta":false,"boss_relics":[],"items_purged_floors":[10,16],"is_endless":false,"potions_floor_spawned":[4,7,9,23,26],"killed_by":"Gremlin Nob","ascension_level":18}}