{"host":"byfc0n0a1d7t61kp","time":1609949247,"event":{"mods":["BaseMod","Bestiary","Better Third Choice","BetterRewards","Colored Powertips","Conspire","Curses Come First","Downfall","Evolution","Hubris","Infinite Spire","Minty Spire (QoL Compilation)","Quick Restart","Replay The Spire","Shop Mod","Spicy Shops","StSLib","Synergy Search"],"gold_per_floor":[110,110,110,124,141,169,181,213,239,274,53,53,67,99,99,200,200,220,236,236,251,273,312,312,314,314,346,271,287,293,293],"floor_reached":30,"playtime":3531,"items_purged":[],"score":527,"play_id":"cb9a4c9c-dd83-4e99-866d-90c632407e51","local_time":"20210106170727","is_ascension_mode":true,"campfire_choices":[{"floor":12,"key":"REST"},{"data":"Enlightenment","floor":12,"key":"SMITH"},{"floor":15,"key":"REST"},{"data":"ForeignInfluence","floor":15,"key":"SMITH"},{"floor":24,"key":"REST"},{"data":"infinitespire:UltimateForm","floor":24,"key":"SMITH"}],"circlet_count":0,"master_deck":["Cold Snap","Zap","Dualcast","Leap","conspire:SharedLibrary","ForeignInfluence+1","Sweeping Beam","Chill","BasicCrystalCard","Leap","Conserve Battery","Genetic Algorithm","Enlightenment+1","Crystallizer","Ball Lightning","White Noise","Conserve Battery","Echo Form","conspire:Rain","hubris:PowerSurge","Glacier","Hyperbeam","Loop","Rebound","Barrage","Gash","infinitespire:Fortify","infinitespire:UltimateForm+1","Reinforced Body","Streamline","Heatsinks","Gash","Go for the Eyes"],"relics":["Cracked Core","EVO:Axolotl","infinitespire:Magic Flask","hubris:Reverence","infinitespire:PuzzleCube","ReplayTheSpireMod:Lightbulb","Gambling Chip","hubris:RGBLights","infinitespire:Midas Blood","Pandora\u0027s Box","Incense Burner","Ice Cream","hubris:64BitClover"],"acts_visited":["Exordium","TheCity"],"potions_floor_usage":[8,14,16,22,30,30],"damage_taken":[{"damage":0,"enemies":"Cultist","floor":1,"turns":3},{"damage":0,"enemies":"Jaw Worm","floor":4,"turns":3},{"damage":0,"enemies":"2 Louse","floor":5,"turns":1},{"damage":9,"enemies":"Replay:BlueRogue","floor":6,"turns":7},{"damage":5,"enemies":"Looter","floor":7,"turns":4},{"damage":36,"enemies":"Gremlin Nob","floor":8,"turns":5},{"damage":8,"enemies":"3 Sentries","floor":10,"turns":6},{"damage":0,"enemies":"Large Slime","floor":13,"turns":6},{"damage":19,"enemies":"conspire:MimicChest","floor":14,"turns":5},{"damage":11,"enemies":"Fading Forest","floor":16,"turns":11},{"damage":0,"enemies":"Spheric Guardian","floor":18,"turns":5},{"damage":0,"enemies":"Chosen","floor":19,"turns":4},{"damage":6,"enemies":"Snake Plant","floor":21,"turns":5},{"damage":15,"enemies":"Cultist and Chosen","floor":22,"turns":10},{"damage":18,"enemies":"Replay:Snechameleon","floor":23,"turns":6},{"damage":18,"enemies":"Book of Stabbing","floor":27,"turns":6},{"damage":0,"enemies":"Snecko","floor":29,"turns":4},{"damage":17,"enemies":"Snake Plant","floor":30,"turns":3}],"seed_played":"3617678927247913901","potions_obtained":[{"floor":1,"key":"Guardian:BlockOnCardUsePotion"},{"floor":6,"key":"PotionOfCapacity"},{"floor":10,"key":"champ:CounterPotion"},{"floor":21,"key":"Elixir"},{"floor":23,"key":"sneckomod:MuddlingPotion"},{"floor":29,"key":"SkillPotion"}],"is_trial":false,"path_per_floor":["M","?","?","M","M","E","M","E","T","E","$","R","M","?","R","B",null,"M","M","AVR","M","M","E","R","?","T","E","?","M","M"],"character_chosen":"DEFECT","items_purchased":["infinitespire:Magic Flask","Leap","Enlightenment","Crystallizer","Ball Lightning"],"campfire_rested":3,"item_purchase_floors":[0,0,11,11,11],"current_hp_per_floor":[68,59,59,59,59,50,45,9,9,1,1,23,23,4,26,33,65,65,65,65,59,44,26,48,34,34,16,16,16,0,0],"gold":293,"neow_bonus":"","is_daily":false,"chose_seed":false,"campfire_upgraded":3,"win_rate":0.0,"timestamp":1609949247,"path_taken":["M","?","?","M","M","E","M","E","T","E","$","R","M","?","R","BOSS","M","M","AVR","M","M","E","R","?","T","E","?","M","?"],"items_purchased_type":["Relic","Card","Card","Card","Card"],"build_version":"2020-12-22","purchased_purges":0,"victory":false,"max_hp_per_floor":[75,75,75,75,75,75,75,75,75,75,75,75,75,75,75,75,75,75,75,75,75,75,75,75,80,80,80,80,80,80,80],"card_choices":[{"not_picked":["Consume","Beam Cell"],"picked":"conspire:SharedLibrary","floor":1},{"not_picked":["Heatsinks","Coolheaded"],"picked":"Sweeping Beam","floor":4},{"not_picked":["Redo","Rebound"],"picked":"Chill","floor":5},{"not_picked":["Multi-Cast","Hologram"],"picked":"BasicCrystalCard","floor":6},{"not_picked":["Turbo","Hello World"],"picked":"Leap","floor":7},{"not_picked":["Go for the Eyes","BasicCrystalCard"],"picked":"Conserve Battery","floor":8},{"not_picked":["Steam","BasicCrystalCard"],"picked":"Genetic Algorithm","floor":10},{"not_picked":["conspire:Rain","Conserve Battery"],"picked":"White Noise","floor":13},{"not_picked":["Barrage","Beam Cell"],"picked":"Conserve Battery","floor":14},{"not_picked":["Core Surge","Mirror Shield"],"picked":"Echo Form","floor":16},{"not_picked":["Undo+1","Cold Snap"],"picked":"Barrage","floor":18},{"not_picked":["Conserve Battery","Cold Snap+1"],"picked":"Gash","floor":19},{"not_picked":["Tempest","Panic Button"],"picked":"Reinforced Body","floor":21},{"not_picked":["Chaos","Redo"],"picked":"Streamline","floor":22},{"not_picked":["Undo","ReplayTheSpireMod:Repulse"],"picked":"Heatsinks","floor":23},{"not_picked":["ReplayTheSpireMod:Dual Polarity","ReplayTheSpireMod:Repulse+1"],"picked":"Gash","floor":27},{"not_picked":["hubris:Ukulele","Turbo"],"picked":"Go for the Eyes","floor":29}],"player_experience":348580,"relics_obtained":[{"floor":6,"key":"ReplayTheSpireMod:Lightbulb"},{"floor":8,"key":"Gambling Chip"},{"floor":10,"key":"hubris:RGBLights"},{"floor":14,"key":"infinitespire:Midas Blood"},{"floor":23,"key":"Incense Burner"},{"floor":26,"key":"Ice Cream"},{"floor":27,"key":"hubris:64BitClover"}],"event_choices":[{"damage_healed":0,"gold_gain":0,"player_choice":"Shed Blood","damage_taken":19,"max_hp_gain":5,"max_hp_loss":0,"event_name":"Forgotten Altar","floor":25,"gold_loss":0},{"cards_removed":["hubris:PowerSurge"],"damage_healed":0,"gold_gain":0,"player_choice":"Gave Gold","damage_taken":0,"max_hp_gain":0,"max_hp_loss":0,"event_name":"Beggar","floor":28,"gold_loss":75}],"is_beta":false,"boss_relics":[{"not_picked":["Runic Dome","ChewingGum"],"picked":"Pandora\u0027s Box"}],"items_purged_floors":[],"is_endless":false,"potions_floor_spawned":[1,6,10,21,23,29],"killed_by":"Snake Plant","ascension_level":7}}