{"host":"pf47v7h0307523iy","time":1609960951,"event":{"mods":["BaseMod","Minty Spire (QoL Compilation)"],"gold_per_floor":[114,39,39,55,73,103,103,130,182,257,277,316,316,351,351,437,437,437,97,97,121,140,140,167,167,245,245,281,281,313,338,338,420,420,435,435,435],"floor_reached":36,"playtime":3208,"items_purged":["Strike_P"],"score":1117,"play_id":"e0adcee0-dcdf-4086-b637-4f3e0d3f4dcc","local_time":"20210106212231","is_ascension_mode":true,"campfire_choices":[{"data":"Eruption","floor":7.0,"key":"SMITH"},{"floor":15,"key":"REST"},{"data":"MentalFortress","floor":23,"key":"SMITH"},{"floor":25,"key":"REST"},{"data":"Adaptation","floor":27,"key":"SMITH"},{"data":"Meditate","floor":32,"key":"SMITH"}],"circlet_count":0,"master_deck":["AscendersBane","Strike_P","Strike_P","Defend_P","Defend_P","Defend_P","Defend_P","Eruption+1","Vigilance","BowlingBash","Evaluate","LikeWater","SandsOfTime+1","MentalFortress+1","Adaptation+1","Evaluate","TalkToTheHand+1","Vault","Consecrate","Finesse","FlurryOfBlows","Crescendo","ClearTheMind","FlurryOfBlows","Tantrum+1","Meditate+1","Establishment"],"relics":["PureWater","InkBottle","Toy Ornithopter","Potion Belt","Odd Mushroom","CeramicFish","Whetstone","VioletLotus","Orrery","Calipers","Matryoshka","Pear","Tiny Chest","SlaversCollar"],"acts_visited":["Exordium","TheCity","TheBeyond"],"potions_floor_usage":[14,16,16,18,24,28,33],"damage_taken":[{"damage":0.0,"enemies":"Cultist","floor":1.0,"turns":3.0},{"damage":0.0,"enemies":"Jaw Worm","floor":4.0,"turns":4.0},{"damage":0.0,"enemies":"2 Louse","floor":5.0,"turns":2.0},{"damage":11.0,"enemies":"3 Sentries","floor":6.0,"turns":14.0},{"damage":17.0,"enemies":"Gremlin Nob","floor":8.0,"turns":3.0},{"damage":0.0,"enemies":"The Mushroom Lair","floor":11.0,"turns":4.0},{"damage":25.0,"enemies":"Lagavulin","floor":12.0,"turns":4.0},{"damage":16,"enemies":"Gremlin Nob","floor":14,"turns":3},{"damage":0,"enemies":"The Guardian","floor":16,"turns":9},{"damage":0,"enemies":"3 Byrds","floor":18,"turns":2},{"damage":5,"enemies":"Shell Parasite","floor":21,"turns":6},{"damage":4,"enemies":"Centurion and Healer","floor":22,"turns":6},{"damage":52,"enemies":"Gremlin Leader","floor":24,"turns":6},{"damage":3,"enemies":"Book of Stabbing","floor":28,"turns":5},{"damage":0,"enemies":"Gremlin Leader","floor":30,"turns":4},{"damage":0,"enemies":"Chosen and Byrds","floor":31,"turns":5},{"damage":34,"enemies":"Automaton","floor":33,"turns":7},{"damage":45,"enemies":"Orb Walker","floor":35,"turns":4},{"damage":37,"enemies":"2 Orb Walkers","floor":36,"turns":2}],"seed_played":"1821764205359417707","potions_obtained":[{"floor":8.0,"key":"Energy Potion"},{"floor":12.0,"key":"Strength Potion"},{"floor":13.0,"key":"CultistPotion"},{"floor":13.0,"key":"SmokeBomb"},{"floor":14,"key":"Ambrosia"},{"floor":16,"key":"EssenceOfSteel"},{"floor":24,"key":"BottledMiracle"},{"floor":28,"key":"Dexterity Potion"}],"is_trial":false,"path_per_floor":["M","?","?","M","M","E","R","E","T","?","?","E","?","E","R","B",null,"M","$","T","M","M","R","E","R","T","R","E","?","E","M","R","B",null,"M","?"],"character_chosen":"WATCHER","items_purchased":["Consecrate","Finesse","Orrery"],"campfire_rested":2,"item_purchase_floors":[19,19,19],"current_hp_per_floor":[67,67,72,72,72,61,61,44,44,33,33,13,13,2,25,35,68,73,73,73,68,64,64,17,40,40,40,52,52,52,52,52,23,73,28,0,0],"gold":435,"neow_bonus":"TEN_PERCENT_HP_BONUS","is_daily":false,"chose_seed":false,"campfire_upgraded":4,"win_rate":0.0,"timestamp":1609960951,"path_taken":["M","?","?","M","M","E","R","E","T","?","?","E","?","E","R","BOSS","M","$","?","M","M","R","E","R","T","R","E","?","E","M","R","BOSS","M","?"],"items_purchased_type":["Card","Card","Relic"],"build_version":"2020-12-22","purchased_purges":1,"victory":false,"max_hp_per_floor":[74,74,79,79,79,79,79,79,79,79,79,79,79,79,79,79,79,79,79,79,79,79,79,79,79,79,79,89,89,89,89,89,89,89,89,89,89],"card_choices":[{"not_picked":["Protect","FlyingSleeves"],"picked":"BowlingBash","floor":1.0},{"not_picked":["EmptyBody","Adaptation"],"picked":"Evaluate","floor":4.0},{"not_picked":["Perseverance","FollowUp"],"picked":"LikeWater","floor":5.0},{"not_picked":["Protect","Fasting2"],"picked":"SandsOfTime","floor":6.0},{"not_picked":["CrushJoints","WreathOfFlame"],"picked":"MentalFortress","floor":8.0},{"not_picked":["BowlingBash","Vengeance"],"picked":"Adaptation","floor":11.0},{"not_picked":["Prostrate","WheelKick"],"picked":"Evaluate","floor":12.0},{"not_picked":["Alpha","Halt"],"picked":"TalkToTheHand","floor":14},{"not_picked":["Brilliance","Ragnarok"],"picked":"Vault","floor":16},{"not_picked":["ConjureBlade","Wallop"],"picked":"FlurryOfBlows","floor":19},{"not_picked":["FollowUp","BattleHymn"],"picked":"Crescendo","floor":19},{"not_picked":["DeceiveReality","FollowUp"],"picked":"ClearTheMind","floor":19},{"not_picked":["EmptyBody","FlyingSleeves"],"picked":"FlurryOfBlows","floor":21},{"not_picked":["SandsOfTime","Nirvana","Evaluate"],"picked":"SKIP","floor":22},{"not_picked":["CarveReality","BattleHymn","Weave"],"picked":"SKIP","floor":24},{"not_picked":["Perseverance","EmptyBody"],"picked":"Tantrum+1","floor":28},{"not_picked":["ThirdEye","JustLucky","Prostrate"],"picked":"SKIP","floor":30},{"not_picked":["Study+1","WheelKick"],"picked":"Meditate","floor":31},{"not_picked":["Omniscience","Devotion"],"picked":"Establishment","floor":33},{"not_picked":["FollowUp+1","CrushJoints","Vengeance"],"picked":"SKIP","floor":35}],"player_experience":1590897,"relics_obtained":[{"floor":6.0,"key":"InkBottle"},{"floor":8.0,"key":"Toy Ornithopter"},{"floor":9.0,"key":"Potion Belt"},{"floor":11.0,"key":"Odd Mushroom"},{"floor":12.0,"key":"CeramicFish"},{"floor":14,"key":"Whetstone"},{"floor":24,"key":"Calipers"},{"floor":26,"key":"Matryoshka"},{"floor":28,"key":"Pear"},{"floor":30,"key":"Tiny Chest"}],"event_choices":[{"cards_removed":["Strike_P"],"damage_healed":0.0,"max_hp_gain":0.0,"max_hp_loss":0.0,"gold_gain":0.0,"event_name":"The Cleric","player_choice":"Card Removal","floor":2.0,"gold_loss":75.0,"damage_taken":0.0},{"damage_healed":0.0,"max_hp_gain":5.0,"max_hp_loss":0.0,"gold_gain":0.0,"event_name":"Big Fish","player_choice":"Donut","floor":3.0,"gold_loss":0.0,"damage_taken":0.0},{"damage_healed":0.0,"max_hp_gain":0.0,"max_hp_loss":0.0,"gold_gain":75.0,"event_name":"World of Goop","player_choice":"Gather Gold","floor":10.0,"gold_loss":0.0,"damage_taken":11.0},{"damage_healed":0.0,"max_hp_gain":0.0,"max_hp_loss":0.0,"gold_gain":0.0,"event_name":"Mushrooms","player_choice":"Fought Mushrooms","floor":11.0,"gold_loss":0.0,"damage_taken":0.0},{"damage_healed":0.0,"max_hp_gain":0.0,"max_hp_loss":0.0,"gold_gain":0.0,"event_name":"Lab","player_choice":"Got Potions","floor":13.0,"gold_loss":0.0,"damage_taken":0.0},{"damage_healed":0,"gold_gain":0,"player_choice":"Ignored","damage_taken":0,"max_hp_gain":0,"max_hp_loss":0,"event_name":"Vampires","floor":29,"gold_loss":0},{"damage_healed":0,"gold_gain":0,"player_choice":"Fight","damage_taken":0,"max_hp_gain":0,"max_hp_loss":0,"event_name":"Mysterious Sphere","floor":36,"gold_loss":0}],"is_beta":false,"boss_relics":[{"not_picked":["Tiny House","Runic Pyramid"],"picked":"VioletLotus"},{"not_picked":["Velvet Choker","Fusion Hammer"],"picked":"SlaversCollar"}],"items_purged_floors":[19],"is_endless":false,"potions_floor_spawned":[8,12,14,16,18,24,28],"killed_by":"2 Orb Walkers","ascension_level":20}}