{"host":"9n6i2vl93jt4o42q","time":1609895253,"event":{"mods":["BaseMod","Downfall","Minty Spire (QoL Compilation)","Relic Stats","StSLib"],"gold_per_floor":[99,110,128,139,239,239,290,305,322,351,368,382,407,424,528,755,755,605,782,210,282,282,430,430,520,761,761,931,931,506,356,475,666,666,666,712,900,900,201,262,262,187,43,43,43,43,43,58,90,113,113,153,3,3,4],"floor_reached":56,"playtime":6145,"items_purged":["sneckomod:Strike","sneckomod:Defend","sneckomod:Defend","sneckomod:Defend"],"score":1399,"play_id":"58d319dd-a3b5-4b57-8eb7-0a07fbf3fb57","local_time":"20210106020733","is_ascension_mode":true,"campfire_choices":[{"data":"sneckomod:SnekBite","floor":1,"key":"SMITH"},{"floor":6,"key":"RECALL"},{"data":"sneckomod:GlitteringGambit","floor":18,"key":"SMITH"},{"floor":27,"key":"REST"},{"floor":35,"key":"DIG"},{"floor":42,"key":"DIG"},{"data":"Apotheosis","floor":44,"key":"SMITH"},{"floor":54,"key":"REST"}],"circlet_count":0,"master_deck":["sneckomod:Strike+1","sneckomod:TailWhip","sneckomod:SnekBite+1","sneckomod:Unknown","sneckomod:Unknown","sneckomod:QuickBite","sneckomod:Nope","sneckomod:QuickMove","sneckomod:IronFang+1","sneckomod:Restock","sneckomod:UnknownStrength","sneckomod:RainOfDice","sneckomod:DiceBlock","sneckomod:UnknownUncommonSkill","sneckomod:GlitteringGambit+1","sneckomod:UnknownWeak","sneckomod:Mudshield","sneckomod:UnknownVulnerable+1","sneckomod:CheapStock+1","Apotheosis+1","sneckomod:QuickBite","sneckomod:SoulCleanse","Necronomicurse","sneckomod:Unknown1Cost+1","sneckomod:SoulDraw+1","sneckomod:Transmogrify","sneckomod:UnknownRareAttack","sneckomod:CheapStock","Ghostly","sneckomod:SoulDraw+1","sneckomod:Cheat","sneckomod:MasterEye","expansioncontent:BronzeBeam","expansioncontent:Collect","sneckomod:UnknownDexterity+1","sneckomod:MasterEye","sneckomod:UnknownBlock+1","sneckomod:SlitherStrike","sneckomod:PureSnecko+1","sneckomod:UnknownX+1","sneckomod:SoulDraw+1"],"relics":["sneckomod:SneckoSoul","Whetstone","downfall:HeartBlessingRed","downfall:HeartBlessingGreen","Necronomicon","FossilizedHelix","Ornamental Fan","Red Mask","Akabeko","Bag of Marbles","Shovel","Pen Nib","Dream Catcher","Singing Bowl","Nunchaku","Sozu","Regal Pillow","Question Card","sneckomod:UnknownEgg","Philosopher\u0027s Stone","downfall:HeartBlessingBlue","Strawberry","Sling","Sundial"],"acts_visited":["Exordium","TheCity","TheBeyond","TheEnding"],"potions_floor_usage":[16,32,50,55],"damage_taken":[{"damage":0,"enemies":"Small Slimes","floor":2,"turns":2},{"damage":0,"enemies":"Cultist","floor":3,"turns":2},{"damage":0,"enemies":"2 Louse","floor":4,"turns":1},{"damage":3,"enemies":"2 Fungi Beasts","floor":8,"turns":3},{"damage":3,"enemies":"Exordium Wildlife","floor":9,"turns":4},{"damage":8,"enemies":"Gremlin Nob","floor":10,"turns":3},{"damage":0,"enemies":"2 Fungi Beasts","floor":11,"turns":2},{"damage":5,"enemies":"Blue Slaver","floor":12,"turns":3},{"damage":5,"enemies":"3 Sentries","floor":13,"turns":5},{"damage":3,"enemies":"Exordium Wildlife","floor":14,"turns":4},{"damage":24,"enemies":"Large Slime","floor":15,"turns":5},{"damage":13,"enemies":"downfall:Watcher","floor":16,"turns":15},{"damage":14,"enemies":"Spheric Guardian","floor":19,"turns":4},{"damage":0,"enemies":"downfall:FleeingMerchant","floor":20,"turns":4},{"damage":0,"enemies":"Chosen","floor":21,"turns":5},{"damage":16,"enemies":"Colosseum Nobs","floor":23,"turns":4},{"damage":21,"enemies":"Masked Bandits","floor":25,"turns":3},{"damage":5,"enemies":"Book of Stabbing","floor":26,"turns":7},{"damage":13,"enemies":"Centurion and Healer","floor":28,"turns":3},{"damage":0,"enemies":"downfall:FleeingMerchant","floor":30,"turns":4},{"damage":22,"enemies":"Shelled Parasite and Fungi","floor":32,"turns":6},{"damage":0,"enemies":"downfall:Ironclad","floor":33,"turns":6},{"damage":0,"enemies":"Orb Walker","floor":36,"turns":2},{"damage":33,"enemies":"3 Shapes","floor":37,"turns":5},{"damage":0,"enemies":"downfall:FleeingMerchant","floor":39,"turns":3},{"damage":0,"enemies":"Jaw Worm Horde","floor":40,"turns":3},{"damage":0,"enemies":"Maw","floor":48,"turns":6},{"damage":0,"enemies":"Transient","floor":49,"turns":5},{"damage":64,"enemies":"downfall:Silent","floor":50,"turns":9},{"damage":46,"enemies":"downfall:CharBossMerchant","floor":52,"turns":6},{"damage":89,"enemies":"downfall:NeowBoss","floor":55,"turns":19}],"seed_played":"-921542647616775764","potions_obtained":[{"floor":3,"key":"LiquidMemories"},{"floor":4,"key":"AttackPotion"},{"floor":8,"key":"Guardian:BlockOnCardUsePotion"},{"floor":16,"key":"SkillPotion"},{"floor":32,"key":"sneckomod:DiceRollPotion"}],"is_trial":false,"path_per_floor":["R","M","M","M","?","R","T","M","M","E","M","M","E","M","M","B",null,"R","M","$","M","?","?","T","?","E","R","M","?","$","?","M","B",null,"R","M","M","?","?","M","T","R","$","R","$","?","$","M","M","B",null,"E","$","R","B",null],"character_chosen":"THE_SNECKO","items_purchased":["Strange Spoon","InkBottle","Apotheosis","sneckomod:QuickBite","Sling","Pen Nib","Dream Catcher","sneckomod:CheapStock","HandDrill","Question Card","sneckomod:UnknownEgg","sneckomod:MasterEye","sneckomod:UnknownBlock+1","sneckomod:SlitherStrike","Oddly Smooth Stone"],"campfire_rested":2,"item_purchase_floors":[20,20,20,20,30,30,30,30,39,39,39,39,39,39,43],"current_hp_per_floor":[99,99,99,99,99,99,99,96,93,86,86,81,77,74,51,38,102,102,89,89,89,73,58,58,41,40,71,62,62,65,65,43,43,105,105,105,77,72,74,96,96,113,113,113,113,113,113,114,116,52,132,88,88,134,88],"gold":4,"neow_bonus":"TEN_PERCENT_HP_BONUS","is_daily":false,"chose_seed":false,"campfire_upgraded":3,"win_rate":0.0,"timestamp":1609895253,"path_taken":["R","M","M","M","?","R","T","M","M","E","M","M","E","?","M","BOSS","R","M","$","M","?","?","T","?","E","R","M","?","$","?","M","BOSS","R","M","M","?","?","M","T","R","$","R","?","?","$","?","M","BOSS","E","$","R","BOSS"],"items_purchased_type":["Relic","Relic","Card","Card","Relic","Relic","Relic","Card","Relic","Relic","Relic","Card","Card","Card","Relic"],"build_version":"2020-12-22","purchased_purges":4,"victory":true,"max_hp_per_floor":[99,99,99,99,99,99,99,99,99,100,100,100,101,101,102,102,102,102,103,103,103,103,104,104,104,104,104,104,104,105,105,105,105,105,105,105,110,110,112,112,112,129,129,129,129,129,129,130,132,132,132,134,134,134,134],"relic_stats":{"Regal Pillow":6,"Singing Bowl":6,"counters":[31,153],"Pen Nib":[20],"Whetstone":["sneckomod:Strike","sneckomod:IronFang"],"Question Card":11,"Sozu":2,"Dream Catcher":1,"Nunchaku":[17],"Shovel":2,"Ornamental Fan":[208],"Sundial":[4],"Necronomicon":[47],"obtain_stats":[{"Regal Pillow":35,"Singing Bowl":33,"downfall:HeartBlessingGreen":18,"Whetstone":10,"sneckomod:SneckoSoul":0,"Smiling Mask":7,"Sling":30,"Sozu":34,"Dream Catcher":30,"Nunchaku":33,"Shovel":30,"downfall:HeartBlessingBlue":42,"Sundial":52,"Strawberry":42,"Philosopher\u0027s Stone":17,"Necronomicon":22,"Red Mask":25,"HandDrill":39,"InkBottle":20,"downfall:HeartBlessingRed":18,"sneckomod:UnknownEgg":39,"Oddly Smooth Stone":43,"Pen Nib":30,"Question Card":39,"Akabeko":26,"Strange Spoon":20,"Ornamental Fan":23,"Bird Faced Urn":24,"Art of War":13,"Bag of Marbles":30,"FossilizedHelix":23},{"Regal Pillow":22,"Singing Bowl":22,"downfall:HeartBlessingGreen":12,"Whetstone":6,"sneckomod:SneckoSoul":0,"Smiling Mask":3,"Sling":20,"Sozu":22,"Dream Catcher":20,"Nunchaku":22,"Shovel":20,"downfall:HeartBlessingBlue":26,"Sundial":30,"Strawberry":26,"Philosopher\u0027s Stone":12,"Necronomicon":15,"Red Mask":17,"HandDrill":25,"InkBottle":14,"downfall:HeartBlessingRed":12,"sneckomod:UnknownEgg":25,"Oddly Smooth Stone":26,"Pen Nib":20,"Question Card":25,"Akabeko":18,"Strange Spoon":14,"Ornamental Fan":16,"Bird Faced Urn":16,"Art of War":9,"Bag of Marbles":20,"FossilizedHelix":16},{"Regal Pillow":95,"Singing Bowl":95,"downfall:HeartBlessingGreen":49,"Whetstone":15,"sneckomod:SneckoSoul":0,"Smiling Mask":5,"Sling":83,"Sozu":95,"Dream Catcher":83,"Nunchaku":95,"Shovel":83,"downfall:HeartBlessingBlue":108,"Sundial":134,"Strawberry":108,"Philosopher\u0027s Stone":49,"Necronomicon":62,"Red Mask":69,"HandDrill":105,"InkBottle":57,"downfall:HeartBlessingRed":49,"sneckomod:UnknownEgg":105,"Oddly Smooth Stone":108,"Pen Nib":83,"Question Card":105,"Akabeko":76,"Strange Spoon":57,"Ornamental Fan":66,"Bird Faced Urn":66,"Art of War":25,"Bag of Marbles":83,"FossilizedHelix":66}]},"card_choices":[{"not_picked":["sneckomod:UnknownClassSLIMEBOUND","sneckomod:SlitherStrike"],"picked":"sneckomod:QuickBite","floor":2},{"not_picked":["sneckomod:DefensiveFlair","sneckomod:DiceCrush"],"picked":"sneckomod:Nope","floor":3},{"not_picked":["sneckomod:Nope","sneckomod:UnknownCommonSkill"],"picked":"sneckomod:QuickMove","floor":4},{"not_picked":["sneckomod:UnknownVulnerable","sneckomod:UnknownDexterity"],"picked":"sneckomod:IronFang","floor":8},{"not_picked":["sneckomod:Unknown0Cost","sneckomod:QuickMove"],"picked":"sneckomod:Restock","floor":9},{"not_picked":["sneckomod:SerpentIdol","sneckomod:UnknownVulnerable"],"picked":"sneckomod:UnknownStrength","floor":10},{"not_picked":["sneckomod:UnknownStrength","sneckomod:Unknown0Cost"],"picked":"sneckomod:RainOfDice","floor":11},{"not_picked":["sneckomod:Unknown1Cost","sneckomod:UnknownClassGREEN"],"picked":"sneckomod:DiceBlock","floor":12},{"not_picked":["sneckomod:Unknown0Cost","sneckomod:UnknownWeak"],"picked":"sneckomod:UnknownUncommonSkill","floor":13},{"not_picked":["sneckomod:DiceBlock","sneckomod:QuickMove"],"picked":"sneckomod:GlitteringGambit","floor":14},{"not_picked":["sneckomod:Unknown2Cost","sneckomod:UnknownVulnerable"],"picked":"sneckomod:UnknownWeak","floor":15},{"not_picked":["sneckomod:UnlimitedRolls","sneckomod:SerpentMind"],"picked":"sneckomod:Mudshield","floor":16},{"not_picked":["sneckomod:UnknownEthereal","sneckomod:RainOfDice"],"picked":"sneckomod:UnknownVulnerable+1","floor":19},{"not_picked":["sneckomod:DiceCrush","sneckomod:UnknownClassGREEN"],"picked":"sneckomod:CheapStock+1","floor":20},{"not_picked":["sneckomod:MixItUp","sneckomod:Unknown1Cost+1"],"picked":"sneckomod:SoulCleanse","floor":21},{"not_picked":["sneckomod:DiceBoulder","sneckomod:IronFang"],"picked":"sneckomod:Unknown1Cost+1","floor":23},{"not_picked":["sneckomod:UnknownClassGREEN","sneckomod:QuickBite"],"picked":"sneckomod:SoulDraw+1","floor":25},{"not_picked":["sneckomod:Unknown1Cost","sneckomod:IronFang","sneckomod:UnknownUncommonPower"],"picked":"SKIP","floor":26},{"not_picked":["sneckomod:UnknownBlock","sneckomod:QuickBite"],"picked":"sneckomod:Transmogrify","floor":28},{"not_picked":["sneckomod:RainOfDice","sneckomod:UnknownX"],"picked":"sneckomod:UnknownRareAttack","floor":30},{"not_picked":["sneckomod:DiceBlock","sneckomod:DiceCrush"],"picked":"sneckomod:SoulDraw+1","floor":32},{"not_picked":["sneckomod:UnknownRarePower","sneckomod:Restock"],"picked":"sneckomod:Cheat","floor":33},{"not_picked":["sneckomod:UnknownStrike","sneckomod:Nope+1"],"picked":"sneckomod:MasterEye","floor":36},{"not_picked":["sneckomod:MasterEye","sneckomod:QuickMove+1","sneckomod:UnknownClassGREEN"],"picked":"Singing Bowl","floor":37},{"not_picked":["expansioncontent:DarkVoid","expansioncontent:GoopSpray"],"picked":"expansioncontent:BronzeBeam","floor":38},{"not_picked":["expansioncontent:Chronoboost","expansioncontent:HyperBeam"],"picked":"expansioncontent:Collect","floor":38},{"not_picked":["sneckomod:UnknownClassRED","sneckomod:QuickMove"],"picked":"sneckomod:UnknownDexterity+1","floor":39},{"not_picked":["sneckomod:WideSting","sneckomod:QuickBite","sneckomod:SnekBeam"],"picked":"sneckomod:PureSnecko+1","floor":40},{"not_picked":["sneckomod:UnknownClassPURPLE+1","sneckomod:PureSnecko+1","sneckomod:QuickBite+1"],"picked":"sneckomod:UnknownX+1","floor":48},{"not_picked":["sneckomod:IronFang","sneckomod:QuickBite+1","sneckomod:UnknownUncommonAttack+1","sneckomod:RainOfDice"],"picked":"Singing Bowl","floor":49},{"not_picked":["sneckomod:UnknownClassPURPLE+1","sneckomod:MixItUp+1","sneckomod:SoulRoll","sneckomod:UnknownStrike+1"],"picked":"Singing Bowl","floor":52},{"not_picked":["sneckomod:UnknownClassSLIMEBOUND+1","sneckomod:UnknownX+1","sneckomod:Unknown1Cost+1"],"picked":"sneckomod:SoulDraw+1","floor":54}],"player_experience":2142225,"relics_obtained":[{"floor":7,"key":"Smiling Mask"},{"floor":10,"key":"Whetstone"},{"floor":13,"key":"Art of War"},{"floor":22,"key":"Necronomicon"},{"floor":23,"key":"FossilizedHelix"},{"floor":23,"key":"Ornamental Fan"},{"floor":24,"key":"Bird Faced Urn"},{"floor":25,"key":"Red Mask"},{"floor":26,"key":"Akabeko"},{"floor":30,"key":"Bag of Marbles"},{"floor":30,"key":"Shovel"},{"floor":32,"key":"Sling"},{"floor":33,"key":"Singing Bowl"},{"floor":33,"key":"Nunchaku"},{"floor":33,"key":"Sling"},{"floor":35,"key":"Regal Pillow"},{"floor":36,"key":"Strange Spoon"},{"floor":37,"key":"Philosopher\u0027s Stone"},{"floor":40,"key":"Philosopher\u0027s Stone"},{"floor":42,"key":"Strawberry"},{"floor":48,"key":"Sling"},{"floor":49,"key":"Strange Spoon"},{"floor":52,"key":"Sundial"}],"event_choices":[{"damage_healed":0,"gold_gain":0,"player_choice":"Fought Bandits","damage_taken":0,"max_hp_gain":0,"max_hp_loss":0,"event_name":"Masked Bandits","floor":25,"gold_loss":0}],"is_beta":false,"boss_relics":[{"not_picked":["Fusion Hammer","Runic Dome"],"picked":"Philosopher\u0027s Stone"},{"not_picked":["SacredBark","SlaversCollar"],"picked":"Sozu"}],"items_purged_floors":[20,30,39,53],"is_endless":false,"potions_floor_spawned":[3,4,8,11,15,16,23,25,26,28,32,37,40],"ascension_level":2}}