{"host":"usrgk25etjl0nf5i","time":1609903745,"event":{"mods":["2.2 Compatiblity","BaseMod","Downfall","Hubris","Minty Spire (QoL Compilation)","StSLib","SuperFastMode"],"gold_per_floor":[0,13,0,12,12,12,12,0,0,19,46,46,46,46,46],"floor_reached":13,"playtime":492,"items_purged":[],"score":113,"play_id":"0b50a5f3-e617-44ce-baa2-9fa19bd5f72f","local_time":"20210105192905","is_ascension_mode":true,"campfire_choices":[{"data":"Slimebound:Split","floor":1,"key":"SMITH"},{"floor":6,"key":"RECALL"},{"data":"Slimebound:CorrosiveSpit","floor":9,"key":"SMITH"},{"data":"Slimebound:Darklings","floor":12,"key":"SMITH"}],"circlet_count":0,"master_deck":["Slimebound:Strike_Slimebound","Slimebound:Strike_Slimebound","Slimebound:Tackle","Slimebound:Defend_Slimebound","Slimebound:Defend_Slimebound","Slimebound:Defend_Slimebound","Slimebound:Defend_Slimebound","Slimebound:Split+1","Slimebound:CorrosiveSpit+1","Slimebound:Recycling","Slimebound:LeadByExample","Slimebound:LevelUp","Slimebound:SlimeTap","Slimebound:ComboTackle","Slimebound:SlimeTap","Slimebound:Darklings+1"],"relics":["Slimebound:AbsorbEndCombat","Anchor"],"acts_visited":["Exordium"],"potions_floor_usage":[11],"damage_taken":[{"damage":25,"enemies":"Cultist","floor":2,"turns":4},{"damage":35,"enemies":"downfall:FleeingMerchant","floor":3,"turns":4},{"damage":23,"enemies":"Jaw Worm","floor":4,"turns":4},{"damage":26,"enemies":"downfall:FleeingMerchant","floor":8,"turns":4},{"damage":8,"enemies":"Small Slimes","floor":10,"turns":3},{"damage":39,"enemies":"Gremlin Nob","floor":11,"turns":4},{"damage":26,"enemies":"3 Sentries","floor":13,"turns":3}],"seed_played":"-7247632202382005892","potions_obtained":[{"floor":10,"key":"PowerPotion"}],"is_trial":false,"path_per_floor":["R","M","$","M","?","R","T","$","R","M","E","R","E"],"character_chosen":"SLIMEBOUND","items_purchased":[],"campfire_rested":0,"item_purchase_floors":[],"current_hp_per_floor":[54,57,58,55,55,55,55,49,49,53,26,26,0,0,0],"gold":46,"neow_bonus":"THREE_RARE_CARDS","is_daily":false,"chose_seed":false,"campfire_upgraded":3,"win_rate":0.0,"timestamp":1609903745,"path_taken":["R","M","$","?","?","R","T","$","R","?","E","R","E"],"items_purchased_type":[],"build_version":"2020-12-22","purchased_purges":0,"victory":false,"max_hp_per_floor":[60,60,60,60,60,60,60,60,60,60,60,60,60,60,60],"card_choices":[{"not_picked":["Slimebound:OozeBath","Slimebound:Teamwork"],"picked":"Slimebound:Recycling","floor":0},{"not_picked":["Slimebound:ViciousTackle","Slimebound:SlimeSpikes"],"picked":"Slimebound:LeadByExample","floor":2},{"not_picked":["Slimebound:DivideAndConquer","Slimebound:LeechingTouch"],"picked":"Slimebound:LevelUp","floor":3},{"not_picked":["Slimebound:FinishingTackle","Slimebound:LivingWall"],"picked":"Slimebound:SlimeTap","floor":4},{"not_picked":["Slimebound:SplitBruiser","Slimebound:DivideAndConquer"],"picked":"Slimebound:ComboTackle","floor":8},{"not_picked":["Slimebound:ViciousTackle","Slimebound:DivideAndConquer"],"picked":"Slimebound:SlimeTap","floor":10},{"not_picked":["Slimebound:PressTheAttack","Slimebound:SplitSpecialist"],"picked":"Slimebound:Darklings","floor":11}],"player_experience":631020,"relics_obtained":[{"floor":11,"key":"Anchor"}],"event_choices":[{"cards_removed":["Slimebound:Strike_Slimebound"],"damage_healed":0,"gold_gain":0,"player_choice":"Purged","damage_taken":0,"max_hp_gain":0,"max_hp_loss":0,"event_name":"Purifier","floor":5,"gold_loss":0}],"is_beta":false,"boss_relics":[],"items_purged_floors":[],"is_endless":false,"potions_floor_spawned":[10],"killed_by":"3 Sentries","ascension_level":8}}