{"host":"fhwr1fuluf6086fh","time":1609911564,"event":{"mods":["2.2 Compatiblity","Act Like it!","BaseMod","Elementarium","Hermit","Minty Spire (QoL Compilation)","Robot Space Explorer","StSLib","The Blue Laboratory","The Caster","The Dragon Tamer","The Factory","The Hierophant","TheLocksmith"],"gold_per_floor":[130,49,112,142,28,133,170,225,225,292,346,309,358,388,388,460,460,491,372,372,372,32,32,64,64,64,107,162,8,57,19,19,90,90,127,170,221,221,6,24,5,5,5,44,73,73,73,92,92,92],"floor_reached":51,"playtime":24619,"items_purged":["Strike_R","Strike_R","Strike_R"],"score":1175,"play_id":"4d337277-c1f1-487d-a42f-083b9eba7c6d","local_time":"20210106003924","is_ascension_mode":true,"campfire_choices":[{"floor":15,"key":"REST"},{"data":"Armaments","floor":23,"key":"SMITH"},{"data":"Armaments","floor":25,"key":"SMITH"},{"data":"Uppercut","floor":32,"key":"SMITH"},{"data":"Fire Breathing","floor":42,"key":"SMITH"},{"data":"Evolve","floor":47,"key":"SMITH"},{"floor":49,"key":"REST"}],"circlet_count":0,"master_deck":["AscendersBane","Strike_R+1","Strike_R","Defend_R","Defend_R","Defend_R","Defend_R","Bash+1","HandOfGreed","Armaments+1","Evolve+1","Armaments+1","Searing Blow","Power Through","Uppercut+1","Clothesline","Uppercut","Fire Breathing+1","Headbutt","Disarm","Blind","Pommel Strike+1","Heavy Blade+1","Chrysalis","Heavy Blade+1","Heavy Blade+1","Fiend Fire+1","Sever Soul+1","Discovery","Uppercut+1","Pommel Strike+1","Pommel Strike+1","Fire Breathing","Inflame"],"relics":["Burning Blood","TungstenRod","Whetstone","MealTicket","Kunai","Lantern","Snecko Eye","Elementarium:HuntersSling","Elementarium:FlickeringLantern","Paper Frog","PreservedInsect","Bag of Preparation","Molten Egg 2","The Courier","Dream Catcher","Elementarium:ElementariumTrophy","Philosopher\u0027s Stone","Dead Branch","Lee\u0027s Waffle","InkBottle","Bottled Flame"],"acts_visited":["Exordium","Elementarium:Elementarium","TheBeyond"],"potions_floor_usage":[8,11,16,30,50,50],"damage_taken":[{"damage":0,"enemies":"Cultist","floor":1,"turns":3},{"damage":1,"enemies":"2 Louse","floor":3,"turns":4},{"damage":7,"enemies":"Jaw Worm","floor":4,"turns":4},{"damage":30,"enemies":"3 Sentries","floor":6,"turns":11},{"damage":0,"enemies":"2 Fungi Beasts","floor":7,"turns":4},{"damage":16,"enemies":"Gremlin Nob","floor":8,"turns":4},{"damage":0,"enemies":"3 Louse","floor":10,"turns":5},{"damage":37,"enemies":"Lagavulin","floor":11,"turns":9},{"damage":0,"enemies":"Blue Slaver","floor":14,"turns":4},{"damage":27,"enemies":"Hexaghost","floor":16,"turns":15},{"damage":0,"enemies":"Elementarium:2_ELEMENTALS","floor":18,"turns":2},{"damage":4,"enemies":"Elementarium:WarGolem","floor":24,"turns":2},{"damage":7,"enemies":"Elementarium:VoidCorruption","floor":27,"turns":5},{"damage":6,"enemies":"Elementarium:FIRE_NOBILITY","floor":28,"turns":6},{"damage":32,"enemies":"Elementarium:ElementalPortal","floor":30,"turns":6},{"damage":5,"enemies":"Elementarium:GolemEmperor","floor":33,"turns":11},{"damage":0,"enemies":"Orb Walker","floor":35,"turns":1},{"damage":11,"enemies":"3 Darklings","floor":36,"turns":8},{"damage":13,"enemies":"2 Orb Walkers","floor":37,"turns":3},{"damage":0,"enemies":"Transient","floor":40,"turns":5},{"damage":9,"enemies":"4 Shapes","floor":44,"turns":5},{"damage":1,"enemies":"Nemesis","floor":45,"turns":3},{"damage":27,"enemies":"Maw","floor":48,"turns":5},{"damage":20,"enemies":"Time Eater","floor":50,"turns":5}],"seed_played":"-5762082804773323991","potions_obtained":[{"floor":4,"key":"ElixirPotion"},{"floor":6,"key":"Weak Potion"},{"floor":10,"key":"blueLaboratory:Moonshine"},{"floor":14,"key":"ElixirPotion"},{"floor":16,"key":"Weak Potion"},{"floor":28,"key":"ColorlessPotion"},{"floor":33,"key":"blueLaboratory:HummingbirdPotion"}],"is_trial":false,"path_per_floor":["M","$","M","M","$","E","M","E","T","M","E","?","T","M","R","B",null,"M","?","?","?","$","R","E","R","T","M","E","$","E","$","R","B",null,"M","M","?","?","$","M","$","R","T","M","E","$","R","M","R","B",null],"character_chosen":"IRONCLAD","items_purchased":["Evolve","Power Through","PreservedInsect","Blind","Chrysalis","Heavy Blade+1","Lee\u0027s Waffle","Pommel Strike+1"],"campfire_rested":2,"item_purchase_floors":[2,5,22,22,29,31,39,41],"current_hp_per_floor":[68,68,68,67,67,43,49,39,39,45,14,14,14,20,40,19,56,62,62,62,62,68,68,68,68,68,67,67,68,42,57,57,58,66,68,63,56,56,75,75,75,75,75,72,75,75,75,54,75,61],"gold":92,"neow_bonus":"RANDOM_COLORLESS_2","is_daily":false,"chose_seed":false,"campfire_upgraded":5,"win_rate":0.0,"timestamp":1609911564,"path_taken":["M","$","M","M","$","E","?","E","T","M","E","?","?","M","R","BOSS","M","?","?","?","$","R","E","R","T","M","E","$","E","$","R","BOSS","M","M","?","?","$","M","$","R","T","M","E","$","R","M","R","BOSS"],"items_purchased_type":["Card","Card","Relic","Card","Card","Card","Relic","Card"],"build_version":"2020-12-22","purchased_purges":3,"victory":true,"max_hp_per_floor":[68,68,68,68,68,68,68,68,68,68,68,68,68,68,68,68,68,68,68,68,68,68,68,68,68,68,68,68,68,68,68,68,68,68,68,68,68,68,75,75,75,75,75,75,75,75,75,75,75,75],"card_choices":[{"not_picked":["Violence","Transmutation"],"picked":"HandOfGreed","floor":0},{"not_picked":["Pommel Strike","Iron Wave"],"picked":"Armaments","floor":1},{"not_picked":["Iron Wave","Infernal Blade"],"picked":"Armaments","floor":3},{"not_picked":["Iron Wave","Rupture"],"picked":"Searing Blow","floor":4},{"not_picked":["Shrug It Off","Warcry"],"picked":"Uppercut","floor":6},{"not_picked":["Twin Strike","Sword Boomerang"],"picked":"Clothesline","floor":7},{"not_picked":["Barricade","True Grit"],"picked":"Uppercut","floor":8},{"not_picked":["Perfected Strike","Reckless Charge"],"picked":"Fire Breathing","floor":10},{"not_picked":["Iron Wave","Havoc"],"picked":"Headbutt","floor":11},{"not_picked":["Dual Wield","Twin Strike"],"picked":"Disarm","floor":14},{"not_picked":["Feed","Impervious"],"picked":"Juggernaut","floor":16},{"not_picked":["Twin Strike","Cleave","Body Slam"],"picked":"SKIP","floor":18},{"not_picked":["Cleave","Headbutt","Clash"],"picked":"SKIP","floor":24},{"not_picked":["Flex","Seeing Red"],"picked":"Pommel Strike+1","floor":27},{"not_picked":["Entrench","Sentinel"],"picked":"Heavy Blade+1","floor":28},{"not_picked":["Thunderclap+1","Wild Strike+1"],"picked":"Heavy Blade+1","floor":30},{"not_picked":["Berserk","Brutality"],"picked":"Fiend Fire+1","floor":33},{"not_picked":["Wild Strike+1","Pummel+1","Rage+1"],"picked":"SKIP","floor":35},{"not_picked":["Evolve","Anger+1"],"picked":"Sever Soul+1","floor":36},{"not_picked":["Jack Of All Trades","Madness"],"picked":"Discovery","floor":38},{"not_picked":["Hemokinesis+1","Pommel Strike+1"],"picked":"Uppercut+1","floor":40},{"not_picked":["Headbutt+1","Reckless Charge+1"],"picked":"Pommel Strike+1","floor":44},{"not_picked":["Pummel+1","Infernal Blade"],"picked":"Fire Breathing","floor":45},{"not_picked":["Pommel Strike+1","Reaper+1"],"picked":"Inflame","floor":48}],"player_experience":1083824,"relics_obtained":[{"floor":6,"key":"TungstenRod"},{"floor":8,"key":"Whetstone"},{"floor":9,"key":"MealTicket"},{"floor":11,"key":"Kunai"},{"floor":13,"key":"Lantern"},{"floor":24,"key":"Bag of Preparation"},{"floor":26,"key":"Molten Egg 2"},{"floor":28,"key":"The Courier"},{"floor":30,"key":"Dream Catcher"},{"floor":37,"key":"Dead Branch"},{"floor":43,"key":"InkBottle"},{"floor":45,"key":"Bottled Flame"}],"event_choices":[{"damage_healed":0,"gold_gain":0,"player_choice":"Left Gold","damage_taken":0,"max_hp_gain":0,"max_hp_loss":0,"event_name":"World of Goop","floor":12,"gold_loss":37},{"damage_healed":0,"gold_gain":0,"player_choice":"Sling","damage_taken":0,"relics_obtained":["Elementarium:HuntersSling"],"max_hp_gain":0,"max_hp_loss":0,"event_name":"Elementarium:BigGameHunter","floor":19,"gold_loss":119},{"damage_healed":0,"gold_gain":0,"player_choice":"Take","damage_taken":0,"relics_obtained":["Elementarium:FlickeringLantern"],"max_hp_gain":0,"max_hp_loss":0,"event_name":"Elementarium:HeartOfTheVoid","floor":20,"gold_loss":0},{"cards_removed":["Juggernaut"],"damage_healed":0,"gold_gain":0,"player_choice":"Knowledge","damage_taken":0,"relics_obtained":["Paper Frog"],"max_hp_gain":0,"max_hp_loss":0,"event_name":"Elementarium:ShatteredPortal","floor":21,"gold_loss":0},{"damage_healed":0,"gold_gain":0,"player_choice":"Fight","damage_taken":0,"max_hp_gain":0,"max_hp_loss":0,"event_name":"Mysterious Sphere","floor":37,"gold_loss":0},{"damage_healed":0,"gold_gain":0,"player_choice":"Memory 1","damage_taken":0,"max_hp_gain":0,"max_hp_loss":0,"event_name":"SensoryStone","floor":38,"gold_loss":0}],"is_beta":false,"boss_relics":[{"not_picked":["SlaversCollar","Empty Cage"],"picked":"Snecko Eye"},{"not_picked":["Tiny House","Busted Crown"],"picked":"Philosopher\u0027s Stone"}],"items_purged_floors":[5,22,39],"is_endless":false,"potions_floor_spawned":[4,6,10,14,16,27,28,33,37,44,45],"ascension_level":14}}