{"host":"a7dhdzm3fda48fos","time":1609903662,"event":{"mods":["AchievementEnabler","AlwaysNeverKeys","BaseMod","Better Altar","Better Note","Better Sensory Stone","Better Skull","Better Third Choice","BetterRewards","Block Reminder","Colored Map","Displayed Cursed Tome","Gold Saver","Minty Spire (QoL Compilation)","Quick Restart","Relic Filter","Relic Sorter","Relic Stats","Remove Card Discount Mod","Shop Mod","Spicy Shops","StSLib"],"gold_per_floor":[235,235,335,181,194,194,224,224,273,293,305,255,255,281,281,381,381,395,395,310,344,355,386,386,416,416,516,516,534,41,41,41,136,136,153,148,161,383,343,343,356,382,434,434,445,180,180,192,192,192,192,192,3,38,38,38],"floor_reached":55,"playtime":2916,"items_purged":["Strike_G+1","Strike_G"],"score":1122,"play_id":"797c1127-092a-46ee-8903-42a9d2e1fcb5","local_time":"20210106042742","is_ascension_mode":true,"campfire_choices":[{"data":"Dagger Spray","floor":6,"key":"SMITH"},{"data":"A Thousand Cuts","floor":13,"key":"SMITH"},{"data":"Escape Plan","floor":15,"key":"SMITH"},{"floor":24,"key":"REST"},{"floor":32,"key":"REST"},{"data":"Tools of the Trade","floor":40,"key":"SMITH"},{"floor":44,"key":"REST"},{"data":"Envenom","floor":47,"key":"SMITH"},{"data":"Envenom","floor":49,"key":"SMITH"},{"data":"Adrenaline","floor":52,"key":"SMITH"}],"circlet_count":0,"master_deck":["Defend_G","Defend_G","Defend_G+1","Defend_G","Defend_G","Survivor","Neutralize","Flying Knee","Dagger Spray+1","A Thousand Cuts+1","Escape Plan+1","Flying Knee","Dagger Throw","Flying Knee","Envenom+1","Dodge and Roll+1","Distraction+1","Envenom+1","Blade Dance+1","Blade Dance+1","Adrenaline","Acrobatics","Prepared","Dagger Spray","Tools of the Trade+1","Noxious Fumes","Dagger Throw","Adrenaline+1","Corpse Explosion","Blade Dance+1","Dagger Spray","Caltrops+1","Backflip","Envenom+1","Distraction","Panache","Backflip+1","Escape Plan","Blade Dance+1"],"relics":["Ring of the Snake","Shuriken","Happy Flower","Frozen Eye","Vajra","MerchantsRug","FossilizedHelix","Ice Cream","Red Mask","Eternal Feather","Pantograph","Question Card","Calipers","Letter Opener","Darkstone Periapt","Bottled Tornado","DollysMirror","WristBlade","Omamori","Blood Vial","TwistedFunnel","Snake Skull","Pocketwatch"],"acts_visited":["Exordium","TheCity","TheBeyond","TheEnding"],"potions_floor_usage":[7,7,16,27,50,50,55],"damage_taken":[{"damage":8,"enemies":"2 Louse","floor":1,"turns":2},{"damage":2,"enemies":"Small Slimes","floor":5,"turns":2},{"damage":10,"enemies":"3 Sentries","floor":7,"turns":3},{"damage":1,"enemies":"Cultist","floor":10,"turns":3},{"damage":0,"enemies":"3 Louse","floor":11,"turns":1},{"damage":24,"enemies":"Lagavulin","floor":14,"turns":4},{"damage":19,"enemies":"Slime Boss","floor":16,"turns":6},{"damage":13,"enemies":"Chosen","floor":18,"turns":4},{"damage":0,"enemies":"Masked Bandits","floor":21,"turns":3},{"damage":0,"enemies":"Spheric Guardian","floor":22,"turns":3},{"damage":36,"enemies":"Slavers","floor":23,"turns":4},{"damage":39,"enemies":"Book of Stabbing","floor":25,"turns":4},{"damage":0,"enemies":"Colosseum Slavers","floor":27,"turns":4},{"damage":0,"enemies":"Colosseum Nobs","floor":27,"turns":3},{"damage":4,"enemies":"Cultist and Chosen","floor":29,"turns":3},{"damage":12,"enemies":"Collector","floor":33,"turns":6},{"damage":4,"enemies":"Orb Walker","floor":35,"turns":3},{"damage":39,"enemies":"3 Darklings","floor":37,"turns":3},{"damage":11,"enemies":"Jaw Worm Horde","floor":41,"turns":3},{"damage":10,"enemies":"Giant Head","floor":42,"turns":5},{"damage":11,"enemies":"Writhing Mass","floor":45,"turns":4},{"damage":0,"enemies":"3 Darklings","floor":48,"turns":2},{"damage":26,"enemies":"Donu and Deca","floor":50,"turns":3},{"damage":80,"enemies":"Shield and Spear","floor":54,"turns":4},{"damage":60,"enemies":"The Heart","floor":55,"turns":2}],"seed_played":"2972472215738990785","potions_obtained":[{"floor":5,"key":"EntropicBrew"},{"floor":11,"key":"FairyPotion"},{"floor":16,"key":"BlessingOfTheForge"},{"floor":18,"key":"Weak Potion"},{"floor":27,"key":"AttackPotion"},{"floor":33,"key":"DistilledChaos"},{"floor":35,"key":"LiquidBronze"},{"floor":37,"key":"CultistPotion"},{"floor":54,"key":"CunningPotion"}],"is_trial":false,"path_per_floor":["M","?","?","$","M","R","E","?","T","M","M","$","R","E","R","B",null,"M","?","?","?","M","E","R","E","T","?","T","M","$","?","R","B",null,"M","$","M","?","?","R","M","E","T","R","M","$","R","M","R","B",null,"R","$","E","B"],"character_chosen":"THE_SILENT","items_purchased":["Frozen Eye","MerchantsRug","Dagger Throw","Bottled Tornado","Noxious Fumes","Dagger Throw","DollysMirror","Dagger Spray","Panache","TwistedFunnel","Snake Skull","Escape Plan"],"campfire_rested":3,"item_purchase_floors":[0,4,12,30,30,30,30,36,46,46,53,53],"current_hp_per_floor":[62,59,59,59,57,57,47,47,47,46,46,46,46,22,22,18,70,57,57,57,57,57,21,54,15,15,15,15,11,11,11,50,58,70,66,66,27,27,27,45,34,24,24,66,57,57,70,70,70,44,70,70,70,21,0,0],"gold":38,"neow_bonus":"","is_daily":false,"chose_seed":false,"campfire_upgraded":7,"win_rate":0.0,"timestamp":1609903662,"path_taken":["M","?","?","$","?","R","E","?","T","M","?","$","R","E","R","BOSS","M","?","?","?","?","E","R","E","T","?","?","M","$","?","R","BOSS","M","$","M","?","?","R","?","E","T","R","M","$","R","M","R","BOSS","R","$","E","BOSS"],"items_purchased_type":["Relic","Relic","Card","Relic","Card","Card","Relic","Card","Card","Relic","Relic","Card"],"build_version":"2020-12-22","purchased_purges":2,"victory":false,"max_hp_per_floor":[70,70,70,70,70,70,70,70,70,70,70,70,70,70,70,70,70,70,70,70,70,70,70,70,70,70,70,70,70,70,70,70,70,70,70,70,70,70,70,70,70,70,70,70,70,70,70,70,70,70,70,70,70,70,70,70],"relic_stats":{"Darkstone Periapt":0,"Happy Flower":[25],"counters":[34,121],"Eternal Feather":82,"Snake Skull":[19],"Letter Opener":[109],"Question Card":10,"Blood Vial":14,"Shuriken":[55],"Pantograph":45,"obtain_stats":[{"Ice Cream":20,"Darkstone Periapt":28,"TwistedFunnel":46,"Calipers":27,"Vajra":2,"Snake Skull":53,"Bottled Tornado":30,"Blood Vial":6,"Frozen Eye":0,"WristBlade":34,"DollysMirror":30,"Pantograph":25,"Red Mask":21,"Ring of the Snake":0,"MerchantsRug":4,"Happy Flower":9,"Astrolabe":17,"Eternal Feather":23,"Omamori":8,"Letter Opener":27,"War Paint":9,"MawBank":14,"Question Card":26,"WarpedTongs":3,"Shuriken":7,"FossilizedHelix":14,"Pocketwatch":54},{"Ice Cream":17,"Darkstone Periapt":23,"TwistedFunnel":30,"Calipers":23,"Vajra":10,"Snake Skull":32,"Bottled Tornado":24,"Blood Vial":4,"Frozen Eye":9,"WristBlade":25,"DollysMirror":24,"Pantograph":21,"Red Mask":18,"Ring of the Snake":0,"MerchantsRug":10,"Happy Flower":12,"Astrolabe":16,"Eternal Feather":20,"Omamori":6,"Letter Opener":23,"War Paint":6,"MawBank":8,"Question Card":21,"WarpedTongs":1,"Shuriken":12,"FossilizedHelix":15,"Pocketwatch":33},{"Ice Cream":62,"Darkstone Periapt":83,"TwistedFunnel":110,"Calipers":83,"Vajra":39,"Snake Skull":115,"Bottled Tornado":86,"Blood Vial":14,"Frozen Eye":37,"WristBlade":92,"DollysMirror":86,"Pantograph":76,"Red Mask":65,"Ring of the Snake":0,"MerchantsRug":39,"Happy Flower":44,"Astrolabe":58,"Eternal Feather":72,"Omamori":23,"Letter Opener":83,"War Paint":23,"MawBank":30,"Question Card":76,"WarpedTongs":4,"Shuriken":44,"FossilizedHelix":52,"Pocketwatch":119}],"Ring of the Snake":[68],"Pocketwatch":[0]},"card_choices":[{"not_picked":["Acrobatics","Deflect"],"picked":"Flying Knee","floor":1},{"not_picked":["Slice","Deflect"],"picked":"Dagger Spray","floor":5},{"not_picked":["Flechettes","Leg Sweep"],"picked":"A Thousand Cuts","floor":7},{"not_picked":["Dodge and Roll","Deadly Poison"],"picked":"Escape Plan","floor":10},{"not_picked":["Quick Slash","Deadly Poison"],"picked":"Flying Knee","floor":11},{"not_picked":["Deadly Poison","Leg Sweep"],"picked":"Flying Knee","floor":14},{"not_picked":["Doppelganger","Die Die Die"],"picked":"Envenom","floor":16},{"not_picked":["Sucker Punch","Deflect+1"],"picked":"Blade Dance+1","floor":18},{"not_picked":["Bane","Underhanded Strike"],"picked":"Blade Dance+1","floor":21},{"not_picked":["Dash","Quick Slash"],"picked":"Adrenaline","floor":22},{"not_picked":["Crippling Poison","Dodge and Roll+1"],"picked":"Acrobatics","floor":23},{"not_picked":["Underhanded Strike","Deflect+1"],"picked":"Prepared","floor":25},{"not_picked":["Outmaneuver","Skewer","Cloak And Dagger"],"picked":"Dagger Spray","floor":27},{"not_picked":["Endless Agony","Flechettes","Underhanded Strike"],"picked":"Tools of the Trade","floor":29},{"not_picked":["Wraith Form v2","Malaise","Unload"],"picked":"Corpse Explosion","floor":33},{"not_picked":["Deadly Poison+1","Poisoned Stab","Flying Knee"],"picked":"Blade Dance+1","floor":35},{"not_picked":["Sucker Punch","Poisoned Stab","Deflect"],"picked":"Caltrops+1","floor":37},{"not_picked":["Dagger Throw+1","Bane","Slice+1"],"picked":"Backflip","floor":41},{"not_picked":["Prepared+1","Acrobatics+1","Escape Plan"],"picked":"Envenom","floor":42},{"not_picked":["Blur","Choke+1","Slice+1"],"picked":"Distraction","floor":45},{"not_picked":["Dagger Throw","Choke+1","PiercingWail"],"picked":"Backflip+1","floor":48},{"not_picked":["Endless Agony+1","Caltrops+1","Catalyst+1"],"picked":"Blade Dance+1","floor":54}],"player_experience":80337,"relics_obtained":[{"floor":7,"key":"Shuriken"},{"floor":9,"key":"Happy Flower"},{"floor":14,"key":"FossilizedHelix"},{"floor":21,"key":"Red Mask"},{"floor":23,"key":"Eternal Feather"},{"floor":25,"key":"Pantograph"},{"floor":26,"key":"Question Card"},{"floor":27,"key":"Calipers"},{"floor":27,"key":"Letter Opener"},{"floor":28,"key":"Darkstone Periapt"},{"floor":42,"key":"Omamori"},{"floor":43,"key":"Blood Vial"},{"floor":54,"key":"Pocketwatch"}],"event_choices":[{"damage_healed":0,"gold_gain":0,"player_choice":"Relic ","damage_taken":3,"max_hp_gain":0,"max_hp_loss":0,"event_name":"betterThird:BetterScrap","floor":2,"gold_loss":0,"cards_obtained":["Blood for Blood"]},{"damage_healed":0,"gold_gain":100,"player_choice":"Pray","damage_taken":0,"max_hp_gain":0,"max_hp_loss":0,"event_name":"Golden Shrine","floor":3,"gold_loss":0},{"damage_healed":0,"gold_gain":0,"player_choice":"Bought 0 Potions","damage_taken":0,"max_hp_gain":0,"max_hp_loss":0,"event_name":"The Woman in Blue","floor":8,"gold_loss":0},{"damage_healed":0,"gold_gain":0,"player_choice":"Ignored","damage_taken":0,"max_hp_gain":0,"max_hp_loss":0,"event_name":"Ghosts","floor":19,"gold_loss":0},{"damage_healed":0,"gold_gain":0,"player_choice":"Obtained Relic","damage_taken":0,"relics_obtained":["Ice Cream"],"max_hp_gain":0,"max_hp_loss":0,"event_name":"Addict","floor":20,"gold_loss":85},{"damage_healed":0,"gold_gain":0,"player_choice":"Fought Bandits","damage_taken":0,"max_hp_gain":0,"max_hp_loss":0,"event_name":"Masked Bandits","floor":21,"gold_loss":0},{"damage_healed":0,"gold_gain":0,"player_choice":"Fight","damage_taken":0,"max_hp_gain":0,"max_hp_loss":0,"event_name":"Colosseum","floor":27,"gold_loss":0},{"damage_healed":0,"gold_gain":0,"player_choice":"Fought Nobs","damage_taken":0,"max_hp_gain":0,"max_hp_loss":0,"event_name":"Colosseum","floor":27,"gold_loss":0},{"damage_healed":0,"gold_gain":0,"player_choice":"Ignored","damage_taken":0,"max_hp_gain":0,"max_hp_loss":0,"event_name":"The Mausoleum","floor":31,"gold_loss":0},{"damage_healed":0,"gold_gain":222,"player_choice":"Wore Mask","damage_taken":0,"max_hp_gain":0,"max_hp_loss":0,"event_name":"Tomb of Lord Red Mask","floor":38,"gold_loss":0},{"damage_healed":0,"gold_gain":0,"player_choice":"Upgraded Two","damage_taken":0,"max_hp_gain":0,"max_hp_loss":0,"event_name":"Designer","floor":39,"gold_loss":40,"cards_upgraded":["Strike_G","Defend_G"]}],"is_beta":false,"boss_relics":[{"not_picked":["Ectoplasm","Runic Dome"],"picked":"Astrolabe"},{"not_picked":["Cursed Key","HoveringKite"],"picked":"WristBlade"}],"items_purged_floors":[46,46],"is_endless":false,"potions_floor_spawned":[5,11,16,18,21,27,33,35,37,45,54],"killed_by":"The Heart","ascension_level":3}}