{"host":"7yxt37kap0q16lk4","time":1609949488,"event":{"mods":["2.2 Compatiblity","Act Like it!","BaseMod","Better Third Choice","Better-Laid Plans","Colored Map","Custom Start","Highlight Path","Keyboard Shortcuts","Minty Spire (QoL Compilation)","Quick Restart","Rare Cards Sparkle","Relic Stats","Shop Mod","Slay the Relics Exporter","StSLib","SuperFastMode"],"gold_per_floor":[13,83,83,93,107,107,32,46,46,78,90,125,125,166,166,252,252,279,86,86,95,106,146,146,146,146],"floor_reached":25,"playtime":536,"items_purged":["Defend_R","Defend_R"],"score":458,"play_id":"a0d4263f-6c96-4aa9-b5d1-a8af0b63636b","local_time":"20210107011128","is_ascension_mode":true,"campfire_choices":[{"data":"Uppercut","floor":6,"key":"SMITH"},{"data":"Clash","floor":13,"key":"SMITH"},{"data":"Fire Breathing","floor":15,"key":"SMITH"},{"data":"Offering","floor":24,"key":"SMITH"}],"circlet_count":0,"master_deck":["AscendersBane","Strike_R","Strike_R+1","Strike_R+1","Defend_R","Defend_R","Bash","Burning Pact","Dual Wield+1","Clash+1","Uppercut+1","Shrug It Off","Sword Boomerang","Shrug It Off","Fire Breathing+1","Offering","Sentinel","Battle Trance","Evolve","Feel No Pain","Offering+1"],"relics":["Burning Blood","Question Card","Paper Frog","Whetstone","Eternal Feather","CeramicFish","Coffee Dripper","Orichalcum"],"acts_visited":["Exordium","TheCity"],"potions_floor_usage":[12,14,16,23,25],"damage_taken":[{"damage":6,"enemies":"Cultist","floor":1,"turns":3},{"damage":7,"enemies":"Jaw Worm","floor":4,"turns":3},{"damage":0,"enemies":"2 Louse","floor":5,"turns":1},{"damage":11,"enemies":"Looter","floor":8,"turns":3},{"damage":6,"enemies":"2 Fungi Beasts","floor":11,"turns":3},{"damage":18,"enemies":"Lagavulin","floor":12,"turns":5},{"damage":17,"enemies":"3 Sentries","floor":14,"turns":6},{"damage":55,"enemies":"Hexaghost","floor":16,"turns":10},{"damage":16,"enemies":"Spheric Guardian","floor":18,"turns":4},{"damage":21,"enemies":"Shell Parasite","floor":22,"turns":2},{"damage":20,"enemies":"Book of Stabbing","floor":23,"turns":3},{"damage":34,"enemies":"Shelled Parasite and Fungi","floor":25,"turns":3}],"seed_played":"6952849234366537560","potions_obtained":[{"floor":5,"key":"Dexterity Potion"},{"floor":11,"key":"SneckoOil"},{"floor":14,"key":"DistilledChaos"},{"floor":16,"key":"Dexterity Potion"},{"floor":18,"key":"SteroidPotion"}],"is_trial":false,"path_per_floor":["M","T","?","M","M","R","$","M","T","$","M","E","R","E","R","B",null,"M","$","?","?","M","E","R","M"],"character_chosen":"IRONCLAD","items_purchased":["Whetstone","Battle Trance","Evolve"],"campfire_rested":0,"item_purchase_floors":[10,19,19],"current_hp_per_floor":[68,68,68,67,73,73,73,68,68,68,68,56,65,54,63,14,60,50,50,50,50,35,21,33,0,0],"gold":146,"neow_bonus":"TRANSFORM_TWO_CARDS","is_daily":false,"chose_seed":false,"campfire_upgraded":4,"win_rate":0.0,"timestamp":1609949488,"path_taken":["M","?","?","?","M","R","?","?","T","$","M","E","R","E","R","BOSS","M","$","?","?","M","E","R","?"],"items_purchased_type":["Relic","Card","Card"],"build_version":"2020-12-22","purchased_purges":2,"victory":false,"max_hp_per_floor":[75,75,75,75,75,75,75,75,75,75,75,75,75,75,75,75,75,75,75,75,75,75,75,75,75,75],"relic_stats":{"counters":[12,46],"CeramicFish":63,"Eternal Feather":30,"Whetstone":["Strike_R","Strike_R"],"Orichalcum":[0],"Question Card":10,"obtain_stats":[{"CeramicFish":14,"Eternal Feather":12,"Coffee Dripper":17,"Whetstone":10,"Orichalcum":23,"Question Card":2,"Burning Blood":0,"Paper Frog":9},{"CeramicFish":7,"Eternal Feather":6,"Coffee Dripper":8,"Whetstone":4,"Orichalcum":11,"Question Card":1,"Burning Blood":0,"Paper Frog":4},{"CeramicFish":24,"Eternal Feather":18,"Coffee Dripper":34,"Whetstone":10,"Orichalcum":43,"Question Card":3,"Burning Blood":0,"Paper Frog":10}],"Burning Blood":66},"card_choices":[{"not_picked":["Armaments","Blood for Blood"],"picked":"Clash","floor":1},{"not_picked":["Sword Boomerang","Heavy Blade","Blood for Blood"],"picked":"Uppercut","floor":4},{"not_picked":["Entrench","Cleave","Wild Strike"],"picked":"Shrug It Off","floor":5},{"not_picked":["Thunderclap","Flame Barrier","Warcry"],"picked":"Sword Boomerang","floor":8},{"not_picked":["Wild Strike","Havoc","Shockwave"],"picked":"Shrug It Off","floor":11},{"not_picked":["Rampage","Perfected Strike","Hemokinesis","Anger"],"picked":"SKIP","floor":12},{"not_picked":["Juggernaut","Rupture","Fire Breathing","Rampage"],"picked":"SKIP","floor":14},{"not_picked":["Juggernaut","Rupture","Rampage"],"picked":"Fire Breathing","floor":14},{"not_picked":["Demon Form","Bludgeon","Exhume"],"picked":"Offering","floor":16},{"not_picked":["Sword Boomerang+1","Wild Strike","Whirlwind"],"picked":"Sentinel","floor":18},{"not_picked":["Sever Soul","Perfected Strike","Blood for Blood","Heavy Blade"],"picked":"SKIP","floor":22},{"not_picked":["Clash","Flame Barrier","Heavy Blade"],"picked":"Offering","floor":23}],"player_experience":1040640,"relics_obtained":[{"floor":2,"key":"Question Card"},{"floor":9,"key":"Paper Frog"},{"floor":12,"key":"Eternal Feather"},{"floor":14,"key":"CeramicFish"},{"floor":23,"key":"Orichalcum"}],"event_choices":[{"damage_healed":0,"gold_gain":0,"player_choice":"Upgraded","damage_taken":0,"max_hp_gain":0,"max_hp_loss":0,"event_name":"Upgrade Shrine","floor":3,"gold_loss":0,"cards_upgraded":["Dual Wield"]},{"damage_healed":0,"gold_gain":0,"player_choice":"Ignored","damage_taken":0,"max_hp_gain":0,"max_hp_loss":0,"event_name":"Ghosts","floor":20,"gold_loss":0},{"damage_healed":0,"gold_gain":0,"player_choice":"Read","damage_taken":0,"max_hp_gain":0,"max_hp_loss":0,"event_name":"The Library","floor":21,"gold_loss":0,"cards_obtained":["Feel No Pain"]}],"is_beta":false,"boss_relics":[{"not_picked":["Tiny House","Ectoplasm"],"picked":"Coffee Dripper"}],"items_purged_floors":[7,19],"is_endless":false,"potions_floor_spawned":[5,11,14,16,18],"killed_by":"Shelled Parasite and Fungi","ascension_level":20}}