{"host":"8pjvbxl6xo882v42","time":1609956220,"event":{"mods":["AchievementEnabler","BaseMod","Minty Spire (QoL Compilation)","StSLib","The Cursed"],"gold_per_floor":[119,131,143,25,35,69,69,69,69,69,99,99,112,144,144,246,246,256,256,355,372,372,372,388,388,415,22,22,42,58,58,58,160,160,176,188,203,128,179,214,214,247,247,281,281,292,292,312,312,312],"floor_reached":51,"playtime":5077,"items_purged":["Turbo"],"score":1031,"play_id":"646891e5-a3ec-4750-9a79-24aeae58427a","local_time":"20210106190340","is_ascension_mode":true,"campfire_choices":[{"data":"Sunder","floor":7.0,"key":"SMITH"},{"data":"Static Discharge","floor":12.0,"key":"SMITH"},{"data":"Zap","floor":15.0,"key":"SMITH"},{"data":"Ghostly","floor":23.0,"key":"SMITH"},{"data":"Ghostly","floor":25.0,"key":"SMITH"},{"data":"Ghostly","floor":28.0,"key":"SMITH"},{"data":"Ghostly","floor":32.0,"key":"SMITH"},{"floor":41.0,"key":"REST"},{"data":"Ghostly","floor":45.0,"key":"SMITH"},{"floor":49.0,"key":"REST"}],"circlet_count":0,"master_deck":["Zap+1","Dualcast","Hello World","Chill","Static Discharge+1","Fusion","Skim","Fusion","Conserve Battery","Compile Driver","Ball Lightning","Sunder+1","Seek","Chill","Doom and Gloom","Reboot","Capacitor","Ghostly+1","Ghostly+1","Ghostly+1","Ghostly+1","Ghostly+1","Doom and Gloom+1","Dark Shackles","Go for the Eyes+1","Buffer","White Noise","Gash","Seek","Barrage+1"],"relics":["Pandora\u0027s Box","Darkstone Periapt","TungstenRod","Emotion Chip","Singing Bowl","Runic Pyramid","Potion Belt","MealTicket","Torii","Black Star","Calipers","Happy Flower","StoneCalendar","Mango","Bottled Lightning","Mercury Hourglass","Bag of Marbles","Bag of Preparation"],"acts_visited":["Exordium","TheCity","TheBeyond"],"potions_floor_usage":[50],"damage_taken":[{"damage":0.0,"enemies":"Cultist","floor":1.0,"turns":4.0},{"damage":4.0,"enemies":"Jaw Worm","floor":2.0,"turns":4.0},{"damage":0.0,"enemies":"2 Louse","floor":3.0,"turns":5.0},{"damage":5.0,"enemies":"Large Slime","floor":5.0,"turns":4.0},{"damage":0.0,"enemies":"3 Sentries","floor":6.0,"turns":5.0},{"damage":5.0,"enemies":"Lagavulin","floor":11.0,"turns":4.0},{"damage":10.0,"enemies":"Exordium Wildlife","floor":13.0,"turns":2.0},{"damage":2.0,"enemies":"Gremlin Nob","floor":14.0,"turns":3.0},{"damage":7.0,"enemies":"The Guardian","floor":16.0,"turns":8.0},{"damage":0.0,"enemies":"3 Byrds","floor":18.0,"turns":2.0},{"damage":8.0,"enemies":"Chosen","floor":21.0,"turns":6.0},{"damage":0.0,"enemies":"Centurion and Healer","floor":24.0,"turns":7.0},{"damage":0.0,"enemies":"Sentry and Sphere","floor":29.0,"turns":6.0},{"damage":0.0,"enemies":"Snake Plant","floor":30.0,"turns":3.0},{"damage":0.0,"enemies":"Automaton","floor":33.0,"turns":10.0},{"damage":0.0,"enemies":"3 Darklings","floor":35.0,"turns":4.0},{"damage":0.0,"enemies":"3 Shapes","floor":36.0,"turns":8.0},{"damage":11.0,"enemies":"Transient","floor":37.0,"turns":5.0},{"damage":18.0,"enemies":"2 Orb Walkers","floor":39.0,"turns":7.0},{"damage":32.0,"enemies":"Giant Head","floor":40.0,"turns":13.0},{"damage":0.0,"enemies":"Reptomancer","floor":42.0,"turns":7.0},{"damage":2.0,"enemies":"Nemesis","floor":44.0,"turns":7.0},{"damage":0.0,"enemies":"Jaw Worm Horde","floor":46.0,"turns":5.0},{"damage":0.0,"enemies":"4 Shapes","floor":48.0,"turns":2.0},{"damage":62,"enemies":"Awakened One","floor":50,"turns":11}],"seed_played":"2565537092268473042","potions_obtained":[{"floor":2.0,"key":"FearPotion"},{"floor":3.0,"key":"Fire Potion"},{"floor":5.0,"key":"Explosive Potion"},{"floor":13.0,"key":"EntropicBrew"},{"floor":16.0,"key":"SpeedPotion"},{"floor":29.0,"key":"Strength Potion"},{"floor":30.0,"key":"SteroidPotion"},{"floor":35.0,"key":"Energy Potion"},{"floor":36.0,"key":"SteroidPotion"},{"floor":39.0,"key":"Regen Potion"},{"floor":46.0,"key":"Strength Potion"}],"is_trial":false,"path_per_floor":["M","M","M","$","M","E","R","?","T","?","E","R","M","E","R","B",null,"M","?","?","M","?","R","M","R","T","$","R","M","M","?","R","B",null,"M","M","M","$","?","E","R","E","T","E","R","M","?","M","R","B",null],"character_chosen":"DEFECT","items_purchased":["Ball Lightning","Sunder","Torii","Dark Shackles"],"campfire_rested":2,"item_purchase_floors":[4,4,27,27],"current_hp_per_floor":[75,71,71,71,66,66,66,71,71,71,66,66,56,56,56,49,74,74,41,41,35,41,41,41,41,41,49,49,51,51,51,51,51,51,53,53,44,55,39,7,24,38,38,50,50,52,52,52,73,11],"gold":312,"neow_bonus":"BOSS_RELIC","is_daily":false,"chose_seed":false,"campfire_upgraded":8,"win_rate":0.0,"timestamp":1609956220,"path_taken":["M","M","?","$","M","E","R","?","T","?","E","R","M","E","R","BOSS","M","?","?","?","?","R","M","R","T","?","R","M","M","?","R","BOSS","M","M","M","$","?","E","R","E","T","E","R","M","?","M","R","BOSS"],"items_purchased_type":["Card","Card","Relic","Card"],"build_version":"2020-12-22","purchased_purges":1,"victory":true,"max_hp_per_floor":[75,75,75,75,75,75,75,80,80,80,80,80,80,82,82,82,82,82,41,41,43,49,49,49,49,49,49,49,51,51,51,51,51,51,53,53,55,55,57,57,57,71,71,71,71,73,73,73,73,73],"card_choices":[{"not_picked":["Beam Cell","Reinforced Body"],"picked":"Conserve Battery","floor":1.0},{"not_picked":["Darkness","Streamline","Tempest"],"picked":"SKIP","floor":2.0},{"not_picked":["Heatsinks","Steam"],"picked":"Compile Driver","floor":3.0},{"not_picked":["Auto Shields","Coolheaded"],"picked":"Seek","floor":5.0},{"not_picked":["Amplify","Stack","Coolheaded"],"picked":"SKIP","floor":6.0},{"not_picked":["Chaos","Redo"],"picked":"Chill","floor":11.0},{"not_picked":["Steam Power","Sweeping Beam"],"picked":"Doom and Gloom","floor":13.0},{"not_picked":["Redo","Sweeping Beam","Barrage"],"picked":"Singing Bowl","floor":14.0},{"not_picked":["Seek","All For One"],"picked":"Reboot","floor":16.0},{"not_picked":["Static Discharge+1","Fusion+1"],"picked":"Capacitor","floor":18.0},{"not_picked":["Doom and Gloom","Reprogram+1","Compile Driver"],"picked":"Singing Bowl","floor":21.0},{"not_picked":["Ball Lightning","Hologram"],"picked":"Doom and Gloom+1","floor":24.0},{"not_picked":["Hologram","Conserve Battery","Melter"],"picked":"Singing Bowl","floor":29.0},{"not_picked":["Leap","Heatsinks"],"picked":"Go for the Eyes+1","floor":30.0},{"not_picked":["Machine Learning","Biased Cognition"],"picked":"Buffer","floor":33.0},{"not_picked":["Reprogram","Go for the Eyes+1","Coolheaded+1"],"picked":"Singing Bowl","floor":35.0},{"not_picked":["Redo+1","Aggregate"],"picked":"White Noise","floor":36.0},{"not_picked":["Cold Snap+1","Compile Driver+1","Leap+1"],"picked":"Singing Bowl","floor":37.0},{"not_picked":["Conserve Battery+1","Rip and Tear","Genetic Algorithm"],"picked":"Singing Bowl","floor":39.0},{"not_picked":["FTL+1","Fusion+1"],"picked":"Gash","floor":40.0},{"not_picked":["Compile Driver","Chaos","Stack+1"],"picked":"SKIP","floor":42.0},{"not_picked":["Streamline+1","Steam+1"],"picked":"Seek","floor":44.0},{"not_picked":["Doom and Gloom","Turbo","Hologram+1"],"picked":"Singing Bowl","floor":46.0},{"not_picked":["Chaos","Go for the Eyes+1"],"picked":"Barrage+1","floor":48.0}],"player_experience":263416,"relics_obtained":[{"floor":6.0,"key":"Darkstone Periapt"},{"floor":9.0,"key":"TungstenRod"},{"floor":11.0,"key":"Emotion Chip"},{"floor":14.0,"key":"Singing Bowl"},{"floor":26.0,"key":"MealTicket"},{"floor":39.0,"key":"Calipers"},{"floor":40.0,"key":"Happy Flower"},{"floor":40.0,"key":"StoneCalendar"},{"floor":42.0,"key":"Mango"},{"floor":42.0,"key":"Bottled Lightning"},{"floor":43.0,"key":"Mercury Hourglass"},{"floor":44.0,"key":"Bag of Marbles"},{"floor":44.0,"key":"Bag of Preparation"}],"event_choices":[{"damage_healed":0.0,"max_hp_gain":5.0,"max_hp_loss":0.0,"gold_gain":0.0,"event_name":"Big Fish","player_choice":"Donut","floor":8.0,"gold_loss":0.0,"damage_taken":0.0},{"damage_healed":0.0,"max_hp_gain":0.0,"max_hp_loss":0.0,"gold_gain":0.0,"event_name":"Liars Game","player_choice":"Ignored","floor":10.0,"gold_loss":0.0,"damage_taken":0.0},{"damage_healed":0.0,"max_hp_gain":0.0,"max_hp_loss":41.0,"gold_gain":0.0,"event_name":"Ghosts","player_choice":"Became a Ghost","floor":19.0,"gold_loss":0.0,"damage_taken":0.0,"cards_obtained":["Ghostly","Ghostly","Ghostly","Ghostly","Ghostly"]},{"damage_healed":0.0,"max_hp_gain":0.0,"max_hp_loss":0.0,"gold_gain":99.0,"event_name":"Nest","player_choice":"Stole From Cult","floor":20.0,"gold_loss":0.0,"damage_taken":0.0},{"damage_healed":0.0,"max_hp_gain":0.0,"max_hp_loss":0.0,"gold_gain":0.0,"event_name":"The Mausoleum","player_choice":"Opened","floor":22.0,"gold_loss":0.0,"damage_taken":0.0,"relics_obtained":["Potion Belt"],"cards_obtained":["Writhe"]},{"cards_removed":["Writhe"],"damage_healed":0.0,"max_hp_gain":0.0,"max_hp_loss":0.0,"gold_gain":0.0,"event_name":"Back to Basics","player_choice":"Elegance","floor":31.0,"gold_loss":0.0,"damage_taken":0.0},{"damage_healed":0.0,"max_hp_gain":0.0,"max_hp_loss":0.0,"gold_gain":0.0,"event_name":"Mysterious Sphere","player_choice":"Fight","floor":39.0,"gold_loss":0.0,"damage_taken":0.0},{"cards_removed":["Steam"],"damage_healed":0.0,"max_hp_gain":0.0,"max_hp_loss":0.0,"gold_gain":0.0,"event_name":"Falling","player_choice":"Removed Skill","floor":47.0,"gold_loss":0.0,"damage_taken":0.0}],"is_beta":false,"boss_relics":[{"not_picked":["Calling Bell","Empty Cage"],"picked":"Runic Pyramid"},{"not_picked":["Snecko Eye","Fusion Hammer"],"picked":"Black Star"}],"items_purged_floors":[38],"is_endless":false,"potions_floor_spawned":[2,3,5,13,16,29,30,35,36,39,46],"ascension_level":5}}