{"host":"2p6teegtjitvh23g","time":1609948346,"event":{"mods":["Act Like it!","Ascension Reborn","BaseMod","Better Note","Better Third Choice","Colored Map","Colored Powertips","Defuse TimeMaze Blight","Infinite Spire","Lobotomy","LobotomyExtend","Marisa£®ÏF”Í°°ƒß¿Ì…≥£©","Marked Mod","Minty Spire (QoL Compilation)","MostiFishMod","Quick Restart","Relic Stats","Replay The Spire","Shop Mod","Spicy Shops","StSLib","The Runesmith","UnlockEverythingMod","Waifu the Spire","noobMod","vexMod"],"gold_per_floor":[121,71,71,96,43,95,95,111,111,111,111,153,181,211,211,367,367,367,437,459,459,477,477,477,501,501,550,567,60,60,84,84,238,238,263,9,38,38,38,86,115,139,229,229,276,293,293,37,37,187,187,187],"floor_reached":51,"playtime":2474,"items_purged":["Defend_R+1","Defend_R+1","Defend_R+1","Bash+1"],"score":150,"play_id":"5459774e-6049-4de9-957a-ed1df1ce4423","local_time":"20210106235226","is_ascension_mode":true,"campfire_choices":[{"data":"Feed","floor":7,"key":"SMITH"},{"data":"Dark Embrace","floor":11,"key":"SMITH"},{"data":"Evolve","floor":15,"key":"SMITH"},{"data":"Intimidate","floor":23,"key":"SMITH"},{"data":"Deep Breath","floor":30,"key":"SMITH"},{"data":"ReplayTheSpireMod:Haul","floor":32,"key":"SMITH"},{"data":"Searing Blow+2","floor":44,"key":"SMITH"},{"data":"Searing Blow+3","floor":49,"key":"SMITH"}],"circlet_count":0,"master_deck":["Strike_R+1","Strike_R+1","Strike_R+1","Strike_R+1","Feed+1","Intimidate+1","Dark Embrace+1","Evolve+1","Burning Pact+1","Inflame+1","Searing Blow+4","Rage+1","Feel No Pain","Combust","MostiFishMod:OrdinaryWorld+1","Clash+1","Armaments+1","True Grit","ReplayTheSpireMod:Haul+1","Body Slam+1","Deep Breath+1","Life Link+1","MostiFishMod:Mania","Flex+1","Seeing Red","Reckless Charge+1","Clash+1","Sentinel+1","Anger+1","Battle Trance+1","Seeing Red","Pot Of Greed","Pot Of Greed","Pot Of Greed","Searing Blow+3","Pummel","Juggernaut"],"relics":["Burning Blood","ice","DaveBox","SynthV:TestCard","LetterFromLob","Golden Idol","Meat on the Bone","Iron Hammer","infinitespire:Broken Mirror","Mercury Hourglass","infinitespire:Eraser","SentryEyes","JellyFishMachine","HonorFeather","Moonlight_r","Gaze_r","Heaven_r","Gremlin Horn","Replay:Bottled Flurry","Quantum Egg","The Courier","ArrowTower","MerchantsRug","BirthdayGift-Tetrahedron","Charon\u0027s Ashes","Runic Cube","Counterbalance","HandDrill","Pen Nib","HornCleat","ReplayTheSpireMod:Shallot","infinitespire:Magic Flask","Vajra","infinitespire:FocusingShard","ReplayTheSpireMod:TigerMarble","OriginationStaff","Bottled Flame","Pondfish Scales","Grinning Jar","DollysMirror","infinitespire:Joker Card","Electric Blood","ice"],"acts_visited":["Exordium","TheCity","TheBeyond","Exordium"],"potions_floor_usage":[27],"damage_taken":[{"damage":0,"enemies":"Small Slimes","floor":1,"turns":1},{"damage":6,"enemies":"2 Louse","floor":4,"turns":2},{"damage":5,"enemies":"Gremlin Nob","floor":6,"turns":3},{"damage":0,"enemies":"Cultist","floor":8,"turns":2},{"damage":24,"enemies":"Lagavulin","floor":12,"turns":4},{"damage":6,"enemies":"Large Slime","floor":13,"turns":3},{"damage":9,"enemies":"Blue Slaver","floor":14,"turns":3},{"damage":20,"enemies":"The Guardian","floor":16,"turns":7},{"damage":66,"enemies":"Spheric Guardian","floor":18,"turns":3},{"damage":10,"enemies":"Spheric Guardian","floor":18,"turns":2},{"damage":21,"enemies":"Spheric Guardian","floor":18,"turns":2},{"damage":0,"enemies":"Spheric Guardian","floor":20,"turns":2},{"damage":4,"enemies":"Shell Parasite","floor":22,"turns":2},{"damage":1,"enemies":"Centurion and Healer","floor":25,"turns":2},{"damage":11,"enemies":"Nightmare","floor":27,"turns":4},{"damage":2,"enemies":"Chosen and Byrds","floor":28,"turns":2},{"damage":0,"enemies":"Snake Plant","floor":31,"turns":1},{"damage":2,"enemies":"Automaton","floor":33,"turns":2},{"damage":4,"enemies":"Orb Walker","floor":35,"turns":1},{"damage":0,"enemies":"3 Darklings","floor":37,"turns":1},{"damage":4,"enemies":"Nightmare","floor":40,"turns":2},{"damage":0,"enemies":"Sphere and 2 Shapes","floor":41,"turns":1},{"damage":24,"enemies":"Jaw Worm Horde","floor":42,"turns":2},{"damage":0,"enemies":"Reptomancer","floor":45,"turns":1},{"damage":0,"enemies":"4 Shapes","floor":46,"turns":1},{"damage":11,"enemies":"infinitespire:MassOfShapes","floor":50,"turns":2}],"seed_played":"6008193131064571754","potions_obtained":[{"floor":1,"key":"Adrenaline Potion"},{"floor":1,"key":"Fire Potion"},{"floor":4,"key":"BloodPotion"},{"floor":12,"key":"Adrenaline Potion"},{"floor":16,"key":"Elixir"},{"floor":27,"key":"Fruit Juice"},{"floor":27,"key":"Elixir"},{"floor":31,"key":"Strength Potion"},{"floor":33,"key":"SpeedPotion"},{"floor":37,"key":"Swift Potion"},{"floor":37,"key":"ColorlessPotion"},{"floor":46,"key":"PowerPotion"},{"floor":50,"key":"Swift Potion"}],"is_trial":false,"path_per_floor":["M","?","?","M","$","E","R","M","T","?","R","E","M","M","R","B",null,"M","?","M","AVR","M","R","?","M","T","NM","M","$","R","M","R","B",null,"M","$","M","?","AVR","NM","M","M","T","R","E","M","T","$","R","B",null],"character_chosen":"IRONCLAD","items_purchased":["Evolve","MerchantsRug","BirthdayGift-Tetrahedron","Deep Breath","HandDrill","Pen Nib","Seeing Red","Seeing Red","Pondfish Scales","Grinning Jar","DollysMirror","Pummel"],"campfire_rested":0,"item_purchase_floors":[5,29,29,29,36,36,36,48,48,48,48,48],"current_hp_per_floor":[88,88,66,72,72,79,79,93,93,93,93,83,91,90,90,91,115,141,141,145,145,151,151,151,155,155,165,176,176,176,180,180,189,189,190,190,190,190,190,193,194,178,178,197,197,203,203,203,203,213,227,227],"gold":187,"neow_bonus":"ONE_RANDOM_RARE_CARD","is_daily":false,"chose_seed":false,"campfire_upgraded":8,"win_rate":0.0,"timestamp":1609948346,"path_taken":["M","?","?","M","$","E","R","M","T","?","R","E","M","?","R","BOSS","M","?","M","AVR","M","R","?","M","T","NM","M","$","R","M","R","BOSS","M","$","?","?","AVR","NM","M","M","T","R","E","M","?","$","R","BOSS"],"items_purchased_type":["Card","Relic","Relic","Card","Relic","Relic","Card","Card","Relic","Relic","Relic","Card"],"build_version":"2020-12-22","purchased_purges":4,"victory":false,"max_hp_per_floor":[88,88,88,91,91,94,94,98,98,98,98,102,106,106,106,115,115,141,141,145,145,151,151,151,155,155,168,176,176,176,180,180,189,189,190,190,190,190,190,193,194,197,197,197,197,203,203,203,203,227,227,227],"relic_stats":{"Gremlin Horn":[22,23],"counters":[26,57],"Golden Idol":173,"Charon\u0027s Ashes":[208],"Pen Nib":[3],"HandDrill":[12],"obtain_stats":[{"HonorFeather":18,"DaveBox":0,"Gremlin Horn":21,"Vajra":43,"ice":0,"Burning Blood":0,"HornCleat":39,"DollysMirror":48,"Iron Hammer":9,"Replay:Bottled Flurry":25,"HandDrill":36,"infinitespire:Eraser":13,"Electric Blood":51,"BirthdayGift-Tetrahedron":29,"Runic Cube":34,"MerchantsRug":29,"Golden Idol":3,"JellyFishMachine":17,"Quantum Egg":26,"Counterbalance":35,"The Courier":26,"Charon\u0027s Ashes":33,"Pen Nib":36,"infinitespire:FocusingShard":43,"infinitespire:Joker Card":50,"infinitespire:Magic Flask":42,"Mercury Hourglass":12,"Gaze_r":18,"Heaven_r":18,"Moonlight_r":18,"Bottled Flame":47,"Pondfish Scales":48,"SynthV:TestCard":1,"ReplayTheSpireMod:Shallot":40,"infinitespire:Broken Mirror":10,"SentryEyes":16,"LetterFromLob":1,"ReplayTheSpireMod:TigerMarble":45,"OriginationStaff":47,"Grinning Jar":48,"ArrowTower":27,"Meat on the Bone":6},{"HonorFeather":9,"DaveBox":0,"Gremlin Horn":12,"Vajra":23,"ice":0,"Burning Blood":0,"HornCleat":20,"DollysMirror":25,"Iron Hammer":4,"Replay:Bottled Flurry":14,"HandDrill":19,"infinitespire:Eraser":6,"Electric Blood":26,"BirthdayGift-Tetrahedron":16,"Runic Cube":18,"MerchantsRug":16,"Golden Idol":1,"JellyFishMachine":8,"Quantum Egg":14,"Counterbalance":19,"The Courier":14,"Charon\u0027s Ashes":18,"Pen Nib":19,"infinitespire:FocusingShard":23,"infinitespire:Joker Card":26,"infinitespire:Magic Flask":23,"Mercury Hourglass":5,"Gaze_r":10,"Heaven_r":11,"Moonlight_r":9,"Bottled Flame":25,"Pondfish Scales":25,"SynthV:TestCard":1,"ReplayTheSpireMod:Shallot":21,"infinitespire:Broken Mirror":4,"SentryEyes":8,"LetterFromLob":1,"ReplayTheSpireMod:TigerMarble":24,"OriginationStaff":25,"Grinning Jar":25,"ArrowTower":15,"Meat on the Bone":3},{"HonorFeather":28,"DaveBox":0,"Gremlin Horn":34,"Vajra":53,"ice":0,"Burning Blood":0,"HornCleat":49,"DollysMirror":55,"Iron Hammer":8,"Replay:Bottled Flurry":38,"HandDrill":48,"infinitespire:Eraser":15,"Electric Blood":57,"BirthdayGift-Tetrahedron":44,"Runic Cube":47,"MerchantsRug":44,"Golden Idol":1,"JellyFishMachine":25,"Quantum Egg":38,"Counterbalance":48,"The Courier":38,"Charon\u0027s Ashes":47,"Pen Nib":48,"infinitespire:FocusingShard":53,"infinitespire:Joker Card":57,"infinitespire:Magic Flask":53,"Mercury Hourglass":12,"Gaze_r":30,"Heaven_r":32,"Moonlight_r":28,"Bottled Flame":55,"Pondfish Scales":55,"SynthV:TestCard":1,"ReplayTheSpireMod:Shallot":51,"infinitespire:Broken Mirror":8,"SentryEyes":25,"LetterFromLob":1,"ReplayTheSpireMod:TigerMarble":54,"OriginationStaff":55,"Grinning Jar":55,"ArrowTower":42,"Meat on the Bone":6}],"Burning Blood":121,"Meat on the Bone":0,"Mercury Hourglass":[174],"Runic Cube":[9]},"card_choices":[{"not_picked":["Heavy Blade","Perfected Strike+1"],"picked":"Intimidate","floor":1},{"not_picked":["ReplayTheSpireMod:Strike From Hell","Sword Boomerang","ReplayTheSpireMod:Corrosion Curse","Clash+1"],"picked":"Dark Embrace","floor":4},{"not_picked":["Clothesline","infinitespire:OneForAll","Infernal Blade+1","Headbutt"],"picked":"Burning Pact+1","floor":6},{"not_picked":["Wild Strike","Shrug It Off","Whirlwind+1","Reaper","Fire Breathing"],"picked":"SKIP","floor":6},{"not_picked":["Uppercut+1","Shockwave","Evolve","Sever Soul"],"picked":"Inflame","floor":8},{"not_picked":["Metallicize","Dark Embrace","Shrug It Off","Massacre+1"],"picked":"Searing Blow+1","floor":12},{"not_picked":["ReplayTheSpireMod:Limb From Limb","Clash+1","Uppercut","Thunderclap"],"picked":"Rage+1","floor":12},{"not_picked":["Intimidate","ReplayTheSpireMod:Strike From Hell","Shrug It Off","Defy Death"],"picked":"Feel No Pain","floor":13},{"not_picked":["Flex+1","Warcry+1","Headbutt","Evolve"],"picked":"Combust","floor":14},{"not_picked":["Immolate","MostiFishMod:PerfectStrikeMKII","Double Tap","MostiFishMod:FireWorks"],"picked":"MostiFishMod:OrdinaryWorld","floor":16},{"not_picked":["Thunderclap+1","Sword Boomerang","Clash+1","Warcry+1","Twin Strike+1"],"picked":"SKIP","floor":20},{"not_picked":["Thunderclap+1","Sword Boomerang","Warcry+1","Twin Strike+1"],"picked":"Clash+1","floor":20},{"not_picked":["ReplayTheSpireMod:Stacked","Cleave","Havoc+1","Shrug It Off"],"picked":"Armaments+1","floor":22},{"not_picked":["Dark Embrace+1","Shrug It Off+1","MostiFishMod:OrdinaryWorld","Combust+1"],"picked":"True Grit","floor":25},{"not_picked":["infinitespire:Gouge","infinitespire:Menacing"],"picked":"ReplayTheSpireMod:Haul","floor":27},{"not_picked":["Dark Embrace","Abandon+1","Run Through","Evolve+1"],"picked":"Body Slam+1","floor":27},{"not_picked":["Cleave+1","Ghostly Armor+1","Havoc","Wild Strike+1","Uppercut+1"],"picked":"SKIP","floor":28},{"not_picked":["Feel No Pain","Rage","Whirlwind","Thunderclap+1"],"picked":"Life Link+1","floor":31},{"not_picked":["Fiend Fire","MostiFishMod:WingOfPhoenix","Brutality","MostiFishMod:DarkDeal"],"picked":"MostiFishMod:Mania","floor":33},{"not_picked":["Run Through+1","ReplayReversal+1","Fire Breathing","Pommel Strike"],"picked":"Flex+1","floor":35},{"not_picked":["ReplayTheSpireMod:Limb From Limb","Run Through+1","Shrug It Off+1","Heavy Blade+1","Blood for Blood"],"picked":"SKIP","floor":37},{"not_picked":["Eclipse","Perfected Strike+1","Sword Boomerang+1","Rage"],"picked":"Reckless Charge+1","floor":40},{"not_picked":["Havoc+1","Warcry+1","Flex+1","Feel No Pain+1"],"picked":"Clash+1","floor":41},{"not_picked":["Body Slam","Armaments+1","Evolve+1","Twin Strike+1"],"picked":"Sentinel+1","floor":42},{"not_picked":["Shockwave+1","Impervious","ReplayTheSpireMod:Muscle Training+1","Life Link"],"picked":"Anger+1","floor":45},{"not_picked":["ReplayTheSpireMod:Strike From Hell+1","Body Slam","infinitespire:OneForAll+1","Heavy Blade+1"],"picked":"Battle Trance+1","floor":46},{"not_picked":["MostiFishMod:Mania","MostiFishMod:CullingBlade","MostiFishMod:ChineseTea","MostiFishMod:DarkDeal"],"picked":"Juggernaut","floor":50}],"player_experience":346574,"relics_obtained":[{"floor":1,"key":"SynthV:TestCard"},{"floor":1,"key":"LetterFromLob"},{"floor":6,"key":"Meat on the Bone"},{"floor":9,"key":"Iron Hammer"},{"floor":12,"key":"Mercury Hourglass"},{"floor":13,"key":"infinitespire:Eraser"},{"floor":16,"key":"SentryEyes"},{"floor":25,"key":"Replay:Bottled Flurry"},{"floor":26,"key":"Quantum Egg"},{"floor":26,"key":"The Courier"},{"floor":27,"key":"ArrowTower"},{"floor":33,"key":"Charon\u0027s Ashes"},{"floor":35,"key":"Counterbalance"},{"floor":40,"key":"ReplayTheSpireMod:Shallot"},{"floor":42,"key":"infinitespire:Magic Flask"},{"floor":43,"key":"Vajra"},{"floor":43,"key":"infinitespire:FocusingShard"},{"floor":45,"key":"ReplayTheSpireMod:TigerMarble"},{"floor":47,"key":"OriginationStaff"},{"floor":47,"key":"Bottled Flame"},{"floor":50,"key":"infinitespire:Joker Card"}],"event_choices":[{"cards_removed":["Defend_R"],"damage_healed":0,"gold_gain":0,"player_choice":"Card Removal","damage_taken":0,"max_hp_gain":0,"max_hp_loss":0,"event_name":"The Cleric","floor":2,"gold_loss":50},{"damage_healed":0,"gold_gain":0,"player_choice":"Take Damage","damage_taken":22,"relics_obtained":["Golden Idol"],"max_hp_gain":0,"max_hp_loss":0,"event_name":"Golden Idol","floor":3,"gold_loss":0},{"damage_healed":0,"gold_gain":0,"player_choice":"Gave Potion","damage_taken":0,"relics_obtained":["infinitespire:Broken Mirror"],"max_hp_gain":0,"max_hp_loss":0,"event_name":"WeMeetAgain","floor":10,"gold_loss":0},{"damage_healed":0,"gold_gain":100,"player_choice":"Bet on Murderer","damage_taken":0,"max_hp_gain":0,"max_hp_loss":0,"event_name":"The Joust","floor":19,"gold_loss":50},{"damage_healed":0,"gold_gain":0,"player_choice":"Upgraded","damage_taken":0,"max_hp_gain":0,"max_hp_loss":0,"event_name":"Upgrade Shrine","floor":24,"gold_loss":0,"cards_upgraded":["MostiFishMod:OrdinaryWorld"]},{"cards_removed":["Strike_R"],"damage_healed":0,"gold_gain":0,"player_choice":"Removed Attack","damage_taken":0,"max_hp_gain":0,"max_hp_loss":0,"event_name":"Falling","floor":38,"gold_loss":0}],"is_beta":false,"boss_relics":[{"not_picked":["DiscerningMonocle","ReplayTheSpireMod:DimensionalGlitch"],"picked":"JellyFishMachine"},{"not_picked":["Cursed Key","Runesmith:UraniumAnvil"],"picked":"Runic Cube"},{"not_picked":["ReplayTheSpireMod:SealedPack","Mark of Pain"],"picked":"Electric Blood"}],"items_purged_floors":[21,29,36,39],"is_endless":true,"potions_floor_spawned":[1,6,16,18,20,27,28,35,37,42],"ascension_level":-20}}