{"host":"p4v0hquynnreu717","time":1609959357,"event":{"mods":["BaseMod","Better Vampires","DeckTracker","Googly Eyes","Minty Spire (QoL Compilation)","Quick Restart","StSLib","SuperFastMode"],"gold_per_floor":[116,116,116,116,141,174,174,208,208,208,23,44,44,62,62,62,62],"floor_reached":16,"playtime":197,"items_purged":[],"score":273,"play_id":"2fc06902-e5b6-4a62-95c9-2aa33c43cdf0","local_time":"20210107025557","is_ascension_mode":true,"campfire_choices":[{"data":"Turbo","floor":7.0,"key":"SMITH"},{"data":"Dualcast","floor":10.0,"key":"SMITH"},{"data":"Zap","floor":13.0,"key":"SMITH"},{"data":"Hologram","floor":15.0,"key":"SMITH"}],"circlet_count":0,"master_deck":["AscendersBane","Strike_B","Strike_B","Strike_B","Defend_B","Defend_B","Defend_B","Defend_B","Zap+1","Dualcast+1","Hologram+1","Core Surge","Turbo+1","Defragment+1","Glacier"],"relics":["Cracked Core","NeowsBlessing","Bag of Marbles","Golden Idol","DataDisk","Lizard Tail","Frozen Egg 2","Sundial","OrangePellets"],"acts_visited":["Exordium"],"potions_floor_usage":[16,16],"damage_taken":[{"damage":0.0,"enemies":"2 Louse","floor":1.0,"turns":1.0},{"damage":0.0,"enemies":"Lagavulin","floor":6.0,"turns":1.0},{"damage":0.0,"enemies":"Gremlin Nob","floor":8.0,"turns":1.0},{"damage":7.0,"enemies":"Jaw Worm","floor":12.0,"turns":3.0},{"damage":0.0,"enemies":"Cultist","floor":14.0,"turns":3.0},{"damage":27,"enemies":"Hexaghost","floor":16,"turns":10}],"seed_played":"-2854553647535864810","potions_obtained":[{"floor":1.0,"key":"Explosive Potion"},{"floor":6.0,"key":"Fruit Juice"},{"floor":12.0,"key":"BlessingOfTheForge"}],"is_trial":false,"path_per_floor":["M","?","?","?","T","E","R","E","T","R","$","M","R","M","R","B"],"character_chosen":"DEFECT","items_purchased":["Defragment+1","OrangePellets"],"campfire_rested":0,"item_purchase_floors":[11,11],"current_hp_per_floor":[64,64,29,29,29,34,34,34,34,34,34,27,27,27,27,34,34],"gold":62,"neow_bonus":"THREE_ENEMY_KILL","is_daily":false,"chose_seed":false,"campfire_upgraded":4,"win_rate":0.0,"timestamp":1609959357,"path_taken":["M","?","?","?","?","E","R","E","T","R","$","M","R","M","R","BOSS"],"items_purchased_type":["Card","Relic"],"build_version":"2020-12-22","purchased_purges":0,"victory":false,"max_hp_per_floor":[71,71,71,64,64,69,69,69,69,69,69,69,69,69,69,69,69],"card_choices":[{"not_picked":["Heatsinks","Conserve Battery"],"picked":"Hologram","floor":1.0},{"not_picked":["Reinforced Body","Redo"],"picked":"Turbo","floor":6.0},{"not_picked":["Fusion","Sweeping Beam","Melter"],"picked":"SKIP","floor":8.0},{"not_picked":["Leap","Barrage"],"picked":"Glacier","floor":12.0},{"not_picked":["Fusion","Redo","Cold Snap"],"picked":"SKIP","floor":14.0}],"player_experience":763510,"relics_obtained":[{"floor":5.0,"key":"DataDisk"},{"floor":6.0,"key":"Lizard Tail"},{"floor":8.0,"key":"Frozen Egg 2"},{"floor":9.0,"key":"Sundial"}],"event_choices":[{"damage_healed":0.0,"max_hp_gain":0.0,"max_hp_loss":0.0,"gold_gain":0.0,"cards_transformed":["Strike_B"],"event_name":"Living Wall","player_choice":"Change","floor":2.0,"gold_loss":0.0,"damage_taken":0.0,"cards_obtained":["Core Surge"]},{"damage_healed":0.0,"max_hp_gain":0.0,"max_hp_loss":0.0,"gold_gain":0.0,"event_name":"Scrap Ooze","player_choice":"Success","floor":3.0,"gold_loss":0.0,"damage_taken":35.0,"relics_obtained":["Bag of Marbles"]},{"damage_healed":0.0,"max_hp_gain":0.0,"max_hp_loss":7.0,"gold_gain":0.0,"event_name":"Golden Idol","player_choice":"Lose Max HP","floor":4.0,"gold_loss":0.0,"damage_taken":0.0,"relics_obtained":["Golden Idol"]}],"is_beta":false,"boss_relics":[],"items_purged_floors":[],"is_endless":false,"potions_floor_spawned":[1,6,12],"killed_by":"Hexaghost","ascension_level":15}}