{"host":"i0avyit1s6jb1siw","time":1609967578,"event":{"mods":["BaseMod","DeckTracker","Dota2Spire","Highlight Path","Minty Spire (QoL Compilation)","Quick Restart","StSLib","SuperFastMode"],"gold_per_floor":[113,38,57,57,57,57,90,90,90,123,137,150,150,150,150,225,225,235,86,11,11,30,30,59,69,94,94,105,105,115,160,160,237,237,252,252,265,275,57,57,91,116,116,151,164,195,214,214,214,214,214,214,214,71,102,102],"floor_reached":57,"playtime":1521,"items_purged":["Strike_G","All Out Attack+1","Dagger Spray+1"],"score":2911,"play_id":"ab52732b-67a1-4602-af89-79124b96240c","local_time":"20210106221258","is_ascension_mode":true,"campfire_choices":[{"data":"Neutralize","floor":6.0,"key":"SMITH"},{"floor":8.0,"key":"REST"},{"data":"Deadly Poison","floor":13.0,"key":"SMITH"},{"data":"Flying Knee","floor":15.0,"key":"SMITH"},{"data":"Accuracy","floor":23.0,"key":"SMITH"},{"floor":29.0,"key":"REST"},{"floor":32.0,"key":"REST"},{"floor":40.0,"key":"RECALL"},{"data":"Finisher","floor":49.0,"key":"SMITH"},{"data":"After Image","floor":53.0,"key":"SMITH"}],"circlet_count":0,"master_deck":["AscendersBane","Defend_G","Defend_G","Defend_G","Defend_G","Survivor+1","Neutralize+1","Blade Dance+1","Flying Knee+1","Infinite Blades","Deadly Poison+1","After Image","PiercingWail+1","Accuracy+1","Escape Plan","Leg Sweep","Backflip","After Image+1","Blade Dance+1","Finisher+1","Escape Plan","Cloak And Dagger+1"],"relics":["Ring of the Snake","NeowsBlessing","Dota2Spire:PhaseBoots","Blood Vial","Dota2Spire:AghanimScepter","Paper Crane","Astrolabe","Dota2Spire:MantaStyle","Dota2Spire:DrumOfEndurance","Akabeko","Dota2Spire:RefresherOrb","Membership Card","Pantograph","Turnip","Dota2Spire:MagicBottle","Question Card","OrangePellets","Dota2Spire:BladeMail"],"acts_visited":["Exordium","TheCity","TheBeyond","TheEnding"],"potions_floor_usage":[],"damage_taken":[{"damage":0.0,"enemies":"Jaw Worm","floor":1.0,"turns":1.0},{"damage":0.0,"enemies":"2 Louse","floor":3.0,"turns":1.0},{"damage":0.0,"enemies":"3 Sentries","floor":7.0,"turns":1.0},{"damage":20.0,"enemies":"Lagavulin","floor":10.0,"turns":5.0},{"damage":0.0,"enemies":"Cultist","floor":11.0,"turns":3.0},{"damage":0.0,"enemies":"2 Fungi Beasts","floor":12.0,"turns":4.0},{"damage":19.0,"enemies":"The Guardian","floor":16.0,"turns":13.0},{"damage":15.0,"enemies":"2 Thieves","floor":18.0,"turns":5.0},{"damage":0.0,"enemies":"3 Byrds","floor":22.0,"turns":4.0},{"damage":26.0,"enemies":"Slavers","floor":24.0,"turns":6.0},{"damage":1.0,"enemies":"Centurion and Healer","floor":25.0,"turns":3.0},{"damage":7.0,"enemies":"Shelled Parasite and Fungi","floor":28.0,"turns":3.0},{"damage":6.0,"enemies":"Snake Plant","floor":30.0,"turns":4.0},{"damage":20.0,"enemies":"Champ","floor":33.0,"turns":14.0},{"damage":0.0,"enemies":"3 Darklings","floor":35.0,"turns":3.0},{"damage":0.0,"enemies":"Orb Walker","floor":37.0,"turns":3.0},{"damage":0.0,"enemies":"Jaw Worm Horde","floor":38.0,"turns":4.0},{"damage":0.0,"enemies":"Nemesis","floor":41.0,"turns":5.0},{"damage":0.0,"enemies":"Mind Bloom Boss Battle","floor":42.0,"turns":3.0},{"damage":0.0,"enemies":"Giant Head","floor":44.0,"turns":6.0},{"damage":0.0,"enemies":"Maw","floor":45.0,"turns":5.0},{"damage":0.0,"enemies":"Nemesis","floor":46.0,"turns":7.0},{"damage":0.0,"enemies":"Sphere and 2 Shapes","floor":47.0,"turns":3.0},{"damage":57.0,"enemies":"Time Eater","floor":50.0,"turns":13.0},{"damage":25.0,"enemies":"Awakened One","floor":51.0,"turns":8.0},{"damage":49,"enemies":"Shield and Spear","floor":55,"turns":8},{"damage":37,"enemies":"The Heart","floor":56,"turns":7}],"seed_played":"-7512870600687117733","potions_obtained":[{"floor":3.0,"key":"Ancient Potion"},{"floor":7.0,"key":"FearPotion"},{"floor":12.0,"key":"Block Potion"},{"floor":21.0,"key":"Energy Potion"},{"floor":25.0,"key":"CunningPotion"},{"floor":46.0,"key":"GhostInAJar"}],"is_trial":false,"path_per_floor":["M","?","M","?","?","R","E","R","T","E","M","M","R","?","R","B",null,"M","$","?","?","M","R","E","M","T","?","M","R","M","T","R","B",null,"M","?","M","M","$","R","E","?","T","E","M","E","M","?","R","B","B",null,"R","$","E","B",null],"character_chosen":"THE_SILENT","items_purchased":["Accuracy","Membership Card","OrangePellets"],"campfire_rested":3,"item_purchase_floors":[19,39,54],"current_hp_per_floor":[59,59,59,59,24,24,24,43,43,25,27,29,29,34,34,17,58,45,45,45,45,47,47,23,24,24,24,19,40,36,36,57,39,63,65,65,67,69,69,69,71,71,71,71,71,71,71,71,71,14,16,57,57,57,19,18],"gold":102,"neow_bonus":"THREE_ENEMY_KILL","is_daily":false,"chose_seed":false,"campfire_upgraded":6,"win_rate":0.0,"timestamp":1609967578,"path_taken":["M","?","M","?","?","R","E","R","T","E","?","?","R","?","R","BOSS","M","$","?","?","?","R","E","M","T","?","M","R","?","?","R","BOSS","M","?","M","M","?","R","E","?","T","E","?","E","M","?","R","BOSS","BOSS","R","$","E","BOSS"],"items_purchased_type":["Card","Relic","Relic"],"build_version":"2020-12-22","purchased_purges":3,"victory":true,"max_hp_per_floor":[66,66,66,66,66,66,66,66,66,66,66,66,66,71,71,71,71,71,71,71,71,71,71,71,71,71,71,71,71,71,71,71,71,71,71,71,71,71,71,71,71,71,71,71,71,71,71,71,71,71,71,71,71,71,71,71],"card_choices":[{"not_picked":["Slice","Dodge and Roll"],"picked":"Blade Dance","floor":1.0},{"not_picked":["PiercingWail","Dodge and Roll","Distraction"],"picked":"SKIP","floor":3.0},{"not_picked":["Die Die Die","Quick Slash","Bane"],"picked":"SKIP","floor":7.0},{"not_picked":["Caltrops","PiercingWail"],"picked":"Flying Knee","floor":10.0},{"not_picked":["Quick Slash","Infinite Blades","Dagger Spray"],"picked":"SKIP","floor":11.0},{"not_picked":["Quick Slash","Dagger Spray"],"picked":"Infinite Blades","floor":11.0},{"not_picked":["Poisoned Stab","Heel Hook"],"picked":"Deadly Poison","floor":12.0},{"not_picked":["Adrenaline","Venomology"],"picked":"After Image","floor":16.0},{"not_picked":["Flying Knee","Outmaneuver","Underhanded Strike"],"picked":"SKIP","floor":18.0},{"not_picked":["Prepared","Well Laid Plans"],"picked":"Backstab+1","floor":22.0},{"not_picked":["Blur","Dodge and Roll"],"picked":"Escape Plan","floor":24.0},{"not_picked":["Heel Hook+1","Reflex"],"picked":"Leg Sweep","floor":25.0},{"not_picked":["Catalyst","All Out Attack","Sucker Punch"],"picked":"SKIP","floor":28.0},{"not_picked":["Noxious Fumes","Choke"],"picked":"Backflip","floor":30.0},{"not_picked":["Die Die Die","Burst"],"picked":"After Image","floor":33.0},{"not_picked":["Dagger Throw","Endless Agony","Backflip"],"picked":"SKIP","floor":35.0},{"not_picked":["Predator","Dagger Throw","Backflip+1"],"picked":"SKIP","floor":37.0},{"not_picked":["Flying Knee","Predator","Bane"],"picked":"SKIP","floor":38.0},{"not_picked":["Distraction","Poisoned Stab","Doppelganger"],"picked":"SKIP","floor":41.0},{"not_picked":["Prepared+1","Choke"],"picked":"Finisher","floor":42.0},{"not_picked":["Slice","Unload"],"picked":"Escape Plan","floor":44.0},{"not_picked":["Poisoned Stab","Masterful Stab"],"picked":"Cloak And Dagger+1","floor":45.0},{"not_picked":["Grand Finale","Quick Slash","Prepared"],"picked":"SKIP","floor":46.0},{"not_picked":["Dagger Throw","Dagger Spray","Quick Slash","Setup"],"picked":"SKIP","floor":47.0},{"not_picked":["Quick Slash+1","Backflip","Unload","Dagger Spray+1"],"picked":"SKIP","floor":55}],"player_experience":2178980,"relics_obtained":[{"floor":7.0,"key":"Blood Vial"},{"floor":9.0,"key":"Dota2Spire:AghanimScepter"},{"floor":10.0,"key":"Paper Crane"},{"floor":24.0,"key":"Dota2Spire:MantaStyle"},{"floor":26.0,"key":"Dota2Spire:DrumOfEndurance"},{"floor":31.0,"key":"Akabeko"},{"floor":41.0,"key":"Pantograph"},{"floor":42.0,"key":"Turnip"},{"floor":44.0,"key":"Dota2Spire:MagicBottle"},{"floor":46.0,"key":"Question Card"},{"floor":55,"key":"Dota2Spire:BladeMail"}],"event_choices":[{"cards_removed":["Strike_G"],"damage_healed":0.0,"max_hp_gain":0.0,"max_hp_loss":0.0,"gold_gain":0.0,"event_name":"The Cleric","player_choice":"Card Removal","floor":2.0,"gold_loss":75.0,"damage_taken":0.0},{"damage_healed":0.0,"max_hp_gain":0.0,"max_hp_loss":0.0,"gold_gain":0.0,"event_name":"Living Wall","player_choice":"Grow","floor":4.0,"gold_loss":0.0,"damage_taken":0.0,"cards_upgraded":["Blade Dance"]},{"damage_healed":0.0,"max_hp_gain":0.0,"max_hp_loss":0.0,"gold_gain":0.0,"event_name":"Scrap Ooze","player_choice":"Success","floor":5.0,"gold_loss":0.0,"damage_taken":35.0,"relics_obtained":["Dota2Spire:PhaseBoots"]},{"damage_healed":0.0,"max_hp_gain":5.0,"max_hp_loss":0.0,"gold_gain":0.0,"event_name":"Big Fish","player_choice":"Donut","floor":14.0,"gold_loss":0.0,"damage_taken":0.0},{"cards_removed":["Strike_G"],"damage_healed":0.0,"max_hp_gain":0.0,"max_hp_loss":0.0,"gold_gain":0.0,"event_name":"Beggar","player_choice":"Gave Gold","floor":20.0,"gold_loss":75.0,"damage_taken":0.0},{"damage_healed":0.0,"max_hp_gain":0.0,"max_hp_loss":0.0,"gold_gain":0.0,"event_name":"Lab","player_choice":"Got Potions","floor":21.0,"gold_loss":0.0,"damage_taken":0.0},{"damage_healed":0.0,"max_hp_gain":0.0,"max_hp_loss":0.0,"gold_gain":0.0,"event_name":"Accursed Blacksmith","player_choice":"Forge","floor":27.0,"gold_loss":0.0,"damage_taken":0.0,"cards_upgraded":["Survivor"]},{"damage_healed":0.0,"max_hp_gain":0.0,"max_hp_loss":0.0,"gold_gain":0.0,"event_name":"Duplicator","player_choice":"Copied","floor":36.0,"gold_loss":0.0,"damage_taken":0.0,"cards_obtained":["Blade Dance"]},{"damage_healed":0.0,"max_hp_gain":0.0,"max_hp_loss":0.0,"gold_gain":0.0,"event_name":"MindBloom","player_choice":"Fight","floor":42.0,"gold_loss":0.0,"damage_taken":0.0},{"cards_removed":["Backstab"],"damage_healed":0.0,"max_hp_gain":0.0,"max_hp_loss":0.0,"gold_gain":0.0,"event_name":"Falling","player_choice":"Removed Attack","floor":48.0,"gold_loss":0.0,"damage_taken":0.0}],"is_beta":false,"boss_relics":[{"not_picked":["Ectoplasm","Ring of the Serpent"],"picked":"Astrolabe"},{"not_picked":["Sozu","Philosopher\u0027s Stone"],"picked":"Dota2Spire:RefresherOrb"}],"items_purged_floors":[19,39,54],"is_endless":false,"potions_floor_spawned":[3,7,12,22,25,30,35,37,42,44,45,46],"ascension_level":20}}