{"host":"raxmxgtw2nbiczxd","time":1609944740,"event":{"mods":["AchievementEnabler","Aspiration","BaseMod","Beaked The Cultist","BetterRewards","Conspire","Downfall","Friendly Minions","Halation","Hero for Fun","Hubris","Infinite Spire","Jedi Mod","Mimic Mod","Minty Spire (QoL Compilation)","Quick Restart","Relic Stats","Replay The Spire","Shop Mod","Spikes Relics","StSLib","The Animator","The Blackbeard","The Necromancer","The Servant 0.9.4","Yuri Mod","vexMod","????"],"gold_per_floor":[122,97,922,946,946,1025,1025,1041,1041,1061,1090,944,971,989,989,1103,1103,1103],"floor_reached":17,"playtime":2218,"items_purged":["Strike_P","Strike_P","Strike_P","Strike_P","Vigilance","Eruption","Defend_P","PathToVictory+1","Defend_P","Defend_P","Protect+1","Defend_P+1","Replay:DivineShield+1","Delirium","PathToVictory+1"],"score":690,"play_id":"da90b239-9ae7-4382-87ca-45833b306fbc","local_time":"20210106215220","is_ascension_mode":true,"campfire_choices":[],"circlet_count":0,"master_deck":["Study+1","conspire:Banana+1","PathToVictory+1","PathToVictory+1","ClearTheMind+1","LikeWater+1","LikeWater+1","LikeWater+1","LikeWater+1","LikeWater+1","LikeWater+1","Panache+1","Panache+1","BattleHymn+1","BattleHymn+1","LikeWater+1","LikeWater+1","Study+1","Evaluate+1","Study+1","Study+1","Evaluate+1","BattleHymn+1","conspire:Banana+1","LikeWater+1","Summon_Undead+1","Summon_Vampire_Lady+1"],"relics":["PureWater","Frozen Egg 2","Molten Egg 2","Toxic Egg 2","Ice Cream","Mummified Hand","Quantum Egg","Potion Belt","infinitespire:ShieldingShard","hubris:SlimyHat","Gremlin Horn","halation:Sosunser","halation:PrussianBluePaint","Ancient Tea Set","TheAbacus","Oddly Smooth Stone","OrangePellets","aspiration:HatOfInfinitePower","Pet Ghost","Whetstone","conspire:TreasureMap","LugNut","ReplayFunnel","halation:OrihimeAndHikoboshiSamaAndTears","jedi:kaleidoscope","hubris:ToyBattleship","infinitespire:Lucky Rock","Bag of Preparation","halation:PromiseList","jedi:angrymask","Membership Card","infinitespire:Midas Blood","Letter Opener","Golden Egg","RollingBoulder","Replay:Lucky Slots","Cauldron","jedi:shrinkray","halation:AfternoonTea","Tiny Chest","Replay:Mystery Machine","Medical Kit","jedi:HeartOfTheCards","RoseTintedShades","conspire:Dentures","Lantern","halation:NonexistentMirror","MiniBlackHole","MealTicket","GiantMaggot","aspiration:FetidBarrel","infinitespire:Bottled Soul","Bronze Scales","Happy Flower","jedi:heavyjacket","Frozen Eye","vexMod:ScavengeHelm","Singing Bowl","Centennial Puzzle","hubris:TenFootPole","infinitespire:EmpoweringShard","aspiration:Lifesprig","SpikesRelics:ToyHorsey","WingedGreaves","Simple Rune","conspire:BottledYoYo","Blue Candle","halation:LostSnail","ShockBauble","jedi:fakemustache","Chameleon Ring","hubris:PeanutButter","Lee\u0027s Waffle","Sundial","Pocketwatch","ReplayTheSpireMod:Shallot","vexMod:BarristanHead","infinitespire:Joker Card","hubris:TinFlute","Chemical X","jedi:archwizardhat","jedi:Pinwheel","infinitespire:Broken Mirror","jedi:cryingmask","yuri:PortableGlitches","vexMod:Spyglass","Darkstone Periapt","InkBottle","SpikesRelics:DaevaFist","Orichalcum","aspiration:Nostalgia","Anchor","aspiration:EmptySkull","Strawberry","BargainBundle","GoldenEye","SnailShell","aspiration:FrozenJewel","Nunchaku","Blue Doll","jedi:arcanewood","Dream Catcher","halation:TwoAmDonut","ClockworkSouvenir","infinitespire:Beetle Shell","vexMod:FocusSash","jedi:gremlinknob","Shuriken","Matryoshka","Pear","aspiration:ChemicalBlood","hubris:SphereOfDissonance","Gremlin Food","PreservedInsect","FossilizedHelix","Durian","jedi:bottledfury","Replay:Rubber Ducky","Replay:Wax Seal","Regal Pillow","Replay:Bandana","halation:IllGainedPizza","ReplayTheSpireMod:Lightbulb","aspiration:TomeofQuesting","halation:WeightlessCrab","vexMod:PaidLearning","infinitespire:PuzzleCube","hubris:MobiusCoin","hubris:CrystalStatue","CrustySpines","ExplosiveVial","HandDrill","Replay:WaspNest","hubris:OldNail","Sling","Onion Ring","hubris:DisguiseKit","Pondfish Scales","Bag of Marbles","CaptainsWheel","infinitespire:WardingShard","White Beast Statue","infinitespire:FocusingShard","jedi:windupbox","halation:Toothbrush","hubris:64BitClover","aspiration:StickyExplosives_weak","Pen Nib","ReplayTheSpireMod:CursedCoin","aspiration:ArtOfWarUpgrade","Kunai","Torii","Juzu Bracelet","Blood Vial","Vajra","War Paint","conspire:TopHat","Meat on the Bone","DollysMirror","Omamori","conspire:InfiniteJournal","Toy Ornithopter","hubris:MysteriousPyramids","Replay:Arrowhead","Ornamental Fan","Replay:Baseball","RetroEgg","Boot","Unceasing Top","hubris:CuriousFeather"],"acts_visited":["Exordium","TheCity"],"potions_floor_usage":[],"damage_taken":[{"damage":0,"enemies":"Small Slimes","floor":1,"turns":2},{"damage":0,"enemies":"Gremlin Nob","floor":6,"turns":1},{"damage":0,"enemies":"2 Louse","floor":8,"turns":1},{"damage":0,"enemies":"Jaw Worm","floor":10,"turns":1},{"damage":0,"enemies":"Lagavulin","floor":11,"turns":1},{"damage":0,"enemies":"Gremlin Nob","floor":13,"turns":1},{"damage":0,"enemies":"Looter","floor":14,"turns":1},{"damage":0,"enemies":"Fading Forest","floor":16,"turns":3}],"seed_played":"662494564778392020","potions_obtained":[{"floor":0,"key":"Regen Potion"},{"floor":0,"key":"Energy Potion"},{"floor":0,"key":"Dexterity Potion"},{"floor":0,"key":"Dexterity Potion"},{"floor":0,"key":"DuplicationPotion"}],"is_trial":false,"path_per_floor":["M","?","$","T","?","E","R","M","T","M","E","$","E","M","R","B",null],"character_chosen":"WATCHER","items_purchased":["Potion Belt","infinitespire:ShieldingShard","Study","conspire:Banana","hubris:SlimyHat","Gremlin Horn","halation:Sosunser","halation:PrussianBluePaint","PathToVictory+1","jedi:wingpotion","Ancient Tea Set","TheAbacus","PathToVictory+1","ClearTheMind+1","Oddly Smooth Stone","OrangePellets","aspiration:HatOfInfinitePower","LikeWater+1","Pet Ghost","Whetstone","jedi:holywater","jedi:hoardpotion","PowerPotion","conspire:TreasureMap","PathToVictory+1","LugNut","ReplayFunnel","halation:OrihimeAndHikoboshiSamaAndTears","LikeWater+1","jedi:kaleidoscope","hubris:ToyBattleship","infinitespire:Lucky Rock","Bag of Preparation","LikeWater+1","halation:PromiseList","jedi:angrymask","Membership Card","infinitespire:Midas Blood","Letter Opener","Golden Egg","RollingBoulder","Replay:Lucky Slots","Cauldron","jedi:shrinkray","halation:AfternoonTea","Tiny Chest","Replay:Mystery Machine","Medical Kit","jedi:HeartOfTheCards","RoseTintedShades","conspire:Dentures","Lantern","halation:NonexistentMirror","LikeWater+1","Panache+1","MiniBlackHole","MealTicket","BattleHymn+1","GiantMaggot","BattleHymn+1","aspiration:FetidBarrel","LikeWater+1","infinitespire:Bottled Soul","Bronze Scales","Happy Flower","jedi:heavyjacket","Frozen Eye","vexMod:ScavengeHelm","Singing Bowl","Centennial Puzzle","hubris:TenFootPole","infinitespire:EmpoweringShard","aspiration:Lifesprig","SpikesRelics:ToyHorsey","WingedGreaves","LikeWater+1","Simple Rune","Study+1","conspire:BottledYoYo","Blue Candle","halation:LostSnail","ShockBauble","jedi:fakemustache","Evaluate+1","Chameleon Ring","hubris:PeanutButter","Lee\u0027s Waffle","Study+1","Sundial","Pocketwatch","ReplayTheSpireMod:Shallot","vexMod:BarristanHead","infinitespire:Joker Card","hubris:TinFlute","Chemical X","jedi:archwizardhat","jedi:Pinwheel","infinitespire:Broken Mirror","jedi:cryingmask","yuri:PortableGlitches","vexMod:Spyglass","Study+1","Darkstone Periapt","InkBottle","Protect+1","SpikesRelics:DaevaFist","Orichalcum","Evaluate+1","aspiration:Nostalgia","Anchor","aspiration:EmptySkull","Strawberry","BargainBundle","GoldenEye","SnailShell","aspiration:FrozenJewel","Nunchaku","Blue Doll","jedi:arcanewood","Dream Catcher","halation:TwoAmDonut","Replay:DivineShield+1","ClockworkSouvenir","infinitespire:Beetle Shell","vexMod:FocusSash","jedi:gremlinknob","Shuriken","Matryoshka","Pear","aspiration:ChemicalBlood","hubris:SphereOfDissonance","Gremlin Food","PreservedInsect","FossilizedHelix","Durian","jedi:bottledfury","Replay:Rubber Ducky","Replay:Wax Seal","Regal Pillow","Replay:Bandana","halation:IllGainedPizza","ReplayTheSpireMod:Lightbulb","aspiration:TomeofQuesting","halation:WeightlessCrab","vexMod:PaidLearning","infinitespire:PuzzleCube","hubris:MobiusCoin","hubris:CrystalStatue","CrustySpines","ExplosiveVial","HandDrill","Replay:WaspNest","hubris:OldNail","Sling","Onion Ring","hubris:DisguiseKit","Pondfish Scales","Bag of Marbles","CaptainsWheel","infinitespire:WardingShard","White Beast Statue","infinitespire:FocusingShard","jedi:windupbox","halation:Toothbrush","hubris:64BitClover","aspiration:StickyExplosives_weak","Pen Nib","ReplayTheSpireMod:CursedCoin","Art of War","Kunai","Torii","BattleHymn+1","Juzu Bracelet","Blood Vial","Vajra","War Paint","conspire:TopHat","Meat on the Bone","DollysMirror","Omamori","conspire:InfiniteJournal","vexMod:BerryBomb","Toy Ornithopter","hubris:MysteriousPyramids","Replay:Arrowhead","LikeWater+1","FairyPotion","hubris:CuriousFeather"],"campfire_rested":0,"item_purchase_floors":[0,0,0,0,0,0,0,0,0,0,0,0,0,0,0,0,0,0,0,0,0,0,0,0,0,0,0,0,0,0,0,0,0,0,0,0,0,0,0,0,0,0,0,0,0,0,0,0,0,0,0,0,0,0,0,0,0,0,0,0,0,0,0,0,0,0,0,0,0,0,0,0,0,0,0,0,0,0,0,0,0,0,0,0,0,0,0,0,0,0,0,0,0,0,0,0,0,0,0,0,0,0,0,0,0,0,0,0,0,0,0,0,0,0,0,0,0,0,0,0,0,0,0,0,0,0,0,0,0,0,0,0,0,0,0,0,0,0,0,0,0,0,0,0,0,0,0,0,0,0,0,0,0,0,0,0,0,0,0,0,0,0,0,0,0,0,0,0,0,0,0,0,0,0,0,0,0,0,0,0,0,0,0,0,0,0,0,12],"current_hp_per_floor":[116,116,119,119,119,125,125,127,127,131,137,137,143,145,145,151,151,151],"gold":1103,"neow_bonus":"","is_daily":false,"chose_seed":false,"campfire_upgraded":0,"win_rate":0.0,"timestamp":1609944740,"path_taken":["M","?","$","?","?","E","R","M","T","M","E","?","E","M","R","BOSS"],"items_purchased_type":["Relic","Relic","Card","Card","Relic","Relic","Relic","Relic","Card","Potion","Relic","Relic","Card","Card","Relic","Relic","Relic","Card","Relic","Relic","Potion","Potion","Potion","Relic","Card","Relic","Relic","Relic","Card","Relic","Relic","Relic","Relic","Card","Relic","Relic","Relic","Relic","Relic","Relic","Relic","Relic","Relic","Relic","Relic","Relic","Relic","Relic","Relic","Relic","Relic","Relic","Relic","Card","Card","Relic","Relic","Card","Relic","Card","Relic","Card","Relic","Relic","Relic","Relic","Relic","Relic","Relic","Relic","Relic","Relic","Relic","Relic","Relic","Card","Relic","Card","Relic","Relic","Relic","Relic","Relic","Card","Relic","Relic","Relic","Card","Relic","Relic","Relic","Relic","Relic","Relic","Relic","Relic","Relic","Relic","Relic","Relic","Relic","Card","Relic","Relic","Card","Relic","Relic","Card","Relic","Relic","Relic","Relic","Relic","Relic","Relic","Relic","Relic","Relic","Relic","Relic","Relic","Card","Relic","Relic","Relic","Relic","Relic","Relic","Relic","Relic","Relic","Relic","Relic","Relic","Relic","Relic","Relic","Relic","Relic","Relic","Relic","Relic","Relic","Relic","Relic","Relic","Relic","Relic","Relic","Relic","Relic","Relic","Relic","Relic","Relic","Relic","Relic","Relic","Relic","Relic","Relic","Relic","Relic","Relic","Relic","Relic","Relic","Relic","Relic","Relic","Relic","Card","Relic","Relic","Relic","Relic","Relic","Relic","Relic","Relic","Relic","Relic","Relic","Relic","Relic","Card","Potion","Relic"],"build_version":"2020-12-22","purchased_purges":15,"victory":false,"max_hp_per_floor":[116,116,119,119,119,125,125,127,127,131,137,137,143,145,145,151,151,151],"relic_stats":{"Darkstone Periapt":6,"Regal Pillow":0,"Gremlin Horn":[2,2],"Singing Bowl":50,"Torii":0,"Bag of Preparation":[65],"Juzu Bracelet":0,"Whetstone":[],"Boot":[0],"Blood Vial":0,"Centennial Puzzle":[6],"Nunchaku":[1],"Dream Catcher":0,"TheAbacus":[0],"Mummified Hand":[479],"Sundial":[0],"Tiny Chest":0,"MealTicket":7,"HandDrill":[26],"Chemical X":[2],"Kunai":[1],"InkBottle":[10],"Lee\u0027s Waffle":77,"Happy Flower":[3],"counters":[60,197],"Blue Candle":[0],"PreservedInsect":70,"Pen Nib":[1],"Letter Opener":[45],"Orichalcum":[6],"War Paint":[],"Medical Kit":[0],"GoldenEye":[0],"OrangePellets":[4],"Shuriken":[1],"Ornamental Fan":[4],"Bronze Scales":[0],"obtain_stats":[{"jedi:angrymask":0,"jedi:bottledfury":0,"hubris:MysteriousPyramids":0,"Sling":0,"jedi:shrinkray":0,"Blood Vial":0,"vexMod:InvisibilityCloak":12,"infinitespire:ShieldingShard":0,"Fusion Hammer":17,"HandDrill":5,"halation:PromiseList":0,"Replay:Bottled Steam":13,"hubris:MobiusCoin":0,"Blue Candle":0,"yuri:yuriKnife":0,"Pen Nib":11,"infinitespire:EvilPickle":33,"infinitespire:Lychee Nut":6,"infinitespire:Broken Mirror":0,"Bird Faced Urn":38,"conspire:BottledYoYo":0,"vexMod:ImprovementManual":31,"Unceasing Top":11,"vexMod:PlasmaPancake":0,"Regal Pillow":25,"Torii":23,"Singing Bowl":0,"m_DevilBlood":40,"hubris:EmptyBottle":11,"Ancient Tea Set":0,"Pet Ghost":0,"conspire:InfiniteJournal":46,"infinitespire:Bottled Soul":0,"aspiration:AnachronicSnailShell":24,"hubris:CuriousFeather":12,"Chemical X":0,"InkBottle":0,"aspiration:ChemicalBlood":0,"Potion Belt":19,"Lee\u0027s Waffle":11,"hubris:64BitClover":7,"vexMod:BerryBomb":11,"PreservedInsect":0,"infinitespire:Lucky Rock":42,"Replay:Arrowhead":0,"halation:NonexistentMirror":0,"Ornamental Fan":2,"SpikesRelics:DaevaFist":0,"Durian":0,"Art of War":0,"halation:Trompette":10,"hubris:BottledRain":26,"infinitespire:Midas Blood":0,"Ice Cream":0,"ShockBauble":39,"Gremlin Horn":0,"aspiration:Stabinomicon":23,"Centennial Puzzle":0,"jedi:paperlyon":22,"halation:PrussianBluePaint":0,"Philosopher\u0027s Stone":17,"LugNut":11,"Girya":10,"ReplayTheSpireMod:CursedCoin":0,"vexMod:PaidLearning":0,"aspiration:HiddenCompartment":9,"OrangePellets":0,"aspiration:EmptySkull":0,"hubris:PeanutButter":49,"Onion Ring":0,"infinitespire:EmpoweringShard":0,"aspiration:HatOfInfinitePower":0,"Pocketwatch":0,"aspiration:TomeofQuesting":0,"halation:WeightlessCrab":0,"Juzu Bracelet":0,"Replay:Mystery Machine":0,"vexMod:Spyglass":23,"conspire:TopHat":44,"aspiration:StickyExplosives_weak":0,"Nunchaku":0,"Dream Catcher":0,"TheAbacus":49,"Chameleon Ring":0,"MiniBlackHole":0,"Guide Book":44,"halation:IllGainedPizza":0,"infinitespire:FocusingShard":8,"Replay:WaspNest":0,"vexMod:FocusSash":0,"Medical Kit":46,"Mercury Hourglass":8,"jedi:fakemustache":0,"jedi:windupbox":0,"Cauldron":8,"Pondfish Scales":0,"vexMod:BarristanHead":0,"Bag of Marbles":0,"Membership Card":0,"yuri:PortableGlitches":0,"hubris:OldNail":0,"FossilizedHelix":0,"ReplayTheSpireMod:ShopPack":22,"Golden Egg":0,"Whetstone":0,"Boot":43,"Replay:Ringing Soul":19,"jedi:firstaidkit":11,"Sundial":0,"MealTicket":21,"Kunai":0,"Replay:Wax Seal":9,"hubris:TinFlute":0,"conspire:TreasureMap":0,"Pear":0,"GiantMaggot":0,"hubris:SphereOfDissonance":0,"Replay:Ancient Bell":34,"aspiration:FrozenJewel":0,"hubris:TenFootPole":0,"infinitespire:PuzzleCube":0,"WizardHat":29,"halation:Diary":39,"Lantern":34,"hubris:Metronome":30,"aspiration:Lifesprig":0,"halation:Sosunser":0,"Blue Doll":29,"RoseTintedShades":0,"Bag of Preparation":5,"jedi:archwizardhat":0,"Replay:Rubber Ducky":0,"Matryoshka":0,"Replay:Lucky Slots":32,"halation:Toothbrush":5,"WingedGreaves":0,"jedi:gremlinknob":0,"infinitespire:Joker Card":0,"Omamori":0,"infinitespire:CheckeredPen":32,"Frozen Egg 2":0,"GoldenEye":44,"ExplosiveVial":8,"Orrery":0,"halation:AfternoonTea":46,"halation:TwoAmDonut":0,"halation:LostSnail":0,"ReplayTheSpireMod:Lightbulb":0,"Toy Ornithopter":0,"hubris:CrystalStatue":43,"Vajra":23,"SpikesRelics:ToyHorsey":0,"DollysMirror":0,"Strawberry":28,"aspiration:ArtOfWarUpgrade":15,"Toxic Egg 2":0,"conspire:Dentures":0,"halation:OrihimeAndHikoboshiSamaAndTears":0,"Happy Flower":40,"aspiration:Nostalgia":40,"vexMod:ScavengeHelm":0,"Oddly Smooth Stone":28,"vexMod:TimeEaterHat":38,"infinitespire:Beetle Shell":36,"Replay:Kaleidoscope":0,"Letter Opener":7,"War Paint":0,"jedi:HeartOfTheCards":21,"jedi:heavyjacket":0,"Replay:Baseball":4,"ReplayTheSpireMod:Shallot":15,"Shuriken":34,"Bronze Scales":0,"Molten Egg 2":0,"Simple Rune":0,"hubris:ToyBattleship":0,"CrustySpines":34,"Meat on the Bone":0,"Darkstone Periapt":0,"ReplayFunnel":0,"SnailShell":0,"beaked:ShinyBauble":32,"RetroEgg":6,"conspire:SpecialSausage":36,"hubris:SlimyHat":6,"jedi:Pinwheel":38,"ClockworkSouvenir":0,"Frozen Eye":0,"Replay:Bandana":0,"Mummified Hand":0,"Pantograph":8,"jedi:cryingmask":46,"RollingBoulder":0,"Tiny Chest":0,"Gremlin Food":4,"hubris:DisguiseKit":0,"BargainBundle":0,"aspiration:FetidBarrel":0,"Quantum Egg":2,"vexMod:ConsolationPrize":9,"Orichalcum":0,"White Beast Statue":0,"Anchor":4,"CaptainsWheel":0,"jedi:kaleidoscope":0,"infinitespire:WardingShard":0,"jedi:ominousloannote":13,"Snack Pack":0,"PureWater":0,"jedi:arcanewood":15},{"jedi:angrymask":52,"jedi:bottledfury":52,"hubris:MysteriousPyramids":52,"Sling":52,"jedi:shrinkray":52,"Blood Vial":52,"vexMod:InvisibilityCloak":31,"infinitespire:ShieldingShard":52,"Fusion Hammer":33,"HandDrill":29,"halation:PromiseList":52,"Replay:Bottled Steam":7,"hubris:MobiusCoin":52,"Blue Candle":52,"yuri:yuriKnife":52,"Pen Nib":6,"infinitespire:EvilPickle":17,"infinitespire:Lychee Nut":5,"infinitespire:Broken Mirror":52,"Bird Faced Urn":19,"conspire:BottledYoYo":52,"vexMod:ImprovementManual":16,"Unceasing Top":57,"vexMod:PlasmaPancake":26,"Regal Pillow":38,"Torii":12,"Singing Bowl":26,"m_DevilBlood":20,"hubris:EmptyBottle":6,"Ancient Tea Set":52,"Pet Ghost":52,"conspire:InfiniteJournal":23,"infinitespire:Bottled Soul":52,"aspiration:AnachronicSnailShell":13,"hubris:CuriousFeather":57,"Chemical X":26,"InkBottle":52,"aspiration:ChemicalBlood":26,"Potion Belt":34,"Lee\u0027s Waffle":31,"hubris:64BitClover":30,"vexMod:BerryBomb":31,"PreservedInsect":52,"infinitespire:Lucky Rock":22,"Replay:Arrowhead":52,"halation:NonexistentMirror":52,"Ornamental Fan":53,"SpikesRelics:DaevaFist":52,"Durian":52,"Art of War":52,"halation:Trompette":6,"hubris:BottledRain":14,"infinitespire:Midas Blood":52,"Ice Cream":1,"ShockBauble":45,"Gremlin Horn":52,"aspiration:Stabinomicon":36,"Centennial Puzzle":26,"jedi:paperlyon":35,"halation:PrussianBluePaint":52,"Philosopher\u0027s Stone":9,"LugNut":6,"Girya":31,"ReplayTheSpireMod:CursedCoin":52,"vexMod:PaidLearning":52,"aspiration:HiddenCompartment":55,"OrangePellets":52,"aspiration:EmptySkull":52,"hubris:PeanutButter":25,"Onion Ring":52,"infinitespire:EmpoweringShard":52,"aspiration:HatOfInfinitePower":52,"Pocketwatch":52,"aspiration:TomeofQuesting":26,"halation:WeightlessCrab":26,"Juzu Bracelet":52,"Replay:Mystery Machine":52,"vexMod:Spyglass":12,"conspire:TopHat":22,"aspiration:StickyExplosives_weak":52,"Nunchaku":52,"Dream Catcher":52,"TheAbacus":25,"Chameleon Ring":52,"MiniBlackHole":26,"Guide Book":22,"halation:IllGainedPizza":52,"infinitespire:FocusingShard":30,"Replay:WaspNest":52,"vexMod:FocusSash":1,"Medical Kit":23,"Mercury Hourglass":30,"jedi:fakemustache":52,"jedi:windupbox":52,"Cauldron":30,"Pondfish Scales":52,"vexMod:BarristanHead":52,"Bag of Marbles":52,"Membership Card":52,"yuri:PortableGlitches":52,"hubris:OldNail":26,"FossilizedHelix":52,"ReplayTheSpireMod:ShopPack":35,"Golden Egg":52,"Whetstone":52,"Boot":22,"Replay:Ringing Soul":34,"jedi:firstaidkit":31,"Sundial":52,"MealTicket":12,"Kunai":52,"Replay:Wax Seal":5,"hubris:TinFlute":52,"conspire:TreasureMap":52,"Pear":52,"GiantMaggot":52,"hubris:SphereOfDissonance":52,"Replay:Ancient Bell":17,"aspiration:FrozenJewel":52,"hubris:TenFootPole":52,"infinitespire:PuzzleCube":52,"WizardHat":15,"halation:Diary":45,"Lantern":17,"hubris:Metronome":41,"aspiration:Lifesprig":52,"halation:Sosunser":52,"Blue Doll":15,"RoseTintedShades":52,"Bag of Preparation":29,"jedi:archwizardhat":52,"Replay:Rubber Ducky":52,"Matryoshka":52,"Replay:Lucky Slots":16,"halation:Toothbrush":29,"WingedGreaves":52,"jedi:gremlinknob":52,"infinitespire:Joker Card":52,"Omamori":52,"infinitespire:CheckeredPen":16,"Frozen Egg 2":1,"GoldenEye":22,"ExplosiveVial":5,"Orrery":26,"halation:AfternoonTea":49,"halation:TwoAmDonut":52,"halation:LostSnail":52,"ReplayTheSpireMod:Lightbulb":52,"Toy Ornithopter":52,"hubris:CrystalStatue":47,"Vajra":12,"SpikesRelics:ToyHorsey":52,"DollysMirror":26,"Strawberry":15,"aspiration:ArtOfWarUpgrade":59,"Toxic Egg 2":1,"conspire:Dentures":52,"halation:OrihimeAndHikoboshiSamaAndTears":52,"Happy Flower":20,"aspiration:Nostalgia":20,"vexMod:ScavengeHelm":52,"Oddly Smooth Stone":15,"vexMod:TimeEaterHat":19,"infinitespire:Beetle Shell":19,"Replay:Kaleidoscope":1,"Letter Opener":5,"War Paint":52,"jedi:HeartOfTheCards":12,"jedi:heavyjacket":52,"Replay:Baseball":53,"ReplayTheSpireMod:Shallot":32,"Shuriken":17,"Bronze Scales":52,"Molten Egg 2":1,"Simple Rune":52,"hubris:ToyBattleship":52,"CrustySpines":17,"Meat on the Bone":52,"Darkstone Periapt":26,"ReplayFunnel":52,"SnailShell":1,"beaked:ShinyBauble":16,"RetroEgg":54,"conspire:SpecialSausage":44,"hubris:SlimyHat":29,"jedi:Pinwheel":19,"ClockworkSouvenir":52,"Frozen Eye":52,"Replay:Bandana":26,"Mummified Hand":1,"Pantograph":5,"jedi:cryingmask":23,"RollingBoulder":26,"Tiny Chest":52,"Gremlin Food":4,"hubris:DisguiseKit":52,"BargainBundle":52,"aspiration:FetidBarrel":52,"Quantum Egg":3,"vexMod:ConsolationPrize":30,"Orichalcum":52,"White Beast Statue":52,"Anchor":4,"CaptainsWheel":52,"jedi:kaleidoscope":52,"infinitespire:WardingShard":52,"jedi:ominousloannote":7,"Snack Pack":26,"PureWater":0,"jedi:arcanewood":8},{"jedi:angrymask":186,"jedi:bottledfury":186,"hubris:MysteriousPyramids":186,"Sling":186,"jedi:shrinkray":186,"Blood Vial":186,"vexMod:InvisibilityCloak":111,"infinitespire:ShieldingShard":186,"Fusion Hammer":121,"HandDrill":105,"halation:PromiseList":186,"Replay:Bottled Steam":21,"hubris:MobiusCoin":186,"Blue Candle":186,"yuri:yuriKnife":186,"Pen Nib":18,"infinitespire:EvilPickle":64,"infinitespire:Lychee Nut":12,"infinitespire:Broken Mirror":186,"Bird Faced Urn":71,"conspire:BottledYoYo":186,"vexMod:ImprovementManual":58,"Unceasing Top":192,"vexMod:PlasmaPancake":99,"Regal Pillow":141,"Torii":45,"Singing Bowl":99,"m_DevilBlood":75,"hubris:EmptyBottle":18,"Ancient Tea Set":186,"Pet Ghost":186,"conspire:InfiniteJournal":87,"infinitespire:Bottled Soul":186,"aspiration:AnachronicSnailShell":49,"hubris:CuriousFeather":192,"Chemical X":99,"InkBottle":186,"aspiration:ChemicalBlood":99,"Potion Belt":124,"Lee\u0027s Waffle":111,"hubris:64BitClover":108,"vexMod:BerryBomb":111,"PreservedInsect":186,"infinitespire:Lucky Rock":84,"Replay:Arrowhead":186,"halation:NonexistentMirror":186,"Ornamental Fan":188,"SpikesRelics:DaevaFist":186,"Durian":186,"Art of War":186,"halation:Trompette":18,"hubris:BottledRain":52,"infinitespire:Midas Blood":186,"Ice Cream":3,"ShockBauble":162,"Gremlin Horn":186,"aspiration:Stabinomicon":132,"Centennial Puzzle":99,"jedi:paperlyon":128,"halation:PrussianBluePaint":186,"Philosopher\u0027s Stone":35,"LugNut":18,"Girya":111,"ReplayTheSpireMod:CursedCoin":186,"vexMod:PaidLearning":186,"aspiration:HiddenCompartment":190,"OrangePellets":186,"aspiration:EmptySkull":186,"hubris:PeanutButter":94,"Onion Ring":186,"infinitespire:EmpoweringShard":186,"aspiration:HatOfInfinitePower":186,"Pocketwatch":186,"aspiration:TomeofQuesting":99,"halation:WeightlessCrab":99,"Juzu Bracelet":186,"Replay:Mystery Machine":186,"vexMod:Spyglass":45,"conspire:TopHat":84,"aspiration:StickyExplosives_weak":186,"Nunchaku":186,"Dream Catcher":186,"TheAbacus":94,"Chameleon Ring":186,"MiniBlackHole":99,"Guide Book":84,"halation:IllGainedPizza":186,"infinitespire:FocusingShard":108,"Replay:WaspNest":186,"vexMod:FocusSash":3,"Medical Kit":87,"Mercury Hourglass":108,"jedi:fakemustache":186,"jedi:windupbox":186,"Cauldron":108,"Pondfish Scales":186,"vexMod:BarristanHead":186,"Bag of Marbles":186,"Membership Card":186,"yuri:PortableGlitches":186,"hubris:OldNail":99,"FossilizedHelix":186,"ReplayTheSpireMod:ShopPack":128,"Golden Egg":186,"Whetstone":186,"Boot":84,"Replay:Ringing Soul":124,"jedi:firstaidkit":111,"Sundial":186,"MealTicket":45,"Kunai":186,"Replay:Wax Seal":12,"hubris:TinFlute":186,"conspire:TreasureMap":186,"Pear":186,"GiantMaggot":186,"hubris:SphereOfDissonance":186,"Replay:Ancient Bell":64,"aspiration:FrozenJewel":186,"hubris:TenFootPole":186,"infinitespire:PuzzleCube":186,"WizardHat":54,"halation:Diary":162,"Lantern":64,"hubris:Metronome":148,"aspiration:Lifesprig":186,"halation:Sosunser":186,"Blue Doll":54,"RoseTintedShades":186,"Bag of Preparation":105,"jedi:archwizardhat":186,"Replay:Rubber Ducky":186,"Matryoshka":186,"Replay:Lucky Slots":58,"halation:Toothbrush":105,"WingedGreaves":186,"jedi:gremlinknob":186,"infinitespire:Joker Card":186,"Omamori":186,"infinitespire:CheckeredPen":58,"Frozen Egg 2":3,"GoldenEye":84,"ExplosiveVial":12,"Orrery":99,"halation:AfternoonTea":177,"halation:TwoAmDonut":186,"halation:LostSnail":186,"ReplayTheSpireMod:Lightbulb":186,"Toy Ornithopter":186,"hubris:CrystalStatue":171,"Vajra":45,"SpikesRelics:ToyHorsey":186,"DollysMirror":99,"Strawberry":54,"aspiration:ArtOfWarUpgrade":194,"Toxic Egg 2":3,"conspire:Dentures":186,"halation:OrihimeAndHikoboshiSamaAndTears":186,"Happy Flower":75,"aspiration:Nostalgia":75,"vexMod:ScavengeHelm":186,"Oddly Smooth Stone":54,"vexMod:TimeEaterHat":71,"infinitespire:Beetle Shell":71,"Replay:Kaleidoscope":3,"Letter Opener":12,"War Paint":186,"jedi:HeartOfTheCards":45,"jedi:heavyjacket":186,"Replay:Baseball":188,"ReplayTheSpireMod:Shallot":112,"Shuriken":64,"Bronze Scales":186,"Molten Egg 2":3,"Simple Rune":186,"hubris:ToyBattleship":186,"CrustySpines":64,"Meat on the Bone":186,"Darkstone Periapt":99,"ReplayFunnel":186,"SnailShell":3,"beaked:ShinyBauble":58,"RetroEgg":189,"conspire:SpecialSausage":159,"hubris:SlimyHat":105,"jedi:Pinwheel":71,"ClockworkSouvenir":186,"Frozen Eye":186,"Replay:Bandana":99,"Mummified Hand":3,"Pantograph":12,"jedi:cryingmask":87,"RollingBoulder":99,"Tiny Chest":186,"Gremlin Food":10,"hubris:DisguiseKit":186,"BargainBundle":186,"aspiration:FetidBarrel":186,"Quantum Egg":8,"vexMod:ConsolationPrize":108,"Orichalcum":186,"White Beast Statue":186,"Anchor":10,"CaptainsWheel":186,"jedi:kaleidoscope":186,"infinitespire:WardingShard":186,"jedi:ominousloannote":21,"Snack Pack":99,"PureWater":0,"jedi:arcanewood":24}],"Toy Ornithopter":0,"Unceasing Top":[0],"Pocketwatch":[0],"Meat on the Bone":0},"card_choices":[{"not_picked":["FollowUp+1","TalkToTheHand+1","SandsOfTime+1"],"picked":"Summon_Undead","floor":1},{"not_picked":["Fasting2+1","Perseverance+1","FollowUp+1","Blood_Whip"],"picked":"Singing Bowl","floor":6},{"not_picked":["Protect+1","InnerPeace+1","FlyingSleeves+1","Bone_Spikes"],"picked":"Singing Bowl","floor":8},{"not_picked":["Replay:Hum+1","Tantrum+1","Protect+1","Negative_Energy_Shield"],"picked":"Singing Bowl","floor":10},{"not_picked":["Replay:Anticipation+1","Wallop+1","BowlingBash+1","Epidemic"],"picked":"Singing Bowl","floor":11},{"not_picked":["Adaptation+1","Evaluate+1","Meditate+1","Vampiric_Strike"],"picked":"Singing Bowl","floor":13},{"not_picked":["Replay:BluntJabs+1","FollowUp+1","FlurryOfBlows+1","Blood_Whip"],"picked":"Singing Bowl","floor":14},{"not_picked":["LessonLearned+1","Replay:LoomingThreat+1","Vault+1"],"picked":"Summon_Vampire_Lady","floor":16}],"player_experience":110549,"relics_obtained":[{"floor":4,"key":"Replay:Baseball"},{"floor":6,"key":"RetroEgg"},{"floor":9,"key":"Boot"},{"floor":9,"key":"aspiration:HiddenCompartment"},{"floor":11,"key":"Unceasing Top"}],"event_choices":[],"is_beta":false,"boss_relics":[{"not_picked":["halation:HeavySnake","halation:Risk","aspiration:FutureDiary"]}],"items_purged_floors":[0,0,0,0,0,0,0,0,0,0,0,0,0,0,3],"is_endless":false,"potions_floor_spawned":[1,6,8,10,11,13,14,16],"ascension_level":2}}