{"host":"m77rrhbqzv44va4v","time":1609909835,"event":{"mods":["AchievementEnabler","BaseMod","Colored Map","DeckTracker","Keyboard Shortcuts","Minty Spire (QoL Compilation)","StSLib","SuperFastMode","everything is the same but u backflip on backflip"],"gold_per_floor":[117,5,23,23,23,50,50,70,119,150,150,150,170,198,198,271,271,287,307,307],"floor_reached":19,"playtime":375,"items_purged":["Strike_B"],"score":350,"play_id":"33d32866-1227-4d48-be26-2191d651f95e","local_time":"20210106141035","is_ascension_mode":true,"campfire_choices":[{"data":"Loop","floor":7,"key":"SMITH"},{"data":"Reboot","floor":11,"key":"SMITH"},{"data":"Dualcast","floor":15,"key":"SMITH"}],"circlet_count":0,"master_deck":["AscendersBane","Strike_B","Defend_B","Defend_B","Defend_B","Zap","Dualcast+1","Ball Lightning","Loop+1","Sweeping Beam","Compile Driver","White Noise","Reboot+1","Turbo","Undo","Buffer"],"relics":["Cracked Core","NeowsBlessing","Happy Flower","Lantern","Vajra","Anchor","Eternal Feather","Empty Cage"],"acts_visited":["Exordium","TheCity"],"potions_floor_usage":[10],"damage_taken":[{"damage":0,"enemies":"Jaw Worm","floor":1,"turns":1},{"damage":0,"enemies":"Cultist","floor":3,"turns":1},{"damage":0,"enemies":"Gremlin Nob","floor":6,"turns":1},{"damage":2,"enemies":"2 Louse","floor":8,"turns":2},{"damage":20,"enemies":"Lagavulin","floor":10,"turns":5},{"damage":0,"enemies":"Blue Slaver","floor":13,"turns":2},{"damage":10,"enemies":"3 Sentries","floor":14,"turns":3},{"damage":41,"enemies":"Slime Boss","floor":16,"turns":9},{"damage":14,"enemies":"2 Thieves","floor":18,"turns":4},{"damage":20,"enemies":"Shell Parasite","floor":19,"turns":5}],"seed_played":"1320028923695103834","potions_obtained":[{"floor":1,"key":"DuplicationPotion"},{"floor":8,"key":"Weak Potion"},{"floor":13,"key":"PotionOfCapacity"}],"is_trial":false,"path_per_floor":["M","$","M","?","?","E","R","M","T","E","R","?","M","E","R","B",null,"M","M"],"character_chosen":"DEFECT","items_purchased":["Loop"],"campfire_rested":0,"item_purchase_floors":[2],"current_hp_per_floor":[68,68,68,73,73,73,73,71,71,51,51,44,44,34,43,2,61,47,27,27],"gold":307,"neow_bonus":"THREE_ENEMY_KILL","is_daily":false,"chose_seed":false,"campfire_upgraded":3,"win_rate":0.0,"timestamp":1609909835,"path_taken":["M","$","M","?","?","E","R","?","T","E","R","?","M","E","R","BOSS","M","M"],"items_purchased_type":["Card"],"build_version":"2020-12-22","purchased_purges":1,"victory":false,"max_hp_per_floor":[75,75,75,80,80,80,80,80,80,80,80,80,80,80,80,80,80,80,80,80],"card_choices":[{"not_picked":["Loop","Barrage"],"picked":"Ball Lightning","floor":1},{"not_picked":["Hello World","Go for the Eyes"],"picked":"Sweeping Beam","floor":3},{"not_picked":["Recycle","Hologram"],"picked":"Compile Driver","floor":6},{"not_picked":["BootSequence","Stack"],"picked":"White Noise","floor":8},{"not_picked":["Conserve Battery","Barrage"],"picked":"Reboot","floor":10},{"not_picked":["Beam Cell","Hologram"],"picked":"Turbo","floor":13},{"not_picked":["Turbo","Steam"],"picked":"Undo","floor":14},{"not_picked":["Thunder Strike","Core Surge"],"picked":"Buffer","floor":16},{"not_picked":["Turbo","Sweeping Beam","Sunder"],"picked":"SKIP","floor":18}],"player_experience":908656,"relics_obtained":[{"floor":6,"key":"Lantern"},{"floor":9,"key":"Vajra"},{"floor":10,"key":"Anchor"},{"floor":14,"key":"Eternal Feather"}],"event_choices":[{"damage_healed":0,"gold_gain":0,"player_choice":"Donut","damage_taken":0,"max_hp_gain":5,"max_hp_loss":0,"event_name":"Big Fish","floor":4,"gold_loss":0},{"damage_healed":0,"gold_gain":0,"player_choice":"Gave Potion","damage_taken":0,"relics_obtained":["Happy Flower"],"max_hp_gain":0,"max_hp_loss":0,"event_name":"WeMeetAgain","floor":5,"gold_loss":0},{"cards_removed":["Strike_B"],"damage_healed":0,"gold_gain":0,"player_choice":"Card Removal","damage_taken":7,"max_hp_gain":0,"max_hp_loss":0,"event_name":"Golden Wing","floor":12,"gold_loss":0}],"is_beta":false,"boss_relics":[{"not_picked":["Tiny House","Runic Dome"],"picked":"Empty Cage"}],"items_purged_floors":[2],"is_endless":false,"potions_floor_spawned":[1,8,13],"killed_by":"Shell Parasite","ascension_level":13}}