{"host":"chv1qanoipyt46jc","time":1609900576,"event":{"mods":["2.2 Compatiblity","AchievementEnabler","BaseMod","BetterRewards","CapriCore","Card Filter","Evolution","Gold Saver","Grow up Mod","Minty Spire (QoL Compilation)","Rare Cards Sparkle","Relic Filter","Remove Card Discount Mod","Reorder Act Four","StSLib"],"gold_per_floor":[1664,1681,1669,1689,1699,1699,1699,1699,1747,1759,1770,1798,1798,1831,1831,1935,1935,1955,1968,1966,1977,1922,1954,1954,1974,1974,2001,2013,2013,2013,2025,2025,2128,2128,2143,2158,2173,2185,2202,2202,2222,2240,2264,2264,2276,2276,2293,2291,2291,2291,2291,2291,2291,2326,2326],"floor_reached":56,"playtime":2304,"items_purged":["Strike_B","Defend_B","Defend_B","Strike_B","Strike_B","Strike_B","Defend_B","Defend_B","Dualcast","Coolheaded","Decay","Ball Lightning","Parasite"],"score":1532,"play_id":"eb0e925d-e195-4ae8-b0fa-e4f0e1fb5feb","local_time":"20210105203616","is_ascension_mode":false,"campfire_choices":[{"data":"Zap","floor":6,"key":"SMITH"},{"data":"Coolheaded","floor":8,"key":"SMITH"},{"data":"Coolheaded","floor":15,"key":"SMITH"},{"data":"Capacitor","floor":24,"key":"SMITH"},{"data":"Creative AI","floor":30,"key":"SMITH"},{"floor":32,"key":"RECALL"},{"data":"Defragment","floor":40,"key":"SMITH"},{"data":"Defragment","floor":44,"key":"SMITH"},{"data":"Capacitor","floor":46,"key":"SMITH"},{"data":"Gash","floor":49,"key":"SMITH"},{"data":"Gash","floor":53,"key":"SMITH"}],"circlet_count":0,"master_deck":["Zap+1","Coolheaded+1","Coolheaded+1","Capacitor+1","Defragment+1","Capacitor+1","Sweeping Beam+1","Gash+1","Capacitor+1","Gash","Gash","Creative AI+1","Gash","Gash+1","Gash","Gash","Defragment+1","Gash+1","Consume+1"],"relics":["Cracked Core","EVO:Axolotl","Emotion Chip","TheAbacus","Medical Kit","Mercury Hourglass","Bottled Tornado","SlaversCollar","Symbiotic Virus","Bottled Flame","Pen Nib","Black Star","PreservedInsect","Gremlin Horn","Torii"],"acts_visited":["Exordium","TheCity","TheBeyond","TheEnding"],"potions_floor_usage":[55,55],"damage_taken":[{"damage":9,"enemies":"Jaw Worm","floor":1,"turns":5},{"damage":8,"enemies":"Small Slimes","floor":2,"turns":3},{"damage":0,"enemies":"Cultist","floor":4,"turns":4},{"damage":6,"enemies":"Blue Slaver","floor":5,"turns":3},{"damage":7,"enemies":"Looter","floor":10,"turns":3},{"damage":3,"enemies":"Exordium Wildlife","floor":11,"turns":3},{"damage":0,"enemies":"Lagavulin","floor":12,"turns":4},{"damage":11,"enemies":"3 Sentries","floor":14,"turns":4},{"damage":2,"enemies":"Slime Boss","floor":16,"turns":5},{"damage":10,"enemies":"Chosen","floor":18,"turns":4},{"damage":18,"enemies":"3 Byrds","floor":19,"turns":4},{"damage":31,"enemies":"Snake Plant","floor":21,"turns":4},{"damage":33,"enemies":"Book of Stabbing","floor":23,"turns":4},{"damage":34,"enemies":"Shelled Parasite and Fungi","floor":25,"turns":4},{"damage":69,"enemies":"Slavers","floor":27,"turns":4},{"damage":26,"enemies":"Centurion and Healer","floor":28,"turns":4},{"damage":22,"enemies":"Snecko","floor":31,"turns":5},{"damage":10,"enemies":"Champ","floor":33,"turns":6},{"damage":29,"enemies":"3 Darklings","floor":35,"turns":4},{"damage":29,"enemies":"3 Shapes","floor":36,"turns":4},{"damage":33,"enemies":"Sphere and 2 Shapes","floor":37,"turns":4},{"damage":25,"enemies":"Jaw Worm Horde","floor":38,"turns":3},{"damage":38,"enemies":"Writhing Mass","floor":39,"turns":4},{"damage":40,"enemies":"3 Darklings","floor":41,"turns":3},{"damage":18,"enemies":"Maw","floor":42,"turns":5},{"damage":7,"enemies":"4 Shapes","floor":45,"turns":3},{"damage":33,"enemies":"3 Darklings","floor":47,"turns":4},{"damage":44,"enemies":"Donu and Deca","floor":50,"turns":7},{"damage":61,"enemies":"Shield and Spear","floor":54,"turns":5},{"damage":90,"enemies":"The Heart","floor":55,"turns":7}],"seed_played":"1746103463229661479","potions_obtained":[{"floor":4,"key":"Energy Potion"},{"floor":5,"key":"GamblersBrew"},{"floor":16,"key":"Strength Potion"},{"floor":21,"key":"PowerPotion"}],"is_trial":false,"path_per_floor":["M","M","$","M","M","R","?","R","T","M","M","E","?","E","R","B",null,"M","M","$","M","$","E","R","M","T","E","M","?","R","M","R","B",null,"M","M","M","M","M","R","M","M","T","R","M","R","M","$","R","B",null,"$","R","E","B",null],"character_chosen":"DEFECT","items_purchased":["Emotion Chip","TheAbacus","Coolheaded","Ball Lightning","Coolheaded","Capacitor","Coolheaded","Defragment","Medical Kit","Capacitor","Sweeping Beam","Gash"],"campfire_rested":0,"item_purchase_floors":[0,0,0,0,0,0,0,0,0,0,0,22],"current_hp_per_floor":[38,40,50,60,64,74,55,65,75,78,85,95,105,104,114,122,255,255,247,257,236,246,223,233,209,219,160,144,154,164,152,162,162,425,406,387,364,349,321,331,301,293,303,313,316,326,303,313,323,289,592,602,612,561,481],"gold":2326,"neow_bonus":"","is_daily":false,"chose_seed":false,"campfire_upgraded":10,"win_rate":0.0,"timestamp":1609900576,"path_taken":["M","M","$","M","M","R","?","R","T","M","M","E","?","E","R","BOSS","M","M","$","M","?","E","R","M","T","E","M","?","R","M","R","BOSS","M","M","M","M","M","R","M","M","T","R","M","R","M","$","R","BOSS","$","R","E","BOSS"],"items_purchased_type":["Relic","Relic","Card","Card","Card","Card","Card","Card","Relic","Card","Card","Card"],"build_version":"2020-12-22","purchased_purges":13,"victory":true,"max_hp_per_floor":[95,105,115,125,135,145,155,165,175,185,195,205,215,225,235,245,255,265,275,285,295,305,315,325,335,345,355,365,375,385,395,405,415,425,435,445,455,465,475,485,495,505,515,525,535,545,555,562,572,582,592,602,612,622,632],"card_choices":[{"not_picked":["Conserve Battery","Leap"],"picked":"Gash","floor":1},{"not_picked":["Consume","Barrage"],"picked":"Capacitor","floor":2},{"not_picked":["Heatsinks","Coolheaded","Go for the Eyes"],"picked":"SKIP","floor":4},{"not_picked":["Compile Driver","Ball Lightning","Streamline"],"picked":"SKIP","floor":5},{"not_picked":["Buffer","Redo"],"picked":"Gash","floor":10},{"not_picked":["Capacitor","Ball Lightning","Chill"],"picked":"SKIP","floor":11},{"not_picked":["Coolheaded","Sweeping Beam"],"picked":"Gash","floor":12},{"not_picked":["Chill","Loop","Sweeping Beam"],"picked":"SKIP","floor":14},{"not_picked":["Buffer","Reboot"],"picked":"Creative AI","floor":16},{"not_picked":["Consume+1","Compile Driver","Turbo"],"picked":"SKIP","floor":18},{"not_picked":["Turbo","Barrage","Streamline"],"picked":"SKIP","floor":19},{"not_picked":["Rebound","Heatsinks"],"picked":"Gash","floor":21},{"not_picked":["Turbo","Compile Driver+1","Chill"],"picked":"SKIP","floor":23},{"not_picked":["Reprogram+1","Creative AI","Sweeping Beam+1"],"picked":"SKIP","floor":25},{"not_picked":["Undo","Consume","Fusion"],"picked":"SKIP","floor":27},{"not_picked":["Conserve Battery","White Noise"],"picked":"Gash","floor":28},{"not_picked":["Melter","Ball Lightning"],"picked":"Gash","floor":31},{"not_picked":["Reprogram","Consume","Go for the Eyes"],"picked":"SKIP","floor":35},{"not_picked":["Go for the Eyes","Heatsinks+1"],"picked":"Defragment","floor":36},{"not_picked":["Rebound","Leap"],"picked":"Gash+1","floor":37},{"not_picked":["Barrage","Conserve Battery+1","Fusion"],"picked":"SKIP","floor":38},{"not_picked":["Conserve Battery+1","Consume","Sweeping Beam"],"picked":"SKIP","floor":39},{"not_picked":["Conserve Battery","Sweeping Beam+1","Heatsinks+1"],"picked":"SKIP","floor":41},{"not_picked":["Reprogram","Coolheaded+1","Redo"],"picked":"SKIP","floor":42},{"not_picked":["Reprogram","Capacitor","Compile Driver"],"picked":"SKIP","floor":45},{"not_picked":["Undo","Fission"],"picked":"Consume+1","floor":47},{"not_picked":["Go for the Eyes+1","Defragment","Heatsinks"],"picked":"SKIP","floor":54}],"player_experience":287815,"relics_obtained":[{"floor":12,"key":"Mercury Hourglass"},{"floor":14,"key":"Bottled Tornado"},{"floor":23,"key":"Symbiotic Virus"},{"floor":26,"key":"Bottled Flame"},{"floor":27,"key":"Pen Nib"},{"floor":43,"key":"PreservedInsect"},{"floor":54,"key":"Gremlin Horn"},{"floor":54,"key":"Torii"}],"event_choices":[{"damage_healed":0,"gold_gain":0,"player_choice":"Entered Light","damage_taken":29,"max_hp_gain":0,"max_hp_loss":0,"event_name":"Shining Light","floor":7,"gold_loss":0,"cards_upgraded":["Capacitor","Sweeping Beam"]},{"damage_healed":0,"gold_gain":0,"player_choice":"Cursed","damage_taken":0,"max_hp_gain":0,"max_hp_loss":0,"event_name":"Wheel of Change","floor":13,"gold_loss":0,"cards_obtained":["Decay"]},{"damage_healed":0,"gold_gain":0,"player_choice":"Ignored","damage_taken":0,"max_hp_gain":0,"max_hp_loss":0,"event_name":"Ghosts","floor":29,"gold_loss":0}],"is_beta":false,"boss_relics":[{"not_picked":["Empty Cage","Runic Pyramid"],"picked":"SlaversCollar"},{"not_picked":["Pandora\u0027s Box","Calling Bell"],"picked":"Black Star"}],"items_purged_floors":[0,0,0,0,3,3,3,3,3,3,20,22,48],"is_endless":false,"potions_floor_spawned":[4,5,16,18,21,23,28,31,35,38,47],"ascension_level":0}}