{"host":"ly20tmf9be7b85hl","time":1609942976,"event":{"mods":["BaseMod","Colored Map","Keyboard Shortcuts","Minty Spire (QoL Compilation)","Permanent Neow","Quick Restart","SuperFastMode"],"gold_per_floor":[114,114,140,160,85,113,125,142,142,142,155,71,90,90,90,169,169,179,229,240,112,2,2,36,52,79,97,97,97,97,107,107,180,180,198,198,31,49,61,86,86,111,134,134,134,144,165,190,190,190,190,190,190,40,68,68,68],"floor_reached":56,"playtime":2266,"items_purged":["Defend_G","Unload","Neutralize","Parasite"],"score":2208,"play_id":"1138a576-582f-4015-9fe6-4ffec55102bc","local_time":"20210106232256","is_ascension_mode":true,"campfire_choices":[{"floor":10.0,"key":"REST"},{"data":"Bouncing Flask","floor":15,"key":"SMITH"},{"data":"Tactician","floor":23,"key":"SMITH"},{"data":"Tactician","floor":28,"key":"SMITH"},{"data":"Calculated Gamble","floor":30,"key":"SMITH"},{"data":"Acrobatics","floor":32,"key":"SMITH"},{"data":"Acrobatics","floor":41,"key":"SMITH"},{"floor":45,"key":"RECALL"},{"data":"Footwork","floor":49,"key":"SMITH"},{"data":"Backflip","floor":53,"key":"SMITH"}],"circlet_count":0,"master_deck":["AscendersBane","Survivor","Quick Slash+1","Crippling Poison","Bouncing Flask+1","Acrobatics+1","Tactician+1","Tactician+1","Venomology+1","Dagger Throw+1","Tactician+1","Escape Plan","Cloak And Dagger","Calculated Gamble+1","Acrobatics+1","Backflip+1","Footwork+1","Prepared+1","Catalyst+1"],"relics":["Ring of the Serpent","Oddly Smooth Stone","Unceasing Top","Letter Opener","Pandora\u0027s Box","Toxic Egg 2","Whetstone","Snake Skull","CeramicFish","TungstenRod"],"acts_visited":["Exordium","TheCity","TheBeyond","TheEnding"],"potions_floor_usage":[16,27,31,33,35,38,46,47,48,50,51,51,56],"damage_taken":[{"damage":4.0,"enemies":"Jaw Worm","floor":1.0,"turns":6.0},{"damage":0.0,"enemies":"Cultist","floor":4.0,"turns":5.0},{"damage":41.0,"enemies":"Lagavulin","floor":6.0,"turns":9.0},{"damage":0.0,"enemies":"2 Louse","floor":7.0,"turns":3.0},{"damage":0.0,"enemies":"Exordium Thugs","floor":8.0,"turns":4.0},{"damage":4.0,"enemies":"Looter","floor":11.0,"turns":4.0},{"damage":9.0,"enemies":"Lots of Slimes","floor":13.0,"turns":3.0},{"damage":23,"enemies":"The Guardian","floor":16,"turns":8},{"damage":0,"enemies":"Chosen","floor":18,"turns":5},{"damage":0,"enemies":"3 Byrds","floor":20,"turns":3},{"damage":0,"enemies":"Slavers","floor":24,"turns":3},{"damage":0,"enemies":"Snecko","floor":25,"turns":2},{"damage":0,"enemies":"Snake Plant","floor":27,"turns":1},{"damage":0,"enemies":"Shelled Parasite and Fungi","floor":31,"turns":2},{"damage":0,"enemies":"Champ","floor":33,"turns":2},{"damage":0,"enemies":"Orb Walker","floor":35,"turns":1},{"damage":0,"enemies":"3 Shapes","floor":38,"turns":2},{"damage":0,"enemies":"Writhing Mass","floor":39,"turns":2},{"damage":0,"enemies":"Reptomancer","floor":40,"turns":2},{"damage":0,"enemies":"Giant Head","floor":42,"turns":2},{"damage":0,"enemies":"Jaw Worm Horde","floor":46,"turns":1},{"damage":0,"enemies":"Spire Growth","floor":47,"turns":3},{"damage":3,"enemies":"Writhing Mass","floor":48,"turns":2},{"damage":26,"enemies":"Time Eater","floor":50,"turns":5},{"damage":14,"enemies":"Awakened One","floor":51,"turns":4},{"damage":0,"enemies":"Shield and Spear","floor":55,"turns":1},{"damage":48,"enemies":"The Heart","floor":56,"turns":3}],"seed_played":"2588076717468809224","potions_obtained":[{"floor":4.0,"key":"PowerPotion"},{"floor":6.0,"key":"GamblersBrew"},{"floor":11.0,"key":"Regen Potion"},{"floor":46,"key":"BlessingOfTheForge"},{"floor":55,"key":"Block Potion"}],"is_trial":false,"path_per_floor":["M","?","T","M","$","E","M","M","T","R","M","$","M","?","R","B",null,"M","?","M","$","?","R","E","M","T","M","R","$","R","M","R","B",null,"M","?","$","M","M","E","R","E","T","?","R","M","M","M","R","B","B",null,"R","$","E","B"],"character_chosen":"THE_SILENT","items_purchased":["Tactician","Backflip","Footwork"],"campfire_rested":1,"item_purchase_floors":[12,21,37],"current_hp_per_floor":[55,48,48,48,48,7,7,7,7,25,21,21,12,12,12,4,46,46,46,46,46,46,46,46,46,46,46,46,46,46,46,46,46,57,57,52,52,52,52,52,52,52,52,52,52,52,52,49,49,23,9,47,47,47,47,0,0],"gold":68,"neow_bonus":"REMOVE_TWO","is_daily":false,"chose_seed":false,"campfire_upgraded":8,"win_rate":0.0,"timestamp":1609942976,"path_taken":["M","?","?","M","$","E","M","?","T","R","M","$","M","?","R","BOSS","M","?","M","$","?","R","E","M","T","?","R","$","R","M","R","BOSS","M","?","$","M","M","E","R","E","T","?","R","M","M","M","R","BOSS","BOSS","R","$","E","BOSS"],"items_purchased_type":["Card","Card","Card"],"build_version":"2020-12-22","purchased_purges":4,"victory":false,"max_hp_per_floor":[60,60,60,60,60,60,60,60,60,60,60,60,60,60,60,60,60,60,60,60,60,60,60,60,60,60,60,60,60,60,60,60,60,60,60,60,60,60,60,60,60,60,60,60,60,60,60,60,60,60,60,60,60,57,57,57,57],"card_choices":[{"not_picked":["Dodge and Roll","Finisher"],"picked":"Quick Slash","floor":1.0},{"not_picked":["Flying Knee","All Out Attack"],"picked":"Crippling Poison","floor":4.0},{"not_picked":["Storm of Steel","Dagger Throw"],"picked":"Bouncing Flask","floor":6.0},{"not_picked":["Blade Dance","Flying Knee"],"picked":"Acrobatics","floor":7.0},{"not_picked":["Cloak And Dagger","Deflect","Leg Sweep"],"picked":"SKIP","floor":8.0},{"not_picked":["Backflip","Dodge and Roll"],"picked":"Tactician","floor":11.0},{"not_picked":["Flying Knee","Sucker Punch","Cloak And Dagger"],"picked":"SKIP","floor":13.0},{"not_picked":["Grand Finale","Unload"],"picked":"Venomology","floor":16},{"not_picked":["Sucker Punch","PiercingWail"],"picked":"Calculated Gamble","floor":18},{"not_picked":["Riddle With Holes","Well Laid Plans"],"picked":"Acrobatics","floor":20},{"not_picked":["Slice","Masterful Stab","Backflip+1"],"picked":"SKIP","floor":24},{"not_picked":["Concentrate+1","Slice","Riddle With Holes"],"picked":"SKIP","floor":25},{"not_picked":["Slice","Dagger Throw","Deadly Poison+1"],"picked":"SKIP","floor":27},{"not_picked":["Skewer","Dagger Spray","Outmaneuver+1"],"picked":"SKIP","floor":31},{"not_picked":["Acrobatics+1","Flying Knee","Skewer"],"picked":"SKIP","floor":35},{"not_picked":["Dodge and Roll+1","Terror+1","Deflect+1"],"picked":"SKIP","floor":38},{"not_picked":["Dagger Spray","Noxious Fumes+1","Dodge and Roll+1"],"picked":"SKIP","floor":39},{"not_picked":["Eviscerate","Outmaneuver+1","Heel Hook+1"],"picked":"SKIP","floor":40},{"not_picked":["PiercingWail+1","Dash","Unload"],"picked":"SKIP","floor":42},{"not_picked":["Deflect+1","Dagger Spray","Slice+1"],"picked":"SKIP","floor":46},{"not_picked":["Concentrate+1","Slice"],"picked":"Prepared+1","floor":47},{"not_picked":["Acrobatics+1","PiercingWail+1"],"picked":"Catalyst+1","floor":48},{"not_picked":["Die Die Die","Choke","Deadly Poison+1"],"picked":"SKIP","floor":55}],"player_experience":844564,"relics_obtained":[{"floor":3.0,"key":"Oddly Smooth Stone"},{"floor":6.0,"key":"Unceasing Top"},{"floor":9.0,"key":"Letter Opener"},{"floor":24,"key":"Toxic Egg 2"},{"floor":40,"key":"Whetstone"},{"floor":42,"key":"Snake Skull"},{"floor":43,"key":"CeramicFish"},{"floor":55,"key":"TungstenRod"}],"event_choices":[{"cards_removed":["Defend_G"],"damage_healed":0.0,"max_hp_gain":0.0,"max_hp_loss":0.0,"gold_gain":0.0,"event_name":"Golden Wing","player_choice":"Card Removal","floor":2.0,"gold_loss":0.0,"damage_taken":7.0},{"damage_healed":0,"gold_gain":0,"player_choice":"Leave","damage_taken":0,"max_hp_gain":0,"max_hp_loss":0,"event_name":"FaceTrader","floor":14,"gold_loss":0},{"damage_healed":0,"gold_gain":50,"player_choice":"Stole From Cult","damage_taken":0,"max_hp_gain":0,"max_hp_loss":0,"event_name":"Nest","floor":19,"gold_loss":0},{"cards_removed":["Deflect"],"damage_healed":0,"gold_gain":0,"player_choice":"Upgrade and Remove","damage_taken":0,"max_hp_gain":0,"max_hp_loss":0,"event_name":"Designer","floor":22,"gold_loss":110,"cards_upgraded":["Tactician"]},{"damage_healed":0,"gold_gain":0,"player_choice":"Memory 2","damage_taken":5,"max_hp_gain":0,"max_hp_loss":0,"event_name":"SensoryStone","floor":36,"gold_loss":0},{"damage_healed":0,"gold_gain":0,"player_choice":"Upgraded","damage_taken":0,"max_hp_gain":0,"max_hp_loss":0,"event_name":"Upgrade Shrine","floor":44,"gold_loss":0,"cards_upgraded":["Venomology"]}],"is_beta":false,"boss_relics":[{"not_picked":["Coffee Dripper","HoveringKite"],"picked":"Pandora\u0027s Box"},{"not_picked":["Snecko Eye","Tiny House"],"picked":"Ring of the Serpent"}],"items_purged_floors":[5,21,37,54],"is_endless":false,"potions_floor_spawned":[4,6,11,24,27,31,33,42,46,55],"killed_by":"The Heart","ascension_level":20}}