{"host":"m77rrhbqzv44va4v","time":1609938426,"event":{"mods":["AchievementEnabler","BaseMod","Colored Map","DeckTracker","Keyboard Shortcuts","Minty Spire (QoL Compilation)","StSLib","SuperFastMode","everything is the same but u backflip on backflip"],"gold_per_floor":[109,34,49,49,49,49,85,100,100,24,40,61,61,104,104,203,203,228,244,258,80,80,80],"floor_reached":22,"playtime":500,"items_purged":["Strike_G"],"score":442,"play_id":"fca348bc-f05d-474f-89a7-c3b057e6a7be","local_time":"20210106220706","is_ascension_mode":true,"campfire_choices":[{"data":"Cloak And Dagger","floor":6,"key":"SMITH"},{"floor":15,"key":"REST"}],"circlet_count":0,"master_deck":["AscendersBane","Strike_G","Strike_G","Strike_G","Strike_G","Defend_G","Defend_G","Defend_G","Defend_G","Survivor","Neutralize","Acrobatics+1","Cloak And Dagger+1","Choke","Underhanded Strike","Crippling Poison","Calculated Gamble","Footwork","Phantasmal Killer","Madness"],"relics":["Ring of the Snake","NeowsBlessing","Golden Idol","Mercury Hourglass","Ancient Tea Set","Toy Ornithopter","HoveringKite"],"acts_visited":["Exordium","TheCity"],"potions_floor_usage":[14,14,19,22],"damage_taken":[{"damage":0,"enemies":"2 Louse","floor":1,"turns":1},{"damage":0,"enemies":"Jaw Worm","floor":3,"turns":1},{"damage":0,"enemies":"Lagavulin","floor":7,"turns":1},{"damage":1,"enemies":"Cultist","floor":8,"turns":3},{"damage":8,"enemies":"3 Louse","floor":11,"turns":3},{"damage":0,"enemies":"Exordium Wildlife","floor":12,"turns":2},{"damage":23,"enemies":"3 Sentries","floor":14,"turns":7},{"damage":35,"enemies":"Slime Boss","floor":16,"turns":11},{"damage":16,"enemies":"3 Byrds","floor":18,"turns":4},{"damage":5,"enemies":"Chosen","floor":19,"turns":5},{"damage":25,"enemies":"3 Cultists","floor":20,"turns":5},{"damage":26,"enemies":"Cultist and Chosen","floor":22,"turns":7}],"seed_played":"-1598052793247943593","potions_obtained":[{"floor":1,"key":"Dexterity Potion"},{"floor":3,"key":"Block Potion"},{"floor":18,"key":"SkillPotion"},{"floor":19,"key":"AttackPotion"}],"is_trial":false,"path_per_floor":["M","?","M","?","?","R","E","M","T","$","M","M","?","E","R","B",null,"M","M","M","$","M"],"character_chosen":"THE_SILENT","items_purchased":["Crippling Poison","Madness"],"campfire_rested":1,"item_purchase_floors":[10,21],"current_hp_per_floor":[59,59,59,36,36,36,36,35,35,35,27,27,49,26,45,10,52,36,36,11,11,0,0],"gold":80,"neow_bonus":"THREE_ENEMY_KILL","is_daily":false,"chose_seed":false,"campfire_upgraded":1,"win_rate":0.0,"timestamp":1609938426,"path_taken":["M","?","M","?","?","R","E","M","T","$","?","M","?","E","R","BOSS","M","M","M","$","M"],"items_purchased_type":["Card","Card"],"build_version":"2020-12-22","purchased_purges":1,"victory":false,"max_hp_per_floor":[66,66,66,66,66,66,66,66,66,66,66,66,66,66,66,66,66,66,66,66,66,66,66],"card_choices":[{"not_picked":["Terror","Reflex"],"picked":"Acrobatics","floor":1},{"not_picked":["Concentrate","Infinite Blades"],"picked":"Cloak And Dagger","floor":3},{"not_picked":["Distraction","Deadly Poison","Choke"],"picked":"SKIP","floor":7},{"not_picked":["Distraction","Deadly Poison"],"picked":"Choke","floor":7},{"not_picked":["Acrobatics","Leg Sweep"],"picked":"Underhanded Strike","floor":8},{"not_picked":["Crippling Poison","Poisoned Stab","Eviscerate"],"picked":"SKIP","floor":11},{"not_picked":["Deadly Poison","Accuracy"],"picked":"Calculated Gamble","floor":12},{"not_picked":["Predator","Riddle With Holes"],"picked":"Footwork","floor":14},{"not_picked":["Storm of Steel","Doppelganger"],"picked":"Phantasmal Killer","floor":16},{"not_picked":["Poisoned Stab","Accuracy","Bane"],"picked":"SKIP","floor":18},{"not_picked":["Dagger Spray","Crippling Poison","Prepared+1"],"picked":"SKIP","floor":19},{"not_picked":["Riddle With Holes","Dodge and Roll","Prepared"],"picked":"SKIP","floor":20}],"player_experience":911292,"relics_obtained":[{"floor":7,"key":"Mercury Hourglass"},{"floor":9,"key":"Ancient Tea Set"},{"floor":14,"key":"Toy Ornithopter"}],"event_choices":[{"cards_removed":["Defend_G"],"damage_healed":0,"gold_gain":0,"player_choice":"Card Removal","damage_taken":0,"max_hp_gain":0,"max_hp_loss":0,"event_name":"The Cleric","floor":2,"gold_loss":75},{"damage_healed":0,"gold_gain":0,"player_choice":"Take Damage","damage_taken":23,"relics_obtained":["Golden Idol"],"max_hp_gain":0,"max_hp_loss":0,"event_name":"Golden Idol","floor":4,"gold_loss":0},{"damage_healed":0,"gold_gain":0,"player_choice":"Upgraded","damage_taken":0,"max_hp_gain":0,"max_hp_loss":0,"event_name":"Upgrade Shrine","floor":5,"gold_loss":0,"cards_upgraded":["Acrobatics"]},{"damage_healed":22,"gold_gain":0,"player_choice":"Banana","damage_taken":0,"max_hp_gain":0,"max_hp_loss":0,"event_name":"Big Fish","floor":13,"gold_loss":0}],"is_beta":false,"boss_relics":[{"not_picked":["Pandora\u0027s Box","Runic Pyramid"],"picked":"HoveringKite"}],"items_purged_floors":[21],"is_endless":false,"potions_floor_spawned":[1,3,7,18,19],"killed_by":"Cultist and Chosen","ascension_level":20}}