{"host":"d8d3jqle49sogkjv","time":1609976585,"event":{"mods":["BaseMod","Colored Map","Colored Powertips","Minty Spire (QoL Compilation)","StSLib"],"gold_per_floor":[117,117,67,142,142,142,175,175,199,224,2,33,58,88,88,219,219,239,274,274,243,243,243,287,287,314,354,384,412,412,431,431,559,559,582,91,110,156,140,140,203,203,248,248,248,270,288,360,360,360,360,360,64,116,116],"floor_reached":56,"playtime":3211,"items_purged":["Defend_P"],"score":1250,"play_id":"dcf085b9-0c3b-4464-942b-0b8090606f44","local_time":"20210107004305","is_ascension_mode":true,"campfire_choices":[{"data":"Ragnarok","floor":6,"key":"SMITH"},{"floor":8,"key":"REST"},{"floor":15,"key":"REST"},{"floor":23,"key":"REST"},{"floor":25,"key":"DIG"},{"floor":30,"key":"REST"},{"floor":32,"key":"REST"},{"floor":40,"key":"REST"},{"floor":42,"key":"DIG"},{"floor":44,"key":"DIG"},{"floor":49,"key":"RECALL"},{"floor":52,"key":"DIG"}],"circlet_count":0,"master_deck":["Strike_P","Defend_P","Defend_P","Eruption","Vigilance","MasterReality","Ragnarok+1","LikeWater","Protect+1","InnerPeace+1","FlurryOfBlows","LikeWater","FlurryOfBlows","BattleHymn","ConjureBlade","Protect+1","LikeWater","MentalFortress","FollowUp+1","WaveOfTheHand","JustLucky","Consecrate","Wish","Sadistic Nature","Halt","Prostrate","Madness","Madness","Apotheosis","Prostrate"],"relics":["HolyWater","Golden Idol","Art of War","Thread and Needle","Bronze Scales","DollysMirror","Omamori","Nunchaku","Red Mask","Shovel","Ginger","CeramicFish","Pen Nib","Busted Crown","Chemical X","War Paint","Bird Faced Urn","Anchor","Incense Burner","Bottled Lightning","HornCleat","ClockworkSouvenir","Lizard Tail"],"acts_visited":["Exordium","TheCity","TheBeyond","TheEnding"],"potions_floor_usage":[19,27,27,33,33,50,55,55,55,55],"damage_taken":[{"damage":3,"enemies":"Small Slimes","floor":1,"turns":2},{"damage":15,"enemies":"3 Sentries","floor":7,"turns":8},{"damage":0,"enemies":"Jaw Worm","floor":10,"turns":3},{"damage":9,"enemies":"Lagavulin","floor":12,"turns":6},{"damage":0,"enemies":"2 Louse","floor":13,"turns":3},{"damage":2,"enemies":"Hexaghost","floor":16,"turns":9},{"damage":4,"enemies":"3 Byrds","floor":18,"turns":4},{"damage":24,"enemies":"Masked Bandits","floor":19,"turns":4},{"damage":0,"enemies":"2 Thieves","floor":21,"turns":5},{"damage":14,"enemies":"Book of Stabbing","floor":24,"turns":7},{"damage":16,"enemies":"Slavers","floor":27,"turns":5},{"damage":0,"enemies":"Centurion and Healer","floor":28,"turns":7},{"damage":12,"enemies":"Snake Plant","floor":29,"turns":3},{"damage":11,"enemies":"3 Cultists","floor":31,"turns":5},{"damage":4,"enemies":"Collector","floor":33,"turns":10},{"damage":4,"enemies":"3 Darklings","floor":35,"turns":7},{"damage":26,"enemies":"3 Shapes","floor":37,"turns":5},{"damage":12,"enemies":"3 Darklings","floor":38,"turns":5},{"damage":0,"enemies":"Mind Bloom Boss Battle","floor":41,"turns":6},{"damage":2,"enemies":"Maw","floor":46,"turns":6},{"damage":27,"enemies":"Donu and Deca","floor":50,"turns":15},{"damage":7,"enemies":"Shield and Spear","floor":54,"turns":8},{"damage":23,"enemies":"The Heart","floor":55,"turns":11}],"seed_played":"-6822194815425825486","potions_obtained":[{"floor":7,"key":"BlessingOfTheForge"},{"floor":13,"key":"BottledMiracle"},{"floor":19,"key":"StancePotion"},{"floor":21,"key":"BlessingOfTheForge"},{"floor":31,"key":"EssenceOfSteel"},{"floor":37,"key":"EssenceOfSteel"},{"floor":45,"key":"PowerPotion"},{"floor":45,"key":"EntropicBrew"}],"is_trial":false,"path_per_floor":["M","?","$","?","?","R","E","R","T","M","$","E","M","?","R","B",null,"M","?","?","M","?","R","E","R","T","E","M","M","R","M","R","B",null,"M","$","M","M","$","R","?","R","T","R","?","M","?","T","R","B",null,"R","$","E","B",null],"character_chosen":"WATCHER","items_purchased":["Protect","DollysMirror","Sadistic Nature","Chemical X","War Paint","Halt","Apotheosis","ClockworkSouvenir"],"campfire_rested":6,"item_purchase_floors":[3,11,36,36,36,39,53,53],"current_hp_per_floor":[62,46,46,35,32,32,17,36,36,36,36,27,27,27,46,44,65,61,37,37,37,37,56,42,42,42,26,26,14,33,22,41,37,65,61,61,35,23,23,42,42,42,42,42,42,52,44,44,44,31,65,65,65,62,50],"gold":116,"neow_bonus":"TRANSFORM_TWO_CARDS","is_daily":false,"chose_seed":false,"campfire_upgraded":1,"win_rate":0.0,"timestamp":1609976585,"path_taken":["M","?","$","?","?","R","E","R","T","M","$","E","M","?","R","BOSS","M","?","?","?","?","R","E","R","T","E","M","M","R","M","R","BOSS","M","$","M","M","$","R","?","R","T","R","?","?","?","?","R","BOSS","R","$","E","BOSS"],"items_purchased_type":["Card","Relic","Card","Relic","Relic","Card","Card","Relic"],"build_version":"2020-12-22","purchased_purges":1,"victory":true,"max_hp_per_floor":[65,65,65,65,65,65,65,65,65,65,65,65,65,65,65,65,65,65,65,65,65,65,65,65,65,65,65,65,65,65,65,65,65,65,65,65,65,65,65,65,65,65,65,65,65,65,65,65,65,65,65,65,65,65,65],"card_choices":[{"not_picked":["PathToVictory","SignatureMove"],"picked":"LikeWater","floor":1},{"not_picked":["Halt","EmptyBody"],"picked":"InnerPeace","floor":7},{"not_picked":["Indignation","CrushJoints"],"picked":"FlurryOfBlows","floor":10},{"not_picked":["Crescendo","Wireheading"],"picked":"FlurryOfBlows","floor":12},{"not_picked":["FlurryOfBlows","FearNoEvil"],"picked":"BattleHymn","floor":13},{"not_picked":["Ragnarok","Omniscience"],"picked":"ConjureBlade","floor":16},{"not_picked":["SashWhip","PathToVictory"],"picked":"Protect+1","floor":18},{"not_picked":["FearNoEvil","ReachHeaven"],"picked":"LikeWater","floor":19},{"not_picked":["Evaluate","Vengeance"],"picked":"MentalFortress","floor":21},{"not_picked":["Conclude","ClearTheMind"],"picked":"FollowUp+1","floor":24},{"not_picked":["JustLucky","EmptyBody"],"picked":"WaveOfTheHand","floor":27},{"not_picked":["PathToVictory+1","Adaptation"],"picked":"JustLucky","floor":28},{"not_picked":["JustLucky+1","EmptyFist"],"picked":"Consecrate","floor":29},{"not_picked":["Scrawl","CutThroughFate","Evaluate"],"picked":"SKIP","floor":31},{"not_picked":["ConjureBlade","DevaForm"],"picked":"Wish","floor":33},{"not_picked":["FlyingSleeves"],"picked":"SKIP","floor":35},{"not_picked":["Evaluate"],"picked":"SKIP","floor":37},{"not_picked":["BattleHymn"],"picked":"SKIP","floor":38},{"not_picked":[],"picked":"Prostrate","floor":46},{"not_picked":[],"picked":"Prostrate","floor":54}],"player_experience":392894,"relics_obtained":[{"floor":7,"key":"Thread and Needle"},{"floor":9,"key":"Bronze Scales"},{"floor":12,"key":"Omamori"},{"floor":19,"key":"Red Mask"},{"floor":24,"key":"Shovel"},{"floor":25,"key":"Ginger"},{"floor":26,"key":"CeramicFish"},{"floor":27,"key":"Pen Nib"},{"floor":41,"key":"Bird Faced Urn"},{"floor":42,"key":"Anchor"},{"floor":44,"key":"Incense Burner"},{"floor":48,"key":"Bottled Lightning"},{"floor":52,"key":"HornCleat"},{"floor":54,"key":"Lizard Tail"}],"event_choices":[{"damage_healed":0,"gold_gain":0,"player_choice":"Take Damage","damage_taken":16,"relics_obtained":["Golden Idol"],"max_hp_gain":0,"max_hp_loss":0,"event_name":"Golden Idol","floor":2,"gold_loss":0},{"damage_healed":0,"gold_gain":75,"player_choice":"Gather Gold","damage_taken":11,"max_hp_gain":0,"max_hp_loss":0,"event_name":"World of Goop","floor":4,"gold_loss":0},{"damage_healed":0,"gold_gain":0,"player_choice":"Success","damage_taken":3,"relics_obtained":["Art of War"],"max_hp_gain":0,"max_hp_loss":0,"event_name":"Scrap Ooze","floor":5,"gold_loss":0},{"damage_healed":0,"gold_gain":30,"player_choice":"Searched \u00273\u0027 times","damage_taken":0,"relics_obtained":["Nunchaku"],"max_hp_gain":0,"max_hp_loss":0,"event_name":"Dead Adventurer","floor":14,"gold_loss":0},{"damage_healed":0,"gold_gain":0,"player_choice":"Fought Bandits","damage_taken":0,"max_hp_gain":0,"max_hp_loss":0,"event_name":"Masked Bandits","floor":19,"gold_loss":0},{"cards_removed":["Strike_P"],"damage_healed":0,"gold_gain":0,"player_choice":"Purged","damage_taken":0,"max_hp_gain":0,"max_hp_loss":0,"event_name":"Purifier","floor":20,"gold_loss":0},{"cards_removed":["Strike_P"],"damage_healed":0,"gold_gain":0,"player_choice":"Elegance","damage_taken":0,"max_hp_gain":0,"max_hp_loss":0,"event_name":"Back to Basics","floor":22,"gold_loss":0},{"damage_healed":0,"gold_gain":0,"player_choice":"Fight","damage_taken":0,"max_hp_gain":0,"max_hp_loss":0,"event_name":"MindBloom","floor":41,"gold_loss":0},{"damage_healed":0,"gold_gain":0,"player_choice":"Got Potions","damage_taken":0,"max_hp_gain":0,"max_hp_loss":0,"event_name":"Lab","floor":45,"gold_loss":0},{"damage_healed":0,"gold_gain":0,"player_choice":"Embrace Madness","damage_taken":8,"max_hp_gain":0,"max_hp_loss":0,"event_name":"Winding Halls","floor":47,"gold_loss":0,"cards_obtained":["Madness","Madness"]}],"is_beta":false,"boss_relics":[{"not_picked":["Calling Bell","Tiny House"],"picked":"HolyWater"},{"not_picked":["Astrolabe","Cursed Key"],"picked":"Busted Crown"}],"items_purged_floors":[11],"is_endless":false,"potions_floor_spawned":[7,13,19,21,24,31,37],"ascension_level":2}}