{"host":"d87lowmkmbc7rbf5","time":1609892078,"event":{"mods":["BaseMod","Beaked The Cultist","Conspire","Downfall","Infinite Spire","Minty Spire (QoL Compilation)","Rare Cards Sparkle","Replay The Spire","Shop Mod","StSLib"],"gold_per_floor":[99,115,215,215,230,230,256,2,2,2,15,32,32,48,62,161,161,86,105,118,118,118,118,145,145,45,45,45,59,84,84,104,202,202,202,202,215,23,36,36,36,36,48,8,8,18,53,53,64,168,168,168,178,195,211,211,101,128,154,604,246,271,271,271,288,304,415,415,415,436,455,476,503,310,347,347,347,347,53,53,53,71,103,222,222,222,250,283,321,321,321,367,20,20,65,65,106,31,65,110,241,241,241,255,359,67,94,142,201,223,323,2,2,64,64,64,79,215,265,265,265,267,412,18,18,69,69,150,20,20,20,77,77,106,231,231,231,231,231,231,379,435,497,572,632,718,318,318,318,320,370,507,507,621,31,31,154],"floor_reached":158,"playtime":17968,"items_purged":["beaked:Evade","Apotheosis+1","Slimebound:Icky","Slimebound:Icky","Slimebound:Icky","Slimebound:Icky","Guardian:ExploitGems+1","Parasite"],"score":5166,"play_id":"204c8e31-455e-4502-88d0-cebc2172b437","local_time":"20210105191438","daily_mods":["Vintage","Colorless Cards","Heirloom","Time Dilation","Flight","downfall:Jewelcrafting","downfall:Lament"],"is_ascension_mode":false,"campfire_choices":[{"data":"beaked:Ceremony","floor":1,"key":"SMITH"},{"data":"beaked:Defend_Y","floor":9,"key":"SMITH"},{"data":"Apotheosis","floor":10,"key":"SMITH"},{"data":"Apotheosis","floor":18,"key":"SMITH"},{"data":"beaked:Evade","floor":23,"key":"SMITH"},{"data":"conspire:Banana","floor":25,"key":"SMITH"},{"data":"Bite","floor":28,"key":"SMITH"},{"data":"expansioncontent:QuickStudy","floor":35,"key":"SMITH"},{"data":"infinitespire:UltimateForm","floor":40,"key":"SMITH"},{"data":"beaked:Tweet","floor":42,"key":"SMITH"},{"data":"beaked:ScreechingChant","floor":42,"key":"SMITH"},{"data":"beaked:CrazyRituals","floor":45,"key":"SMITH"},{"data":"beaked:CrazyRituals","floor":45,"key":"SMITH"},{"data":"beaked:LiftOff","floor":52,"key":"SMITH"},{"data":"Magnetism","floor":52,"key":"SMITH"},{"data":"beaked:Foresight","floor":64,"key":"SMITH"},{"data":"Guardian:ExploitGems","floor":64,"key":"SMITH"},{"data":"beaked:SacrificialScars","floor":69,"key":"SMITH"},{"data":"beaked:BraceForImpact","floor":69,"key":"SMITH"},{"floor":76,"key":"REST"},{"data":"infinitespire:DeathsTouch","floor":78,"key":"SMITH"},{"data":"infinitespire:Execution","floor":78,"key":"SMITH"},{"data":"Iron Wave","floor":80,"key":"SMITH"},{"data":"Bite","floor":80,"key":"SMITH"},{"floor":86,"key":"REST"},{"floor":96,"key":"REST"},{"floor":98,"key":"REST"},{"floor":103,"key":"REST"},{"data":"Bandage Up","floor":113,"key":"SMITH"},{"data":"beaked:MachineEssence","floor":113,"key":"SMITH"},{"data":"Guardian:ExploitGems","floor":115,"key":"PURGE"},{"data":"conspire:Banana","floor":120,"key":"SMITH"},{"data":"infinitespire:Starlight","floor":120,"key":"SMITH"},{"floor":130,"key":"DIG"},{"floor":131,"key":"DIG"},{"data":"beaked:MachineEssence","floor":137,"key":"SMITH"},{"data":"beaked:BloodRitual","floor":137,"key":"SMITH"},{"data":"beaked:Defend_Y","floor":148,"key":"SMITH"},{"data":"beaked:Defend_Y","floor":148,"key":"SMITH"},{"data":"beaked:Defend_Y","floor":149,"key":"SMITH"},{"data":"beaked:Defend_Y","floor":149,"key":"SMITH"},{"data":"beaked:AwakenedForm","floor":156,"key":"SMITH"},{"data":"beaked:Defend_Y","floor":156,"key":"SMITH"}],"circlet_count":1,"master_deck":["beaked:Defend_Y+4","beaked:Defend_Y","beaked:Defend_Y","beaked:Defend_Y","beaked:Ceremony+1","beaked:CrazyRituals+1","Guardian:ExploitGems+1","beaked:Evade+1","Apotheosis+1","Iron Wave+1","Guardian:ExploitGems+1","Magnetism+1","conspire:Banana+1","Bite+1","Bite+1","Bite+1","Bite+1","Bite+1","beaked:ScreechingChant+1","expansioncontent:QuickStudy+1","infinitespire:UltimateForm+1","beaked:BloodRitual+1","beaked:Tweet+1","beaked:LiftOff+1","beaked:BraceForImpact+1","beaked:Foresight+1","beaked:Resilience","beaked:SacrificialScars+1","infinitespire:Execution+1","expansioncontent:GoopSpray+1","beaked:WarriorEssence+1","infinitespire:DeathsTouch+1","beaked:DarkTribute","expansioncontent:GuardianWhirl+1","beaked:MachineEssence+1","beaked:Windmill+1","beaked:Windmill+1","beaked:FeelMyPain","beaked:WarriorEssence+1","HandOfGreed+1","Guardian:ExploitGems","beaked:Tweet","beaked:DigDeep+1","Bandage Up+1","infinitespire:Punishment+1","infinitespire:Starlight+1","HandOfGreed+1","conspire:Banana+1","beaked:BloodRitual+1","Flash of Steel+1","beaked:Foresight+1","beaked:Evade+1","Trip+1","beaked:MachineEssence+1","Slimebound:Icky","infinitespire:Punishment+1","ReplayTheSpireMod:Black Plague+1","Blind+1","beaked:SacrificialAttack+1","Replay:SS_forest_6","expansioncontent:AwakenDeath","expansioncontent:CaCaw","beaked:SacrificialScars+1","Doubt","Doubt","Slimebound:Icky","beaked:AwakenedForm+1","expansioncontent:QuickStudy+1"],"relics":["beaked:BlessedCoat","Guardian:PickAxe","NeowsBlessing","replay:Trail_Library","champ:DuelingGlove","Blue Doll","infinitespire:Beetle Shell","MerchantsRug","Frozen Eye","Gremlin Horn","MealTicket","Replay:Rubber Ducky","conspire:SpecialSausage","downfall:HeartBlessingBlue","Potion Belt","conspire:TopHat","ReplayTheSpireMod:Shallot","War Paint","Gambling Chip","beaked:SacredDeck","Bronze Scales","Vajra","Replay:Wax Seal","Replay:Arrowhead","Smiling Mask","Gremlin Food","Art of War","conspire:RoyalGoblet","Guardian:PickAxe","NeowsBlessing","replay:Trail_Library","Regal Pillow","Nunchaku","Pet Ghost","Replay:WaspNest","Happy Flower","infinitespire:Satchel","Odd Mushroom","Thread and Needle","ReplayTheSpireMod:TigerMarble","Replay:Baseball","Replay:Bandana","sneckomod:SneckoTalon","Question Card","Lantern","Replay:PocketPolymizer","Matryoshka","Dream Catcher","Bottled Lightning","Bag of Marbles","infinitespire:Midas Blood","Darkstone Periapt","The Courier","Molten Egg 2","Red Mask","downfall:RedIOUUpgrade","Strawberry","Simple Rune","Peace Pipe","Oddly Smooth Stone","Blood Vial","downfall:HeartBlessingGreen","ReplayFunnel","HornCleat","SlaversCollar","Guardian:PickAxe","NeowsBlessing","replay:Trail_Library","hexamod:BolsterEngine","downfall:GremlinWheel","Replay:Multitool","Replay:Mystery Machine","Juzu Bracelet","conspire:DeflatedDodgeball","infinitespire:PuzzleCube","Bag of Preparation","Akabeko","infinitespire:Eraser","Tiny House","Nilry\u0027s Codex","Toy Ornithopter","Toxic Egg 2","Shuriken","Toy Ornithopter","Strange Spoon","Guardian:PocketSentry","infinitespire:Lucky Rock","Circlet","ReplayTheSpireMod:Lightbulb","beaked:FlawlessSticks","infinitespire:EvilPickle","Guardian:GemstoneGun","Ginger","Replay:Bottled Flurry","Centennial Puzzle","beaked:ShinyBauble","Iron Hammer","White Beast Statue","Replay:Ancient Bell","PreservedInsect","conspire:BottledYoYo","Ice Cream","Omamori","infinitespire:CheckeredPen","Replay:Kaleidoscope"],"acts_visited":["Exordium","TheCity","TheBeyond","Exordium","TheCity","TheBeyond","Exordium","TheCity","TheBeyond","TheEnding"],"potions_floor_usage":[16,20,33,39,50,67,67,67,73,75,75,84,84,99,100,109,109,123,123,123,135,135,141,141,152,152,152,154,157],"damage_taken":[{"damage":0,"enemies":"Small Slimes","floor":2,"turns":2},{"damage":0,"enemies":"Jaw Worm","floor":5,"turns":2},{"damage":0,"enemies":"downfall:FleeingMerchant","floor":8,"turns":1},{"damage":0,"enemies":"2 Louse","floor":11,"turns":1},{"damage":30,"enemies":"Lots of Slimes","floor":14,"turns":4},{"damage":8,"enemies":"3 Louse","floor":15,"turns":3},{"damage":11,"enemies":"downfall:Watcher","floor":16,"turns":10},{"damage":4,"enemies":"Spheric Guardian","floor":19,"turns":3},{"damage":27,"enemies":"Snecko","floor":20,"turns":5},{"damage":20,"enemies":"Centurion and Healer","floor":29,"turns":6},{"damage":53,"enemies":"Nightmare","floor":30,"turns":10},{"damage":33,"enemies":"3 Cultists","floor":32,"turns":7},{"damage":44,"enemies":"downfall:Silent","floor":33,"turns":8},{"damage":36,"enemies":"Orb Walker","floor":37,"turns":5},{"damage":34,"enemies":"3 Darklings","floor":39,"turns":6},{"damage":0,"enemies":"Transient","floor":43,"turns":1},{"damage":26,"enemies":"Writhing Mass","floor":46,"turns":6},{"damage":11,"enemies":"Jaw Worm Horde","floor":47,"turns":5},{"damage":7,"enemies":"4 Shapes","floor":49,"turns":4},{"damage":40,"enemies":"downfall:Ironclad","floor":50,"turns":6},{"damage":0,"enemies":"2 Louse","floor":53,"turns":1},{"damage":12,"enemies":"Small Slimes","floor":54,"turns":1},{"damage":0,"enemies":"Cultist","floor":55,"turns":1},{"damage":28,"enemies":"The Mushroom Lair","floor":59,"turns":3},{"damage":0,"enemies":"conspire:MimicChest","floor":62,"turns":1},{"damage":1,"enemies":"Exordium Thugs","floor":65,"turns":2},{"damage":0,"enemies":"Blue Slaver","floor":66,"turns":2},{"damage":52,"enemies":"Fading Forest","floor":67,"turns":11},{"damage":0,"enemies":"Spheric Guardian","floor":70,"turns":1},{"damage":19,"enemies":"3 Byrds","floor":71,"turns":4},{"damage":27,"enemies":"Snecko","floor":72,"turns":4},{"damage":7,"enemies":"Centurion and Healer","floor":73,"turns":5},{"damage":75,"enemies":"Book of Stabbing","floor":75,"turns":5},{"damage":0,"enemies":"Shelled Parasite and Fungi","floor":82,"turns":1},{"damage":2,"enemies":"Sentry and Sphere","floor":83,"turns":5},{"damage":121,"enemies":"Automaton","floor":84,"turns":7},{"damage":7,"enemies":"Orb Walker","floor":87,"turns":3},{"damage":30,"enemies":"3 Darklings","floor":88,"turns":3},{"damage":12,"enemies":"Transient","floor":89,"turns":5},{"damage":62,"enemies":"Nemesis","floor":92,"turns":5},{"damage":52,"enemies":"Sphere and 2 Shapes","floor":95,"turns":3},{"damage":76,"enemies":"Maw","floor":97,"turns":5},{"damage":11,"enemies":"4 Shapes","floor":99,"turns":5},{"damage":126,"enemies":"Transient","floor":100,"turns":5},{"damage":19,"enemies":"Donu and Deca","floor":101,"turns":7},{"damage":0,"enemies":"2 Louse","floor":104,"turns":1},{"damage":0,"enemies":"2 Louse","floor":105,"turns":2},{"damage":0,"enemies":"Lagavulin","floor":107,"turns":1},{"damage":19,"enemies":"Small Slimes","floor":108,"turns":4},{"damage":9,"enemies":"3 Sentries","floor":109,"turns":4},{"damage":0,"enemies":"Cultist","floor":110,"turns":2},{"damage":43,"enemies":"Exordium Thugs","floor":114,"turns":4},{"damage":0,"enemies":"2 Fungi Beasts","floor":117,"turns":2},{"damage":87,"enemies":"Hexaghost","floor":118,"turns":4},{"damage":12,"enemies":"downfall:LadyInBlue","floor":123,"turns":6},{"damage":12,"enemies":"Book of Stabbing","floor":126,"turns":4},{"damage":0,"enemies":"Masked Bandits","floor":132,"turns":2},{"damage":31,"enemies":"Spheric Guardian","floor":134,"turns":2},{"damage":7,"enemies":"Pondfish","floor":135,"turns":8},{"damage":4,"enemies":"infinitespire:Three Voidlings","floor":141,"turns":3},{"damage":76,"enemies":"Nightmare_Alpha","floor":141,"turns":5},{"damage":13,"enemies":"3 Shapes","floor":142,"turns":1},{"damage":0,"enemies":"Reptomancer","floor":143,"turns":1},{"damage":0,"enemies":"Orb Walker","floor":145,"turns":1},{"damage":0,"enemies":"3 Darklings","floor":146,"turns":1},{"damage":19,"enemies":"Sphere and 2 Shapes","floor":151,"turns":2},{"damage":12,"enemies":"Time Eater","floor":152,"turns":4},{"damage":19,"enemies":"downfall:CharBossMerchant","floor":154,"turns":5},{"damage":54,"enemies":"downfall:NeowBoss","floor":157,"turns":14}],"seed_played":"5916959333581085910","potions_obtained":[{"floor":11,"key":"Swift Potion"},{"floor":15,"key":"Energy Potion"},{"floor":32,"key":"Fire Potion"},{"floor":33,"key":"SpeedPotion"},{"floor":37,"key":"PowerPotion"},{"floor":39,"key":"BlessingOfTheForge"},{"floor":47,"key":"FearPotion"},{"floor":54,"key":"SkillPotion"},{"floor":55,"key":"LiquidBronze"},{"floor":62,"key":"SpeedPotion"},{"floor":65,"key":"Elixir"},{"floor":66,"key":"BlessingOfTheForge"},{"floor":73,"key":"Energy Potion"},{"floor":75,"key":"Weak Potion"},{"floor":83,"key":"LifebloodPotion"},{"floor":87,"key":"FairyPotion"},{"floor":92,"key":"Venom Potion"},{"floor":95,"key":"Venom Potion"},{"floor":97,"key":"Cursed Concoction"},{"floor":101,"key":"Reflective Coating"},{"floor":104,"key":"Strength Potion"},{"floor":118,"key":"GamblersBrew"},{"floor":119,"key":"ColorlessPotion"},{"floor":123,"key":"Fruit Juice"},{"floor":123,"key":"Strength Potion"},{"floor":123,"key":"ColorlessPotion"},{"floor":126,"key":"conspire:TimeTravelPotion"},{"floor":135,"key":"Energy Potion"},{"floor":144,"key":"downfall:CursedFountainPotion"},{"floor":145,"key":"Cursed Concoction"},{"floor":146,"key":"SteroidPotion"},{"floor":152,"key":"LiquidBronze"},{"floor":154,"key":"hexamod:EctoCoolerPotion"},{"floor":157,"key":"Dexterity Potion"}],"is_trial":true,"path_per_floor":["R","M","?","?","M","R","T","$","R","R","M","$","?","M","M","B",null,"R","M","M","?","?","R","T","R","$","?","R","M","NM","?","M","B",null,"R","AVR","M","$","M","R","T","R","M","$","R","M","M","?","M","B",null,"R","M","M","M","AVR","$","T","?","?","$","?","R","R","M","M","B",null,"R","M","M","M","M","$","E","R","AVR","R","$","R","?","M","M","B",null,"R","M","M","M","?","?","E","$","?","M","R","M","R","M","M","B",null,"R","M","?","$","E","M","E","M","?","$","R","M","R","AVR","M","B",null,"R","?","?","?","$","?","E","?","R","$","R","R","?","?","M","B",null,"R","?","?","?","?","M","E","?","M","M","$","R","R","?","M","B",null,"E","$","R","B",null],"character_chosen":"BEAKED_THE_CULTIST","items_purchased":["MerchantsRug","Frozen Eye","Apotheosis","BlessingOfTheForge","beaked:BloodRitual+1","Vajra","Whetstone","Happy Flower","beaked:Foresight","Thread and Needle","Dream Catcher","Bottled Lightning","expansioncontent:GuardianWhirl+1","Strawberry","Simple Rune","Peace Pipe","Replay:Multitool","Juzu Bracelet","conspire:DeflatedDodgeball","Toxic Egg 2","Shuriken","Strange Spoon","beaked:Evade+1","beaked:ShinyBauble","Iron Hammer","Omamori","infinitespire:CheckeredPen","Replay:Kaleidoscope"],"campfire_rested":5,"item_purchase_floors":[8,8,8,8,38,38,44,57,61,61,74,79,79,93,93,93,106,112,112,124,124,129,129,147,147,155,155,155],"current_hp_per_floor":[50,50,50,38,44,44,44,45,45,45,50,50,50,39,43,50,50,60,57,40,40,40,40,40,40,55,55,55,62,27,27,64,60,68,68,68,61,70,72,72,72,72,72,72,72,68,76,76,78,64,80,80,80,77,81,81,82,82,65,65,80,81,81,81,82,84,86,86,86,86,76,59,97,97,31,76,76,76,76,76,68,77,80,7,82,82,80,83,89,89,89,56,78,78,69,111,53,102,112,37,82,128,128,128,132,132,134,129,141,146,146,146,146,122,122,122,153,72,160,160,160,144,169,169,169,173,173,173,173,173,173,175,175,174,178,184,184,184,184,196,163,160,184,184,205,213,213,213,213,203,195,222,240,247,244,244,253],"gold":154,"neow_bonus":"","is_daily":false,"chose_seed":false,"campfire_upgraded":35,"win_rate":0.0,"timestamp":1609892078,"path_taken":["R","M","?","?","M","R","T","$","R","R","M","$","?","?","M","BOSS","R","M","M","?","?","R","T","R","$","?","R","M","NM","?","M","BOSS","R","AVR","M","$","M","R","T","R","M","$","R","M","M","?","M","BOSS","R","M","M","M","AVR","$","T","?","?","$","?","R","R","M","M","BOSS","R","M","M","M","M","$","E","R","AVR","R","$","R","?","?","M","BOSS","R","M","M","?","?","?","E","$","?","M","R","M","R","M","M","BOSS","R","M","?","$","?","?","E","?","?","$","R","M","R","AVR","M","BOSS","R","?","?","?","$","?","E","?","R","$","R","R","?","?","M","BOSS","R","?","?","?","?","M","E","?","M","M","$","R","R","?","M","BOSS","E","$","R","BOSS"],"items_purchased_type":["Relic","Relic","Card","Potion","Card","Relic","Relic","Relic","Card","Relic","Relic","Relic","Card","Relic","Relic","Relic","Relic","Relic","Relic","Relic","Relic","Relic","Card","Relic","Relic","Relic","Relic","Relic"],"build_version":"2020-12-22","purchased_purges":8,"victory":true,"max_hp_per_floor":[50,50,50,50,50,50,50,50,50,50,50,50,50,50,50,50,50,60,60,60,60,60,60,60,60,60,60,60,62,64,64,66,68,68,68,68,70,70,72,72,72,72,72,72,72,74,76,76,78,80,80,80,80,82,82,82,82,82,82,82,82,82,82,82,82,84,86,86,86,86,89,94,97,97,102,102,76,76,76,76,76,78,80,82,82,82,87,89,94,94,94,99,106,106,111,111,116,116,121,123,128,128,128,128,132,132,134,139,141,146,146,146,146,151,151,151,153,155,160,160,160,160,169,169,169,173,173,173,173,173,173,175,175,180,184,184,184,184,184,196,202,207,209,209,211,213,213,213,213,213,218,222,240,247,244,244,254],"card_choices":[{"not_picked":["beaked:Devastation","beaked:Poke"],"picked":"beaked:Evade","floor":8},{"not_picked":["beaked:FakeOut","Mayhem"],"picked":"Magnetism","floor":16},{"not_picked":["Purity+1","beaked:Tradeoff+1"],"picked":"beaked:ScreechingChant","floor":30},{"not_picked":["beaked:Caw","Mayhem"],"picked":"expansioncontent:QuickStudy","floor":33},{"not_picked":["ReplayTheSpireMod:Owlgaze","beaked:FakeOut"],"picked":"beaked:LiftOff","floor":50},{"not_picked":["beaked:Flinch","Replay:SS_fish_2"],"picked":"beaked:BraceForImpact","floor":59},{"not_picked":["Jack Of All Trades","Dark Shackles"],"picked":"beaked:Resilience","floor":62},{"not_picked":["Sadistic Nature","Mayhem"],"picked":"beaked:SacrificialScars","floor":67},{"not_picked":["infinitespire:SealOfDarkness+","infinitespire:Starlight"],"picked":"infinitespire:Execution","floor":70},{"not_picked":["beaked:Flinch","beaked:SurvivalInstinct","Deep Breath"],"picked":"expansioncontent:GoopSpray","floor":75},{"not_picked":["beaked:Poke","beaked:Tradeoff","beaked:SurvivalInstinct"],"picked":"beaked:WarriorEssence+1","floor":76},{"not_picked":["The Bomb","expansioncontent:DashGenerateEvil","Magnetism"],"picked":"beaked:MachineEssence","floor":84},{"not_picked":["beaked:DigDeep","Replay:SS_forest_2","beaked:Brace","beaked:WarriorEssence+1"],"picked":"beaked:Windmill+1","floor":86},{"not_picked":["beaked:Daydream","beaked:Flinch+1","beaked:Devastation","expansioncontent:DefensiveStance+1"],"picked":"beaked:Windmill+1","floor":92},{"not_picked":["beaked:Windmill+1","expansioncontent:GuardianWhirl+1","ReplayTheSpireMod:Prepare the Ceremony"],"picked":"beaked:FeelMyPain","floor":96},{"not_picked":["expansioncontent:SlimeTackle+1","beaked:Windmill+1","beaked:Daydream"],"picked":"beaked:WarriorEssence+1","floor":98},{"not_picked":["Master of Strategy","Apotheosis","Metamorphosis"],"picked":"HandOfGreed+1","floor":101},{"not_picked":["beaked:TuckingFeathers","beaked:Resilience","expansioncontent:ManipulateTime"],"picked":"beaked:Tweet","floor":103},{"not_picked":["beaked:TuckingFeathers","expansioncontent:FaceSlap+1","beaked:Cower"],"picked":"beaked:DigDeep","floor":107},{"not_picked":["beaked:Poke+1","beaked:Flinch","beaked:Tweet"],"picked":"Bandage Up","floor":109},{"not_picked":["Sadistic Nature","beaked:FullHouse","beaked:DarkTribute"],"picked":"HandOfGreed+1","floor":118},{"not_picked":["beaked:SurvivalInstinct","beaked:MimicWarrior","beaked:Overexert"],"picked":"conspire:Banana","floor":119},{"not_picked":["beaked:Foresight","Replay:SS_hec_1","beaked:Daydream+1"],"picked":"beaked:BloodRitual","floor":123},{"not_picked":["beaked:Resilience+1","expansioncontent:DecasProtection+1","expansioncontent:SuperHexaguard+1"],"picked":"beaked:Foresight+1","floor":126},{"not_picked":["beaked:Brace+1","beaked:Evade+1","beaked:Tradeoff+1"],"picked":"Trip+1","floor":132},{"not_picked":["Secret Weapon+1","beaked:LiftOff","beaked:Brainwash+1"],"picked":"beaked:MachineEssence","floor":135},{"not_picked":["infinitespire:Menacing","Replay:Fractal Strike"],"picked":"infinitespire:Punishment","floor":140},{"not_picked":["ReplayTheSpireMod:Book of Names","ReplayTheSpireMod:Haul"],"picked":"ReplayTheSpireMod:Black Plague","floor":141},{"not_picked":["beaked:Cower+1","Discovery+1","beaked:Tweet+1"],"picked":"Blind+1","floor":141},{"not_picked":["HandOfGreed+1","Replay:SS_fish_2+1","beaked:TuckingFeathers+1"],"picked":"beaked:SacrificialAttack+1","floor":143},{"not_picked":["expansioncontent:ChargeUp+1","Replay:SS_fish_3+1","expansioncontent:PrepareCrush+1"],"picked":"Replay:SS_forest_6","floor":150},{"not_picked":["Replay:SS_fish_2+1","expansioncontent:Flail+1","Replay:SS_forest_5+1"],"picked":"expansioncontent:AwakenDeath","floor":150},{"not_picked":["expansioncontent:HyperBeam+1","expansioncontent:DecasProtection+1","expansioncontent:ManipulateTime+1"],"picked":"expansioncontent:CaCaw","floor":150},{"not_picked":["Violence+1","beaked:KnowThyFoe+1","beaked:DarkPact+1"],"picked":"beaked:SacrificialScars+1","floor":152},{"not_picked":["Replay:UnknownCurse","Shame","Parasite"],"picked":"Doubt","floor":153},{"not_picked":["Decay","conspire:NecroticWound","CurseOfTheBell"],"picked":"Doubt","floor":153},{"not_picked":["hexamod:Haunted","Guardian:Aged","Parasite"],"picked":"Slimebound:Icky","floor":153},{"not_picked":["beaked:Tradeoff+1","expansioncontent:DashGenerateEvil+1","beaked:Daydream+1"],"picked":"beaked:AwakenedForm","floor":154},{"not_picked":["beaked:FullHouse+1","expansioncontent:Corrupt+1","Panache"],"picked":"expansioncontent:QuickStudy+1","floor":157}],"player_experience":21674,"relics_obtained":[{"floor":2,"key":"Blue Doll"},{"floor":5,"key":"Bag of Marbles"},{"floor":11,"key":"Gremlin Horn"},{"floor":14,"key":"MealTicket"},{"floor":15,"key":"Replay:Rubber Ducky"},{"floor":19,"key":"Blood Vial"},{"floor":20,"key":"Potion Belt"},{"floor":24,"key":"conspire:TopHat"},{"floor":29,"key":"ReplayTheSpireMod:Shallot"},{"floor":30,"key":"War Paint"},{"floor":32,"key":"Gambling Chip"},{"floor":37,"key":"Dead Branch"},{"floor":39,"key":"Replay:Wax Seal"},{"floor":41,"key":"Replay:Arrowhead"},{"floor":43,"key":"Smiling Mask"},{"floor":46,"key":"Replay:Winged Headress"},{"floor":47,"key":"Gremlin Food"},{"floor":49,"key":"Art of War"},{"floor":53,"key":"Regal Pillow"},{"floor":54,"key":"Nunchaku"},{"floor":55,"key":"Pet Ghost"},{"floor":58,"key":"infinitespire:Satchel"},{"floor":59,"key":"Odd Mushroom"},{"floor":62,"key":"ReplayTheSpireMod:TigerMarble"},{"floor":65,"key":"Replay:Baseball"},{"floor":66,"key":"Replay:Bandana"},{"floor":70,"key":"Question Card"},{"floor":71,"key":"Lantern"},{"floor":72,"key":"Replay:PocketPolymizer"},{"floor":73,"key":"Matryoshka"},{"floor":82,"key":"Bag of Marbles"},{"floor":83,"key":"infinitespire:Midas Blood"},{"floor":87,"key":"Darkstone Periapt"},{"floor":88,"key":"The Courier"},{"floor":89,"key":"Molten Egg 2"},{"floor":95,"key":"Oddly Smooth Stone"},{"floor":97,"key":"Blood Vial"},{"floor":99,"key":"ReplayFunnel"},{"floor":100,"key":"HornCleat"},{"floor":104,"key":"hexamod:BolsterEngine"},{"floor":105,"key":"downfall:GremlinWheel"},{"floor":110,"key":"Replay:Mystery Machine"},{"floor":113,"key":"infinitespire:PuzzleCube"},{"floor":114,"key":"Bag of Preparation"},{"floor":117,"key":"infinitespire:Eraser"},{"floor":122,"key":"Nilry\u0027s Codex"},{"floor":123,"key":"Toy Ornithopter"},{"floor":130,"key":"Guardian:PocketSentry"},{"floor":131,"key":"infinitespire:Lucky Rock"},{"floor":132,"key":"Circlet"},{"floor":134,"key":"ReplayTheSpireMod:Lightbulb"},{"floor":141,"key":"Guardian:GemstoneGun"},{"floor":142,"key":"Ginger"},{"floor":145,"key":"Replay:Bottled Flurry"},{"floor":146,"key":"Centennial Puzzle"},{"floor":151,"key":"White Beast Statue"}],"event_choices":[{"damage_healed":0,"gold_gain":0,"player_choice":"Success","damage_taken":12,"relics_obtained":["infinitespire:Beetle Shell"],"max_hp_gain":0,"max_hp_loss":0,"event_name":"Scrap Ooze","floor":4,"gold_loss":0},{"damage_healed":0,"gold_gain":0,"player_choice":"Simplicity","damage_taken":0,"max_hp_gain":0,"max_hp_loss":0,"event_name":"Back to Basics","floor":22,"gold_loss":0,"cards_upgraded":["beaked:Strike_Y","beaked:Strike_Y","beaked:Strike_Y","beaked:Strike_Y","beaked:Strike_Y","beaked:Strike_Y","beaked:Defend_Y","beaked:Defend_Y","beaked:Defend_Y"]},{"damage_healed":0,"gold_gain":0,"player_choice":"Became a vampire (Vial)","damage_taken":0,"max_hp_gain":0,"max_hp_loss":0,"event_name":"Vampires","floor":27,"relics_lost":["Blood Vial"],"gold_loss":0,"cards_obtained":["Bite","Bite","Bite","Bite","Bite"]},{"cards_removed":["beaked:CrazyRituals"],"damage_healed":0,"gold_gain":0,"player_choice":"Removed Power","damage_taken":0,"max_hp_gain":0,"max_hp_loss":0,"event_name":"Falling","floor":48,"gold_loss":0},{"damage_healed":0,"gold_gain":0,"player_choice":"Fought Mushrooms","damage_taken":0,"max_hp_gain":0,"max_hp_loss":0,"event_name":"Mushrooms","floor":59,"gold_loss":0},{"damage_healed":0,"gold_gain":0,"player_choice":"Leave","damage_taken":0,"max_hp_gain":0,"max_hp_loss":0,"event_name":"conspire:Investor","floor":94,"gold_loss":0},{"damage_healed":0,"gold_gain":0,"player_choice":"Relic","damage_taken":0,"max_hp_gain":0,"max_hp_loss":0,"event_name":"Wheel of Change","floor":113,"gold_loss":0},{"damage_healed":0,"gold_gain":0,"player_choice":"Forge","damage_taken":0,"max_hp_gain":0,"max_hp_loss":0,"event_name":"Accursed Blacksmith","floor":121,"gold_loss":0,"cards_upgraded":["beaked:Defend_Y"]},{"damage_healed":0,"gold_gain":0,"cards_transformed":["Guardian:ExploitGems"],"player_choice":"Transformed","damage_taken":0,"max_hp_gain":0,"max_hp_loss":0,"event_name":"Transmorgrifier","floor":125,"gold_loss":0,"cards_obtained":["Flash of Steel"]},{"damage_healed":0,"gold_gain":0,"player_choice":"Fought Bandits","damage_taken":0,"max_hp_gain":0,"max_hp_loss":0,"event_name":"Masked Bandits","floor":132,"gold_loss":0},{"damage_healed":0,"gold_gain":0,"player_choice":"Ignored","damage_taken":0,"max_hp_gain":0,"max_hp_loss":0,"event_name":"NoteForYourself","floor":139,"gold_loss":0}],"is_beta":false,"boss_relics":[{"not_picked":["expansioncontent:StudyCardRelic","Replay:Drink Me"],"picked":"conspire:SpecialSausage"},{"not_picked":["Painkiller Herb","Replay:Wanted Poster"],"picked":"beaked:BlessedCoat"},{"not_picked":["Replay:Bronze Core","Astrolabe"],"picked":"conspire:RoyalGoblet"},{"not_picked":["Replay:Bronze Core","Abe\u0027s Treasure"],"picked":"sneckomod:SneckoTalon"},{"not_picked":["Fusion Hammer","ChewingGum"],"picked":"Honey Jar"},{"not_picked":["Runic Pyramid","Busted Crown"],"picked":"SlaversCollar"},{"not_picked":["Cursed Key","conspire:RunicOctahedron"],"picked":"Tiny House"},{"not_picked":["Honey Jar","beaked:MawFillet"],"picked":"beaked:FlawlessSticks"},{"not_picked":["Black Star","Ring of Chaos"],"picked":"Replay:Ancient Bell"},{"not_picked":["Akabeko","Boot"],"picked":"PreservedInsect"},{"not_picked":["Divine Protection","infinitespire:Broken Mirror"],"picked":"conspire:BottledYoYo"},{"not_picked":["Du-Vu Doll","Pocketwatch"],"picked":"Ice Cream"}],"items_purged_floors":[8,26,61,74,79,93,106,155],"is_endless":true,"potions_floor_spawned":[11,15,32,33,37,39,47,54,55,62,65,66,73,75,83,87,92,95,97,101,104,108,118,126,135,141,145,146,152,154,157],"ascension_level":0}}