{"host":"12lnwhc48gjtaggg","time":1609947247,"event":{"mods":["Aspiration","BaseMod","BetterRewards","Energized Spire","Gold Saver","GungeonMod","Infinite Spire","Minty Spire (QoL Compilation)","Remove Card Discount Mod","Shop Mod","StSLib","Trackpad","[IsaacMod]????"],"gold_per_floor":[113,128,35,48,61,61,89,89,115,115,188,188,245,257,257,353,353,367,1,12,12,12,12,23,23,46,46,61,61,61,81,81,179,179,197,29,29,40,40,58,74,101,101,114,148,121,121,133,133,133],"floor_reached":51,"playtime":1068,"items_purged":["Entrench","Inflame","Feel No Pain","Decay","Shame","Pain","Writhe","infinitespire:Pacifist","Shame","Spot Weakness","Injury","DemoMod:WhiteBlade","Decay"],"score":1107,"play_id":"6d64fbc1-aae6-44a2-8477-ca248f640cd6","local_time":"20210106153407","daily_mods":["Draft","Vintage","Cursed Run"],"is_ascension_mode":false,"campfire_choices":[{"data":"Finesse","floor":6,"key":"SMITH"},{"data":"Iron Wave","floor":12,"key":"SMITH"},{"data":"1","floor":15,"key":"LIFT"},{"data":"2","floor":23,"key":"LIFT"},{"data":"Limit Break","floor":30,"key":"SMITH"},{"data":"3","floor":32,"key":"LIFT"},{"data":"Shockwave","floor":47,"key":"SMITH"},{"data":"Thunderclap","floor":49,"key":"SMITH"}],"circlet_count":0,"master_deck":["Pommel Strike","Clothesline","Battle Trance","Twin Strike","Perfected Strike","DemoMod:WhiteBlade","DemoMod:BlackBlade","Perfected Strike","Perfected Strike","Thunderclap+1","Shockwave+1","Finesse+1","Iron Wave+1","Clash+1","Twin Strike+1","Bash+1","Limit Break+1","infinitespire:FinalStrike+1","infinitespire:SevenWalls+1","Pommel Strike+1","Pain"],"relics":["Cursed Key","Darkstone Periapt","Du-Vu Doll","HushsDoor","AnarchistCookbook","ForgetMeNow","Bag of Preparation","FossilizedHelix","Red Skull","Blue Candle","trackpad:CultistFigurine","Molten Egg 2","trackpad:GuardianSpirit","SatanicBible","Girya","MagicMushroom","trackpad:BerserkersDraught","Anchor","aspiration:TomeofQuesting","Busted Crown","White Beast Statue","DemoMod:Metronome","infinitespire:CheckeredPen","trackpad:DisasterInABottle","trackpad:BottledTsunami","trackpad:IceCube","trackpad:Coffee","GuppysTail","SteamSale","trackpad:AdjectivePendant","DemoMod:GlassGuonStoneRelic","Shuriken","Bronze Scales","aspiration:FetidBarrel","EdensBlessing","Bag of Marbles","trackpad:ByrdBGone","PokeGo"],"acts_visited":["Exordium","TheCity","TheBeyond"],"potions_floor_usage":[],"damage_taken":[{"damage":0,"enemies":"Cultist","floor":1,"turns":2},{"damage":7,"enemies":"Small Slimes","floor":2,"turns":2},{"damage":7,"enemies":"Jaw Worm","floor":4,"turns":2},{"damage":0,"enemies":"3 Louse","floor":5,"turns":2},{"damage":0,"enemies":"3 Sentries","floor":7,"turns":2},{"damage":0,"enemies":"Gremlin Nob","floor":13,"turns":2},{"damage":0,"enemies":"Blue Slaver","floor":14,"turns":2},{"damage":0,"enemies":"Slime Boss","floor":16,"turns":5},{"damage":0,"enemies":"Spheric Guardian","floor":18,"turns":2},{"damage":7,"enemies":"Shell Parasite","floor":20,"turns":2},{"damage":0,"enemies":"3 Cultists","floor":24,"turns":3},{"damage":0,"enemies":"Shelled Parasite and Fungi","floor":28,"turns":1},{"damage":0,"enemies":"Snecko","floor":31,"turns":1},{"damage":0,"enemies":"Automaton","floor":33,"turns":4},{"damage":0,"enemies":"3 Darklings","floor":35,"turns":1},{"damage":0,"enemies":"Orb Walker","floor":38,"turns":1},{"damage":0,"enemies":"Writhing Mass","floor":40,"turns":1},{"damage":0,"enemies":"Spire Growth","floor":41,"turns":1},{"damage":0,"enemies":"Nemesis","floor":42,"turns":1},{"damage":0,"enemies":"Jaw Worm Horde","floor":44,"turns":2},{"damage":0,"enemies":"Nightmare","floor":45,"turns":2},{"damage":0,"enemies":"Sphere and 2 Shapes","floor":48,"turns":1},{"damage":0,"enemies":"Donu and Deca","floor":50,"turns":3}],"seed_played":"-9013239310583374762","potions_obtained":[{"floor":7,"key":"FearPotion"},{"floor":13,"key":"DistilledChaos"},{"floor":28,"key":"ElixirPotion"},{"floor":40,"key":"ColorlessPotion"},{"floor":45,"key":"BlessingOfTheForge"},{"floor":48,"key":"PowerPotion"}],"is_trial":true,"path_per_floor":["M","M","$","M","M","R","E","?","T","?","T","R","?","M","R","B",null,"M","$","M","?","?","R","M","AVR","T","?","M","T","R","M","R","B",null,"M","$","?","M","?","M","M","E","T","M","NM","$","R","M","R","B",null],"character_chosen":"IRONCLAD","items_purchased":["Finesse","trackpad:BerserkersDraught","Clash+1","Twin Strike+1","SteamSale","Pommel Strike+1"],"campfire_rested":0,"item_purchase_floors":[3,19,19,19,36,46],"current_hp_per_floor":[80,73,73,66,66,66,66,66,72,78,84,84,84,84,84,90,111,111,111,104,104,104,104,105,105,111,111,111,117,117,117,117,124,129,129,129,129,129,123,123,123,123,129,129,129,129,129,129,129,135],"gold":133,"neow_bonus":"","is_daily":false,"chose_seed":false,"campfire_upgraded":5,"win_rate":0.0,"timestamp":1609947247,"path_taken":["M","M","$","?","M","R","E","?","T","?","?","R","?","?","R","BOSS","M","$","M","?","?","R","M","AVR","T","?","?","?","R","M","R","BOSS","M","$","?","M","?","M","M","E","T","M","NM","?","R","M","R","BOSS"],"items_purchased_type":["Card","Relic","Card","Card","Relic","Card"],"build_version":"2020-12-22","purchased_purges":13,"victory":true,"max_hp_per_floor":[80,80,80,80,80,80,80,80,86,92,98,98,98,98,98,104,111,111,111,111,111,111,111,111,111,117,117,117,123,123,123,123,129,129,129,129,129,129,123,123,123,123,129,129,129,129,129,129,129,135],"card_choices":[{"not_picked":["Anger","Disarm"],"picked":"Spot Weakness","floor":0},{"not_picked":["Body Slam","Iron Wave"],"picked":"Pommel Strike","floor":0},{"not_picked":["Combust","Warcry"],"picked":"Clothesline","floor":0},{"not_picked":["infinitespire:OneForAll","Cleave"],"picked":"Battle Trance","floor":0},{"not_picked":["Havoc","Clash"],"picked":"Twin Strike","floor":0},{"not_picked":["Armaments","Iron Wave"],"picked":"Perfected Strike","floor":0},{"not_picked":["Sentinel","Battle Trance"],"picked":"DemoMod:WhiteBlade","floor":0},{"not_picked":["Flame Barrier","Spot Weakness"],"picked":"Perfected Strike","floor":0},{"not_picked":["DemoMod:WhiteBlade","infinitespire:OneForAll"],"picked":"Perfected Strike","floor":0},{"not_picked":["Twin Strike","Headbutt"],"picked":"Thunderclap","floor":0},{"not_picked":["Spot Weakness","Clothesline"],"picked":"Shockwave","floor":0},{"not_picked":["Sword Boomerang","Flex"],"picked":"Inflame","floor":0},{"not_picked":["Sentinel","Heavy Blade"],"picked":"DemoMod:WhiteBlade","floor":0},{"not_picked":["Searing Blow","Pommel Strike"],"picked":"Entrench","floor":0},{"not_picked":["Searing Blow","Warcry"],"picked":"Feel No Pain","floor":0},{"not_picked":["Clothesline","Metallicize"],"picked":"Iron Wave","floor":7},{"not_picked":["Spot Weakness"],"picked":"SKIP","floor":42},{"not_picked":["infinitespire:DeathsTouch","infinitespire:Menacing"],"picked":"infinitespire:SevenWalls","floor":45},{"not_picked":["Inflame"],"picked":"SKIP","floor":45}],"player_experience":385425,"relics_obtained":[{"floor":1,"key":"ForgetMeNow"},{"floor":2,"key":"Bag of Preparation"},{"floor":4,"key":"FossilizedHelix"},{"floor":5,"key":"Red Skull"},{"floor":7,"key":"Blue Candle"},{"floor":9,"key":"trackpad:CultistFigurine"},{"floor":11,"key":"trackpad:GuardianSpirit"},{"floor":13,"key":"SatanicBible"},{"floor":14,"key":"Girya"},{"floor":20,"key":"Anchor"},{"floor":24,"key":"aspiration:TomeofQuesting"},{"floor":26,"key":"DemoMod:Metronome"},{"floor":28,"key":"trackpad:DisasterInABottle"},{"floor":29,"key":"trackpad:BottledTsunami"},{"floor":31,"key":"trackpad:IceCube"},{"floor":35,"key":"GuppysTail"},{"floor":38,"key":"trackpad:AdjectivePendant"},{"floor":40,"key":"Shuriken"},{"floor":41,"key":"Bronze Scales"},{"floor":42,"key":"aspiration:FetidBarrel"},{"floor":43,"key":"EdensBlessing"},{"floor":44,"key":"Bag of Marbles"},{"floor":45,"key":"trackpad:ByrdBGone"},{"floor":48,"key":"PokeGo"}],"event_choices":[{"damage_healed":0,"gold_gain":0,"player_choice":"Searched \u00271\u0027 times","damage_taken":0,"max_hp_gain":0,"max_hp_loss":0,"event_name":"Dead Adventurer","floor":13,"gold_loss":0},{"damage_healed":0,"gold_gain":0,"player_choice":"2 cards matched","damage_taken":0,"max_hp_gain":0,"max_hp_loss":0,"event_name":"Match and Keep!","floor":21,"gold_loss":0,"cards_obtained":["Bash","Limit Break"]},{"damage_healed":0,"gold_gain":0,"player_choice":"Ignored","damage_taken":0,"max_hp_gain":0,"max_hp_loss":0,"event_name":"Ghosts","floor":22,"gold_loss":0},{"damage_healed":0,"gold_gain":0,"player_choice":"Opened","damage_taken":0,"relics_obtained":["infinitespire:CheckeredPen"],"max_hp_gain":0,"max_hp_loss":0,"event_name":"The Mausoleum","floor":27,"gold_loss":0},{"damage_healed":0,"gold_gain":0,"player_choice":"Max HP","damage_taken":0,"max_hp_gain":0,"max_hp_loss":6,"event_name":"Winding Halls","floor":39,"gold_loss":0}],"is_beta":false,"boss_relics":[{"not_picked":["energizedSpire:TabascoSauce","energizedSpire:NeverEndingSparkler"],"picked":"MagicMushroom"},{"not_picked":[]},{"not_picked":["aspiration:RunicSpoon","energizedSpire:RedRose"],"picked":"trackpad:Coffee"},{"not_picked":[]}],"items_purged_floors":[3,3,3,36,36,36,36,36,36,36,36,36,46],"is_endless":false,"potions_floor_spawned":[7,13,16,18,20,28,31,33,35,38,40,41,42,44,45,48],"ascension_level":0}}