{"host":"hwdg34753f7m8ow2","time":1609977318,"event":{"mods":["AchievementEnabler","BaseMod","Koishi","Marisa????????","Minty Spire (QoL Compilation)","Permanent Neow","Quick Restart","Shop Mod","StSLib","The Senshi","The Servant 0.9.4"],"gold_per_floor":[113,127,127,202,217,217,251,262,308,308,308,308,343,343,343,441,441,458,40,40,40,57,84,166,166,166,195,195,213,313,341,341,341,341],"floor_reached":33,"playtime":1212,"items_purged":[],"score":355,"play_id":"803bab8b-7022-4759-b732-5265c4ce51e8","local_time":"20210106165518","is_ascension_mode":true,"campfire_choices":[{"floor":6,"key":"REST"},{"floor":10,"key":"REST"},{"floor":15,"key":"REST"},{"floor":28,"key":"REST"},{"floor":32,"key":"REST"}],"circlet_count":0,"master_deck":["theSenshi:SailorKick","theSenshi:SailorKick","theSenshi:SailorKick","theSenshi:SailorKick+1","theSenshi:SailorBlock","theSenshi:SailorBlock+1","theSenshi:SailorBlock","theSenshi:SailorBlock","theSenshi:RoseThrow","theSenshi:MoonPrismPowerMakeUp","theSenshi:MoonPrincessHalation","theSenshi:TallSilhouette","theSenshi:SailorChibiMoonAssists","theSenshi:SailorVenusAssists","theSenshi:TallSilhouette","theSenshi:GlimpseOfThePast+1","theSenshi:MoonGorgeousMeditation","theSenshi:MoonKick","Apotheosis","theSenshi:CrisisMakeUp","theSenshi:MoonKick+1","Writhe","Clumsy","theSenshi:SailorJupiterAssists+1","theSenshi:MoonCrystalPowerMakeUp","theSenshi:SailorStarFighterAssists+1"],"relics":["theSenshi:TransformationBroochRelic","Tiny Chest","Gremlin Horn","theSenshi:RoseRelic","Oddly Smooth Stone","Letter Opener","Strawberry","Cursed Key","Juzu Bracelet","Pen Nib","FossilizedHelix","Molten Egg 2","Prayer Wheel","Thread and Needle","Kunai"],"acts_visited":["Exordium","TheCity"],"potions_floor_usage":[7,13,18,23,31,33],"damage_taken":[{"damage":1,"enemies":"2 Louse","floor":1,"turns":3},{"damage":7,"enemies":"Jaw Worm","floor":2,"turns":4},{"damage":6,"enemies":"Small Slimes","floor":5,"turns":4},{"damage":16,"enemies":"3 Sentries","floor":7,"turns":10},{"damage":7,"enemies":"Exordium Thugs","floor":8,"turns":5},{"damage":35,"enemies":"Gremlin Nob","floor":13,"turns":5},{"damage":18,"enemies":"The Guardian","floor":16,"turns":13},{"damage":14,"enemies":"Spheric Guardian","floor":18,"turns":5},{"damage":4,"enemies":"2 Thieves","floor":22,"turns":4},{"damage":26,"enemies":"Slavers","floor":23,"turns":5},{"damage":10,"enemies":"Book of Stabbing","floor":27,"turns":3},{"damage":0,"enemies":"Centurion and Healer","floor":29,"turns":5},{"damage":39,"enemies":"Slavers","floor":31,"turns":7},{"damage":63,"enemies":"Collector","floor":33,"turns":8}],"seed_played":"1011620833681082187","potions_obtained":[{"floor":1,"key":"SteroidPotion"},{"floor":2,"key":"SkillPotion"},{"floor":13,"key":"GamblersBrew"},{"floor":16,"key":"SkillPotion"},{"floor":18,"key":"Regen Potion"},{"floor":23,"key":"EssenceOfSteel"},{"floor":27,"key":"Weak Potion"}],"is_trial":false,"path_per_floor":["M","M","?","?","M","R","E","M","T","R","?","T","E","?","R","B",null,"M","$","?","?","M","E","T","?","T","E","R","M","?","E","R","B"],"character_chosen":"THE_SENSHI","items_purchased":["Apotheosis","Juzu Bracelet","theSenshi:CrisisMakeUp"],"campfire_rested":5,"item_purchase_floors":[19,19,19],"current_hp_per_floor":[74,67,52,41,35,57,41,34,34,56,56,56,28,28,52,34,82,68,68,68,68,64,50,50,50,50,40,64,64,64,25,49,0,0],"gold":341,"neow_bonus":"RANDOM_COMMON_RELIC","is_daily":false,"chose_seed":false,"campfire_upgraded":0,"win_rate":0.0,"timestamp":1609977318,"path_taken":["M","M","?","?","M","R","E","M","T","R","?","?","E","?","R","BOSS","M","$","?","?","M","E","?","?","T","E","R","M","?","E","R","BOSS"],"items_purchased_type":["Card","Relic","Card"],"build_version":"2020-12-22","purchased_purges":0,"victory":false,"max_hp_per_floor":[75,75,75,75,75,75,75,75,75,75,75,75,82,82,82,82,82,82,82,82,82,82,82,82,82,82,82,82,82,82,82,82,82,82],"card_choices":[{"not_picked":["theSenshi:GatheringStrength","theSenshi:UranusStrength"],"picked":"theSenshi:MoonPrincessHalation","floor":1},{"not_picked":["theSenshi:MoonsReflection","theSenshi:MoonPower"],"picked":"theSenshi:TallSilhouette","floor":2},{"not_picked":["theSenshi:LunasBite","theSenshi:SailorStarFighterAssists"],"picked":"theSenshi:SailorChibiMoonAssists","floor":5},{"not_picked":["theSenshi:OdangoHead","theSenshi:MercurysCunning"],"picked":"theSenshi:SailorVenusAssists","floor":7},{"not_picked":["theSenshi:SailorStarMakerAssists","theSenshi:SchoolBag"],"picked":"theSenshi:TallSilhouette","floor":8},{"not_picked":["theSenshi:SailorPlanetAttack","theSenshi:SupersonicWaves"],"picked":"theSenshi:GlimpseOfThePast","floor":13},{"not_picked":["theSenshi:SailorStarHealerAssists","theSenshi:SilverMoonCrystalPowerKiss"],"picked":"theSenshi:MoonGorgeousMeditation","floor":16},{"not_picked":["theSenshi:SailorUranusAssists+1","theSenshi:MoonsReflection"],"picked":"theSenshi:MoonKick","floor":18},{"not_picked":["theSenshi:TallSilhouette","theSenshi:SailorV","theSenshi:TuxedoSmokingBomber"],"picked":"SKIP","floor":22},{"not_picked":["theSenshi:SchoolBag","theSenshi:GatheringStrength"],"picked":"theSenshi:MoonKick+1","floor":23},{"not_picked":["theSenshi:MoonsReflection+1","theSenshi:VenusGlamour+1"],"picked":"theSenshi:SailorJupiterAssists+1","floor":27},{"not_picked":["theSenshi:DramaticEntrance","theSenshi:SailorVenusAssists+1"],"picked":"theSenshi:MoonCrystalPowerMakeUp","floor":29},{"not_picked":["theSenshi:MoonTiaraMagic+1","theSenshi:KlutzyLuck","theSenshi:JupitersPower+1"],"picked":"SKIP","floor":29},{"not_picked":["theSenshi:Overload","theSenshi:SailorStarMakerAssists"],"picked":"theSenshi:SailorStarFighterAssists+1","floor":31}],"player_experience":727099,"relics_obtained":[{"floor":7,"key":"Gremlin Horn"},{"floor":9,"key":"theSenshi:RoseRelic"},{"floor":12,"key":"Letter Opener"},{"floor":13,"key":"Strawberry"},{"floor":23,"key":"FossilizedHelix"},{"floor":24,"key":"Molten Egg 2"},{"floor":26,"key":"Prayer Wheel"},{"floor":27,"key":"Thread and Needle"},{"floor":31,"key":"Kunai"}],"event_choices":[{"damage_healed":0,"gold_gain":0,"player_choice":"Entered Light","damage_taken":15,"max_hp_gain":0,"max_hp_loss":0,"event_name":"Shining Light","floor":3,"gold_loss":0,"cards_upgraded":["theSenshi:SailorKick","theSenshi:SailorBlock"]},{"damage_healed":0,"gold_gain":75,"player_choice":"Gather Gold","damage_taken":11,"max_hp_gain":0,"max_hp_loss":0,"event_name":"World of Goop","floor":4,"gold_loss":0},{"damage_healed":0,"gold_gain":0,"player_choice":"Searched \u00272\u0027 times","damage_taken":0,"relics_obtained":["Oddly Smooth Stone"],"max_hp_gain":0,"max_hp_loss":0,"event_name":"Dead Adventurer","floor":11,"gold_loss":0},{"damage_healed":0,"gold_gain":0,"player_choice":"Upgraded","damage_taken":0,"max_hp_gain":0,"max_hp_loss":0,"event_name":"Upgrade Shrine","floor":14,"gold_loss":0,"cards_upgraded":["theSenshi:GlimpseOfThePast"]},{"damage_healed":0,"gold_gain":0,"player_choice":"Opened","damage_taken":0,"relics_obtained":["Pen Nib"],"max_hp_gain":0,"max_hp_loss":0,"event_name":"The Mausoleum","floor":20,"gold_loss":0,"cards_obtained":["Writhe"]},{"cards_removed":["Writhe"],"damage_healed":0,"gold_gain":0,"player_choice":"Removed Curses","damage_taken":0,"max_hp_gain":0,"max_hp_loss":0,"event_name":"Fountain of Cleansing","floor":21,"gold_loss":0},{"damage_healed":0,"gold_gain":0,"player_choice":"Ignored","damage_taken":0,"max_hp_gain":0,"max_hp_loss":0,"event_name":"Vampires","floor":25,"gold_loss":0},{"damage_healed":0,"gold_gain":100,"player_choice":"Pray","damage_taken":0,"max_hp_gain":0,"max_hp_loss":0,"event_name":"Golden Shrine","floor":30,"gold_loss":0}],"is_beta":false,"boss_relics":[{"not_picked":["Astrolabe","Coffee Dripper"],"picked":"Cursed Key"}],"items_purged_floors":[],"is_endless":false,"potions_floor_spawned":[1,2,13,16,18,23,27],"killed_by":"Collector","ascension_level":3}}