{"host":"bf9sa99gaumonoeu","time":1609969805,"event":{"mods":["AchievementEnabler","Act Like it!","BaseMod","Better Sensory Stone","Colored Map","Colored Powertips","Downfall","Friendly Minions","Gensokyo","GifTheSpireLib","Hallownest","Hermit","Hubris","Jorbs\u0027s Wanderer Trilogy","KinomotoSakuraMod(????)","Koishi","Lobotomy","Marisa????????","Minty Spire (QoL Compilation)","Rare Cards Sparkle","Reimu??????","Remilia??????","Replay The Spire","Shop Mod","StSLib","The Administrix","The Animator","The Blue Laboratory","The Bug Knight","The Construct","The Cursed","The Disciple","The Hierophant","The Mystic","The Necromancer","The Poker Player","The Runesmith","The Senshi","The Servant 0.9.4"],"gold_per_floor":[128,152,169,182,182,182,182],"floor_reached":6,"playtime":3289,"items_purged":[],"score":53,"play_id":"3679e57b-5631-445c-953a-2e6405f61718","local_time":"20210106195005","is_ascension_mode":true,"campfire_choices":[],"circlet_count":0,"master_deck":["animator:Strike_Overlord","animator:Defend_Overlord","animator:Strike","animator:Strike","animator:Strike","animator:Defend","animator:Defend","animator:Defend","animator:Cocytus","animator:Demiurge","animator:Shalltear","animator:Berserker","animator:Sebas","animator:Evileye+1"],"relics":["animator:LivingPicture","animator:TheMissingPiece","animator:WornHelmet"],"acts_visited":["Exordium"],"potions_floor_usage":[6],"damage_taken":[{"damage":0,"enemies":"Small Slimes","floor":1,"turns":4},{"damage":6,"enemies":"2 Louse","floor":2,"turns":3},{"damage":0,"enemies":"Cultist","floor":3,"turns":5},{"damage":12,"enemies":"Large Slime","floor":4,"turns":7},{"damage":47,"enemies":"3 Sentries","floor":6,"turns":8}],"seed_played":"-8586365099298378590","potions_obtained":[{"floor":1,"key":"blueLaboratory:BottledHope"}],"is_trial":false,"path_per_floor":["M","M","M","M","?","E"],"character_chosen":"THE_ANIMATOR","items_purchased":[],"campfire_rested":0,"item_purchase_floors":[],"current_hp_per_floor":[59,53,54,43,43,0,0],"gold":182,"neow_bonus":"RANDOM_COMMON_RELIC","is_daily":false,"chose_seed":false,"campfire_upgraded":0,"win_rate":0.0,"timestamp":1609969805,"path_taken":["M","M","M","M","?","E"],"items_purchased_type":[],"build_version":"2020-12-22","purchased_purges":0,"victory":false,"max_hp_per_floor":[66,66,67,68,68,68,68],"card_choices":[{"not_picked":["animator:Lu","animator:Evileye"],"picked":"animator:Shalltear","floor":1},{"not_picked":["animator:Verdia","animator:Shion"],"picked":"animator:Rider","floor":2},{"not_picked":["animator:Chung","animator:Sebas"],"picked":"animator:Berserker","floor":3},{"not_picked":["animator:Cocytus","animator:PandorasActor"],"picked":"animator:Sebas","floor":4}],"player_experience":811594,"relics_obtained":[],"event_choices":[],"is_beta":false,"boss_relics":[],"items_purged_floors":[],"is_endless":false,"potions_floor_spawned":[1],"killed_by":"3 Sentries","ascension_level":8}}