{"host":"zjc1tzo4ovig5lll","time":1609947590,"event":{"mods":["AchievementEnabler","Aspiration","BaseMod","Beaked The Cultist","Better Altar","Better Match","Better Note","Better Sensory Stone","Colored Map","Colored Powertips","Conspire","Energized Spire","Friendly Minions","GifTheSpireLib","Halation","Hermit","Hubris","Minty Spire (QoL Compilation)","Rare Cards Sparkle","Replay The Spire","StSLib","The Blue Laboratory","The Bug Knight","The Construct","The Jungle","everything is the same but u backflip on backflip","vexMod"],"gold_per_floor":[112,132,132,21,21,53,53,69,69,69,83,83,83,94,94,197,197,215,225,244,26,42,77,90,90,90,90,101,101,128,128,128,223,223,242,242,242,242,265,265,275,275,299,344,165,180,206,224,224,224,224,224,71,97,97],"floor_reached":56,"playtime":2699,"items_purged":["construct:AttackMode","construct:Strike_Gold"],"score":1832,"play_id":"011b05f0-acf1-4d2a-b02e-18675599d8d2","local_time":"20210106173950","is_ascension_mode":true,"campfire_choices":[{"data":"construct:FlameCore+1","floor":7.0,"key":"SMITH"},{"data":"construct:DefenseMode","floor":10.0,"key":"SMITH"},{"data":"construct:DefenseMode+1","floor":13.0,"key":"SMITH"},{"data":"construct:Analyze","floor":15.0,"key":"SMITH"},{"floor":25.0,"key":"REST"},{"data":"construct:Enhance","floor":29.0,"key":"SMITH"},{"data":"construct:Enhance+1","floor":32.0,"key":"SMITH"},{"floor":40.0,"key":"RECALL"},{"data":"construct:GuardCore","floor":42.0,"key":"SMITH"},{"data":"construct:GuardCore+1","floor":49.0,"key":"SMITH"},{"data":"construct:Analyze+1","floor":52.0,"key":"SMITH"}],"circlet_count":0,"master_deck":["construct:Strike_Gold","construct:Strike_Gold","construct:Strike_Gold","construct:Defend_Gold","construct:Defend_Gold","construct:Defend_Gold","construct:Defend_Gold","construct:Defend_Gold","construct:DefenseMode+2","construct:FlameCore+2","construct:ReactiveShield","construct:Zapper","construct:Autoturret","construct:Analyze+2","construct:BatteryCore","construct:Enhance+2","construct:Analyze","construct:Failsafe","construct:GuardCore+2","construct:ScopeCore","construct:PointDefense+1","construct:GuardCore","hubris:Insight+1","construct:Tumble","construct:DefenseMode+2"],"relics":["construct:ClockworkPhoenix","NeowsBlessing","aspiration:BabyByrd","ReplayTheSpireMod:TigerMarble","Replay:WaspNest","construct:WeddingRing","ReplayTheSpireMod:Lightbulb","Meat on the Bone","PrismaticShard","Ancient Tea Set","conspire:SeveredTorchhead","halation:AfternoonTea","vexMod:RetaliationKit","Bag of Marbles","DollysMirror","Centennial Puzzle"],"acts_visited":["Exordium","TheCity","TheBeyond","TheEnding"],"potions_floor_usage":[],"damage_taken":[{"damage":0.0,"enemies":"Jaw Worm","floor":1.0,"turns":1.0},{"damage":0.0,"enemies":"Cultist","floor":2.0,"turns":1.0},{"damage":0.0,"enemies":"Gremlin Nob","floor":6.0,"turns":1.0},{"damage":0.0,"enemies":"Small Slimes","floor":8.0,"turns":6.0},{"damage":8.0,"enemies":"Exordium Wildlife","floor":11.0,"turns":7.0},{"damage":0.0,"enemies":"Large Slime","floor":14.0,"turns":6.0},{"damage":12.0,"enemies":"Hexaghost","floor":16.0,"turns":8.0},{"damage":0.0,"enemies":"3 Byrds","floor":18.0,"turns":5.0},{"damage":10.0,"enemies":"Shelled Parasite and Fungi","floor":19.0,"turns":6.0},{"damage":0.0,"enemies":"Centurion and Healer","floor":20.0,"turns":6.0},{"damage":1.0,"enemies":"Chosen and Byrds","floor":22.0,"turns":7.0},{"damage":29.0,"enemies":"Book of Stabbing","floor":23.0,"turns":6.0},{"damage":15.0,"enemies":"conspire:HollyBat","floor":24.0,"turns":6.0},{"damage":13.0,"enemies":"Snake Plant","floor":28.0,"turns":5.0},{"damage":10.0,"enemies":"Slavers","floor":30.0,"turns":5.0},{"damage":39.0,"enemies":"Pondfish","floor":33.0,"turns":7.0},{"damage":11.0,"enemies":"Orb Walker","floor":35.0,"turns":5.0},{"damage":32.0,"enemies":"3 Shapes","floor":41.0,"turns":4.0},{"damage":45.0,"enemies":"2 Orb Walkers","floor":44.0,"turns":5.0},{"damage":0.0,"enemies":"Sphere and 2 Shapes","floor":46.0,"turns":4.0},{"damage":0.0,"enemies":"Maw","floor":48.0,"turns":6.0},{"damage":3.0,"enemies":"Awakened One","floor":50.0,"turns":8.0},{"damage":15.0,"enemies":"Shield and Spear","floor":54.0,"turns":6.0},{"damage":37,"enemies":"The Heart","floor":55,"turns":7}],"seed_played":"8207163773163653528","potions_obtained":[{"floor":16.0,"key":"blueLaboratory:LouseDecoction"},{"floor":22.0,"key":"blueLaboratory:NullPotion"},{"floor":24.0,"key":"FairyPotion"},{"floor":30.0,"key":"blueLaboratory:BottledHope"}],"is_trial":false,"path_per_floor":["M","M","?","$","?","E","R","M","T","R","M","$","R","M","R","B",null,"M","M","M","$","M","E","M","R","T","?","M","R","E","$","R","B",null,"M","?","?","?","T","R","M","R","T","?","$","M","T","M","R","B",null,"R","$","E","B",null],"character_chosen":"THE_CONSTRUCT_MOD","items_purchased":["construct:ReactiveShield","construct:Failsafe","construct:GuardCore","construct:ScopeCore","construct:Tumble","DollysMirror"],"campfire_rested":1,"item_purchase_floors":[4,21,21,21,45,53],"current_hp_per_floor":[77,77,77,77,77,77,77,77,77,77,69,69,69,69,69,57,78,78,68,68,68,67,38,23,48,48,40,39,39,41,41,41,14,67,56,56,56,56,56,56,36,36,36,33,33,45,45,45,45,54,77,77,77,62,37],"gold":97,"neow_bonus":"THREE_ENEMY_KILL","is_daily":false,"chose_seed":false,"campfire_upgraded":9,"win_rate":0.0,"timestamp":1609947590,"path_taken":["M","M","?","?","?","E","R","M","T","R","?","$","R","M","R","BOSS","M","M","M","$","M","E","M","R","T","?","M","R","E","$","R","BOSS","M","?","?","?","?","R","?","R","T","?","$","M","?","?","R","BOSS","R","$","E","BOSS"],"items_purchased_type":["Card","Card","Card","Card","Card","Relic"],"build_version":"2020-12-22","purchased_purges":2,"victory":true,"max_hp_per_floor":[85,85,85,85,85,85,85,85,85,85,85,85,85,85,85,85,85,85,85,85,85,85,85,85,85,85,85,85,85,85,85,85,85,85,85,85,85,85,85,85,85,85,85,85,85,85,85,85,85,85,85,85,85,85,85],"card_choices":[{"not_picked":["construct:Boost","construct:SweepLaser"],"picked":"construct:FlameCore","floor":1.0},{"not_picked":["construct:Missile","construct:Versatility","construct:SaveState"],"picked":"SKIP","floor":2.0},{"not_picked":["construct:Chainstrike","construct:VentSteam"],"picked":"construct:Zapper","floor":6.0},{"not_picked":["construct:Dampening","construct:CripplingShot","construct:UnbalancingBlast"],"picked":"SKIP","floor":8.0},{"not_picked":["construct:Disrupt","construct:UnbalancingBlast"],"picked":"construct:Autoturret","floor":11.0},{"not_picked":["construct:Stasis","construct:CriticalHit"],"picked":"construct:Analyze","floor":14.0},{"not_picked":["construct:HammerDown","construct:Bunker"],"picked":"construct:BatteryCore","floor":16.0},{"not_picked":["construct:ChargeShot","construct:HeavyBolt"],"picked":"construct:Enhance","floor":18.0},{"not_picked":["construct:Autoturret","construct:Backfire","construct:SuppressiveFire+1"],"picked":"SKIP","floor":19.0},{"not_picked":["construct:Accumulate+1","construct:Autoturret"],"picked":"construct:Analyze","floor":20.0},{"not_picked":["construct:MassProduction","construct:Versatility"],"picked":"construct:PointDefense+1","floor":22.0},{"not_picked":["construct:Autoturret","construct:Accumulate"],"picked":"construct:GuardCore","floor":23.0},{"not_picked":["construct:Backup","construct:Boost","construct:BatteryAcid"],"picked":"SKIP","floor":24.0},{"not_picked":["Power Through+1","hermit:Roulette","construct:OneWayMirror"],"picked":"SKIP","floor":28.0},{"not_picked":["construct:Autoturret+1","HollowMod:DashSlash+1"],"picked":"hubris:Insight+1","floor":30.0},{"not_picked":["construct:QuickAttack","Beam Cell","HollowMod:CornifersMapStart+1"],"picked":"SKIP","floor":35.0},{"not_picked":["hubris:Ukulele","construct:Overcharge","ReplayTheSpireMod:Repulse+1"],"picked":"SKIP","floor":41.0},{"not_picked":["Crystallizer","Clothesline","Dagger Spray+1"],"picked":"SKIP","floor":46.0},{"not_picked":["conspire:PoisonWeapons+1","DeceiveReality","Crescendo+1"],"picked":"SKIP","floor":48.0},{"not_picked":["Feed","Hologram","Dodge and Roll"],"picked":"SKIP","floor":54.0}],"player_experience":619529,"relics_obtained":[{"floor":6.0,"key":"ReplayTheSpireMod:TigerMarble"},{"floor":9.0,"key":"Replay:WaspNest"},{"floor":23.0,"key":"ReplayTheSpireMod:Lightbulb"},{"floor":26.0,"key":"Meat on the Bone"},{"floor":27.0,"key":"PrismaticShard"},{"floor":30.0,"key":"Ancient Tea Set"},{"floor":43.0,"key":"halation:AfternoonTea"},{"floor":44.0,"key":"vexMod:RetaliationKit"},{"floor":47.0,"key":"Bag of Marbles"},{"floor":54.0,"key":"Centennial Puzzle"}],"event_choices":[{"damage_healed":0.0,"max_hp_gain":0.0,"max_hp_loss":0.0,"gold_gain":0.0,"event_name":"Upgrade Shrine","player_choice":"Upgraded","floor":3.0,"gold_loss":0.0,"damage_taken":0.0,"cards_upgraded":["construct:FlameCore"]},{"damage_healed":0.0,"max_hp_gain":0.0,"max_hp_loss":0.0,"gold_gain":0.0,"event_name":"Tomb of Lord Red Mask","player_choice":"Ignored","floor":36.0,"gold_loss":0.0,"damage_taken":0.0},{"cards_removed":["construct:Strike_Gold"],"damage_healed":0.0,"max_hp_gain":0.0,"max_hp_loss":0.0,"gold_gain":0.0,"event_name":"Falling","player_choice":"Removed Attack","floor":37.0,"gold_loss":0.0,"damage_taken":0.0},{"damage_healed":0.0,"max_hp_gain":0.0,"max_hp_loss":0.0,"gold_gain":0.0,"event_name":"Mysterious Sphere","player_choice":"Fight","floor":44.0,"gold_loss":0.0,"damage_taken":0.0}],"is_beta":false,"boss_relics":[{"not_picked":["Black Star","vexMod:BigBerry"],"picked":"construct:WeddingRing"},{"not_picked":["Painkiller Herb","Sozu"],"picked":"conspire:SeveredTorchhead"}],"items_purged_floors":[4,45],"is_endless":false,"potions_floor_spawned":[6,8,14,16,22,23,24,30,35,41],"ascension_level":7}}