{"host":"91blwi3hgehj6ch9","time":1609903832,"event":{"mods":["2.2 Compatiblity","AchievementEnabler","BaseMod","Colored Map","DeckTracker","Keyboard Shortcuts","Minty Spire (QoL Compilation)","Permanent Neow","Quick Restart","StSLib","SuperFastMode"],"gold_per_floor":[115,190,115,133,133,133,165,65,89,89,101,128,145,161,161,260,260,273,373,248,173,193,193,193,193],"floor_reached":24,"playtime":685,"items_purged":["Defend_P","Strike_P","Strike_P"],"score":316,"play_id":"e879820c-57c2-4dcb-9ad2-2714755892bf","local_time":"20210106123032","is_ascension_mode":true,"campfire_choices":[{"data":"Eruption","floor":6.0,"key":"SMITH"},{"data":"Wallop","floor":10.0,"key":"SMITH"},{"data":"Omniscience","floor":15.0,"key":"SMITH"},{"data":"MentalFortress","floor":23,"key":"SMITH"}],"circlet_count":0,"master_deck":["AscendersBane","Strike_P","Defend_P","Defend_P","Defend_P","Eruption+1","Vigilance","Wallop+1","EmptyFist","Protect","Omniscience+1","MentalFortress+1","Judgement","WheelKick+1","FearNoEvil"],"relics":["PureWater","Blue Candle","Juzu Bracelet","Anchor","Sozu"],"acts_visited":["Exordium","TheCity"],"potions_floor_usage":[],"damage_taken":[{"damage":0.0,"enemies":"Jaw Worm","floor":1.0,"turns":3.0},{"damage":16.0,"enemies":"Small Slimes","floor":4.0,"turns":3.0},{"damage":7.0,"enemies":"3 Sentries","floor":7.0,"turns":8.0},{"damage":0.0,"enemies":"Cultist","floor":11.0,"turns":3.0},{"damage":8.0,"enemies":"Gremlin Nob","floor":12.0,"turns":3.0},{"damage":0.0,"enemies":"2 Fungi Beasts","floor":13.0,"turns":4.0},{"damage":0.0,"enemies":"Exordium Wildlife","floor":14.0,"turns":3.0},{"damage":14.0,"enemies":"Slime Boss","floor":16.0,"turns":10.0},{"damage":17,"enemies":"Shell Parasite","floor":18,"turns":4},{"damage":0,"enemies":"Chosen","floor":22,"turns":3},{"damage":48,"enemies":"Slavers","floor":24,"turns":6}],"seed_played":"5627855105141562003","potions_obtained":[{"floor":4.0,"key":"Fire Potion"},{"floor":7.0,"key":"FearPotion"},{"floor":12.0,"key":"Strength Potion"}],"is_trial":false,"path_per_floor":["M","?","$","M","?","R","E","$","T","R","M","E","M","M","R","B",null,"M","?","$","?","M","R","E"],"character_chosen":"WATCHER","items_purchased":[],"campfire_rested":0,"item_purchase_floors":[],"current_hp_per_floor":[65,54,54,38,38,38,31,31,31,31,31,23,23,23,23,9,56,39,39,39,39,39,39,0,0],"gold":193,"neow_bonus":"THREE_CARDS","is_daily":false,"chose_seed":false,"campfire_upgraded":4,"win_rate":0.0,"timestamp":1609903832,"path_taken":["M","?","$","M","?","R","E","$","T","R","M","E","M","M","R","BOSS","M","?","$","?","M","R","E"],"items_purchased_type":[],"build_version":"2020-12-22","purchased_purges":3,"victory":false,"max_hp_per_floor":[72,72,72,72,72,72,72,72,72,72,72,72,72,72,72,72,72,72,72,72,72,72,72,72,72],"card_choices":[{"not_picked":["Halt","JustLucky"],"picked":"Wallop","floor":0.0},{"not_picked":["BowlingBash","ThirdEye","JustLucky"],"picked":"SKIP","floor":1.0},{"not_picked":["Protect","ThirdEye"],"picked":"EmptyFist","floor":4.0},{"not_picked":["JustLucky","Sanctity","SandsOfTime"],"picked":"SKIP","floor":7.0},{"not_picked":["CutThroughFate","CrushJoints"],"picked":"Protect","floor":11.0},{"not_picked":["ThirdEye","CrushJoints","Perseverance"],"picked":"SKIP","floor":12.0},{"not_picked":["FlurryOfBlows","Prostrate"],"picked":"Omniscience","floor":13.0},{"not_picked":["InnerPeace","EmptyBody"],"picked":"MentalFortress","floor":14.0},{"not_picked":["DevaForm","Ragnarok"],"picked":"Judgement","floor":16.0},{"not_picked":["SashWhip","WaveOfTheHand"],"picked":"WheelKick+1","floor":18},{"not_picked":["LikeWater","Consecrate"],"picked":"FearNoEvil","floor":22}],"player_experience":102061,"relics_obtained":[{"floor":7.0,"key":"Blue Candle"},{"floor":9.0,"key":"Juzu Bracelet"},{"floor":12.0,"key":"Anchor"}],"event_choices":[{"damage_healed":0.0,"max_hp_gain":0.0,"max_hp_loss":0.0,"gold_gain":75.0,"event_name":"World of Goop","player_choice":"Gather Gold","floor":2.0,"gold_loss":0.0,"damage_taken":11.0},{"damage_healed":0.0,"max_hp_gain":0.0,"max_hp_loss":0.0,"gold_gain":0.0,"event_name":"Scrap Ooze","player_choice":"Fled","floor":5.0,"gold_loss":0.0,"damage_taken":0.0},{"damage_healed":0,"gold_gain":100,"player_choice":"Pray","damage_taken":0,"max_hp_gain":0,"max_hp_loss":0,"event_name":"Golden Shrine","floor":19,"gold_loss":0},{"cards_removed":["Strike_P"],"damage_healed":0,"gold_gain":0,"player_choice":"Gave Gold","damage_taken":0,"max_hp_gain":0,"max_hp_loss":0,"event_name":"Beggar","floor":21,"gold_loss":75}],"is_beta":false,"boss_relics":[{"not_picked":["Black Star","Fusion Hammer"],"picked":"Sozu"}],"items_purged_floors":[3,8,20],"is_endless":false,"potions_floor_spawned":[4,7,11,12,14,18,22],"killed_by":"Slavers","ascension_level":11}}