{"host":"5dk97cf2ubw2v967","time":1609926673,"event":{"mods":["AlwaysNeverKeys","BaseMod","Better Altar","Better Vampires","Block Reminder","Colored Powertips","Downfall","Googly Eyes","Highlight Path","Minty Spire (QoL Compilation)","Permanent Neow","Potion Indicator Mod","Quick Restart","Relic Filter","Relic Stats","Say the Spire","Spicy Shops","StSLib","Waifu the Spire","everything is the same but u backflip on backflip"],"gold_per_floor":[349,364,24,41,53,81,105,123,48,78,89,14,49,49,62,135,135,135,155,65,83,83,83,83,83,68,93,93,104,104,119,137,212,212,212,223,241,1,1,1,28,58,73,73,18,43,43,8,25,25],"floor_reached":51,"playtime":3940,"items_purged":["Guardian:Strike_Guardian","Guardian:Strike_Guardian","Guardian:Strike_Guardian"],"score":1559,"play_id":"338ce7eb-3622-4e54-a0bf-05b6d3c168c4","local_time":"20210106095113","is_ascension_mode":true,"campfire_choices":[{"floor":1,"key":"RECALL"},{"data":"Guardian:ChargeUp","floor":9,"key":"SMITH"},{"data":"Guardian:ChargeUp","floor":12,"key":"SMITH"},{"data":"Guardian:Harden","floor":18,"key":"SMITH"},{"data":"Guardian:Harden","floor":23,"key":"SMITH"},{"data":"Guardian:GuardianWhirl","floor":30,"key":"SMITH"},{"data":"Guardian:Repulse","floor":35,"key":"SMITH"},{"data":"Guardian:WalkerClaw","floor":40,"key":"SMITH"}],"circlet_count":0,"master_deck":["AscendersBane","Guardian:Defend_Guardian","Guardian:Defend_Guardian","Guardian:Defend_Guardian","Guardian:Defend_Guardian","Guardian:CurlUp","Guardian:TwinSlam","Guardian:BronzeOrb","Guardian:Harden+1","Guardian:ChargeUp+1","Guardian:ChargeUp+1","Guardian:Harden+1","Guardian:ShieldCharger","Guardian:Recover","Guardian:SphericShield","Guardian:StasisField","Guardian:GuardianWhirl+1","Guardian:WalkerClaw+1","Guardian:ShieldSpikes","Guardian:PrismaticBeam","Guardian:SpikerProtocol","Guardian:Repulse+1","Guardian:TimeCapacitor","Guardian:ExploitGems","CurseOfTheBell","Writhe","Guardian:ShieldCharger+1","Doubt","expansioncontent:Collect","Guardian:ChargeUp","Guardian:FloatingOrbs","Pain","Guardian:TimeCapacitor","Guardian:ShieldCharger+1"],"relics":["Guardian:ModeShifter","PreservedInsect","Akabeko","HornCleat","Strawberry","downfall:HeartBlessingRed","Boot","downfall:HeartBlessingGreen","Nunchaku","Guardian:PickAxe","Guardian:StasisSlotReductionRelic","Bottled Flame","Art of War","Calling Bell","Anchor","The Courier","Torii","Membership Card","White Beast Statue","Du-Vu Doll","Ginger","TungstenRod","Lizard Tail","WarpedTongs"],"acts_visited":["Exordium","TheCity","TheBeyond"],"potions_floor_usage":[10,16,16,29,39,42,43,49,50],"damage_taken":[{"damage":0,"enemies":"Small Slimes","floor":2,"turns":4},{"damage":0,"enemies":"downfall:FleeingMerchant","floor":3,"turns":4},{"damage":0,"enemies":"2 Louse","floor":4,"turns":2},{"damage":0,"enemies":"Jaw Worm","floor":5,"turns":3},{"damage":11,"enemies":"3 Sentries","floor":6,"turns":10},{"damage":0,"enemies":"Large Slime","floor":8,"turns":7},{"damage":0,"enemies":"Gremlin Nob","floor":10,"turns":3},{"damage":0,"enemies":"Lots of Slimes","floor":11,"turns":3},{"damage":0,"enemies":"Lagavulin","floor":13,"turns":6},{"damage":9,"enemies":"Lagavulin","floor":14,"turns":6},{"damage":8,"enemies":"Red Slaver","floor":15,"turns":3},{"damage":34,"enemies":"downfall:Defect","floor":16,"turns":15},{"damage":0,"enemies":"Spheric Guardian","floor":19,"turns":6},{"damage":0,"enemies":"downfall:FleeingMerchant","floor":20,"turns":4},{"damage":0,"enemies":"Centurion and Healer","floor":21,"turns":3},{"damage":0,"enemies":"downfall:FleeingMerchant","floor":26,"turns":4},{"damage":16,"enemies":"Slavers","floor":27,"turns":7},{"damage":11,"enemies":"3 Cultists","floor":29,"turns":6},{"damage":0,"enemies":"Sentry and Sphere","floor":31,"turns":1},{"damage":0,"enemies":"Snake Plant","floor":32,"turns":4},{"damage":12,"enemies":"downfall:Watcher","floor":33,"turns":11},{"damage":0,"enemies":"3 Darklings","floor":36,"turns":1},{"damage":1,"enemies":"3 Shapes","floor":37,"turns":9},{"damage":0,"enemies":"downfall:FleeingMerchant","floor":38,"turns":4},{"damage":0,"enemies":"Sphere and 2 Shapes","floor":39,"turns":3},{"damage":31,"enemies":"Reptomancer","floor":42,"turns":10},{"damage":21,"enemies":"Jaw Worm Horde","floor":43,"turns":6},{"damage":0,"enemies":"downfall:FleeingMerchant","floor":45,"turns":4},{"damage":0,"enemies":"downfall:FleeingMerchant","floor":46,"turns":3},{"damage":44,"enemies":"Transient","floor":49,"turns":6},{"damage":11,"enemies":"downfall:Silent","floor":50,"turns":13}],"seed_played":"5905360237308012580","potions_obtained":[{"floor":4,"key":"ColorlessPotion"},{"floor":13,"key":"Guardian:AcceleratePotion"},{"floor":15,"key":"AttackPotion"},{"floor":16,"key":"Energy Potion"},{"floor":21,"key":"SmokeBomb"},{"floor":29,"key":"DuplicationPotion"},{"floor":42,"key":"AttackPotion"},{"floor":43,"key":"PowerPotion"},{"floor":45,"key":"Guardian:DefensiveModePotion"},{"floor":49,"key":"hexamod:EctoCoolerPotion"}],"is_trial":false,"path_per_floor":["R","M","$","M","M","E","T","M","R","E","M","R","E","?","M","B",null,"R","M","$","M","?","R","T","?","$","E","?","M","R","M","M","B",null,"R","M","M","?","M","R","T","E","M","?","$","$","?","$","M","B",null],"character_chosen":"GUARDIAN","items_purchased":["PreservedInsect","Akabeko","Membership Card","White Beast Statue","Ginger","expansioncontent:Collect","TungstenRod","Lizard Tail","Guardian:FloatingOrbs","Guardian:TimeCapacitor"],"campfire_rested":0,"item_purchase_floors":[3,3,38,38,45,45,46,46,46,48],"current_hp_per_floor":[65,65,65,65,65,54,61,61,61,61,61,61,61,52,44,10,57,57,57,57,57,71,71,71,71,71,55,55,44,44,44,44,32,62,62,62,61,61,61,61,61,30,9,72,72,72,72,72,28,17],"gold":25,"neow_bonus":"TWO_FIFTY_GOLD","is_daily":false,"chose_seed":false,"campfire_upgraded":7,"win_rate":0.0,"timestamp":1609926673,"path_taken":["R","M","$","M","M","E","T","M","R","E","M","R","E","?","M","BOSS","R","M","$","M","?","R","T","?","$","E","?","M","R","M","M","BOSS","R","M","M","?","M","R","T","E","M","?","?","$","?","$","M","BOSS"],"items_purchased_type":["Relic","Relic","Relic","Relic","Relic","Card","Relic","Relic","Card","Card"],"build_version":"2020-12-22","purchased_purges":3,"victory":true,"max_hp_per_floor":[65,65,65,65,65,65,72,72,72,72,72,72,72,72,72,72,72,72,72,72,72,72,72,72,72,72,72,72,72,72,72,72,72,72,72,72,72,72,72,72,72,72,72,72,72,72,72,72,72,72],"relic_stats":{"Nunchaku":[15],"Lizard Tail":0,"Torii":3,"counters":[31,171],"PreservedInsect":233,"Art of War":[18],"Ginger":[11],"Boot":[46],"obtain_stats":[{"Guardian:StasisSlotReductionRelic":17,"downfall:HeartBlessingRed":9,"Torii":34,"Guardian:ModeShifter":0,"downfall:HeartBlessingGreen":12,"PreservedInsect":3,"The Courier":34,"Ginger":45,"Boot":10,"Akabeko":3,"White Beast Statue":38,"WarpedTongs":47,"Guardian:PickAxe":14,"Calling Bell":34,"Du-Vu Doll":42,"Nunchaku":13,"Bottled Flame":24,"Anchor":34,"Lizard Tail":46,"HornCleat":6,"Strawberry":7,"Art of War":27,"Membership Card":38,"TungstenRod":46},{"Guardian:StasisSlotReductionRelic":12,"downfall:HeartBlessingRed":6,"Torii":21,"Guardian:ModeShifter":0,"downfall:HeartBlessingGreen":8,"PreservedInsect":2,"The Courier":21,"Ginger":28,"Boot":7,"Akabeko":2,"White Beast Statue":24,"WarpedTongs":29,"Guardian:PickAxe":10,"Calling Bell":21,"Du-Vu Doll":26,"Nunchaku":9,"Bottled Flame":15,"Anchor":21,"Lizard Tail":29,"HornCleat":5,"Strawberry":5,"Art of War":17,"Membership Card":24,"TungstenRod":29},{"Guardian:StasisSlotReductionRelic":66,"downfall:HeartBlessingRed":30,"Torii":112,"Guardian:ModeShifter":0,"downfall:HeartBlessingGreen":36,"PreservedInsect":8,"The Courier":112,"Ginger":149,"Boot":33,"Akabeko":8,"White Beast Statue":126,"WarpedTongs":152,"Guardian:PickAxe":48,"Calling Bell":112,"Du-Vu Doll":139,"Nunchaku":42,"Bottled Flame":79,"Anchor":112,"Lizard Tail":152,"HornCleat":23,"Strawberry":23,"Art of War":90,"Membership Card":126,"TungstenRod":152}],"TungstenRod":4,"WarpedTongs":[19]},"card_choices":[{"not_picked":["Guardian:Suspension","Guardian:Gem_Red"],"picked":"Guardian:BronzeOrb","floor":2},{"not_picked":["Guardian:FastForward","Guardian:PolyBeam"],"picked":"Guardian:Harden","floor":3},{"not_picked":["Guardian:Gem_Cyan","Guardian:TemporalShield"],"picked":"Guardian:ChargeUp","floor":4},{"not_picked":["Guardian:VentSteam","Guardian:Planning"],"picked":"Guardian:ChargeUp","floor":5},{"not_picked":["Guardian:Suspension","Guardian:Gem_Green"],"picked":"Guardian:Harden","floor":6},{"not_picked":["Guardian:ChargeCore","Guardian:Emergency"],"picked":"Guardian:ShieldCharger","floor":8},{"not_picked":["Guardian:VentSteam","Guardian:Planning"],"picked":"Guardian:Recover","floor":10},{"not_picked":["Guardian:BronzeOrb","Guardian:RefractedBeam"],"picked":"Guardian:Gem_Cyan","floor":11},{"not_picked":["Guardian:ArmoredProtocol","Guardian:RollAttack"],"picked":"Guardian:Gem_Red","floor":13},{"not_picked":["Guardian:CrystalBeam","Guardian:Suspension"],"picked":"Guardian:SphericShield","floor":15},{"not_picked":["Guardian:ConstructionForm","Guardian:GatlingBeam"],"picked":"Guardian:StasisField","floor":16},{"not_picked":["Guardian:Gem_Fragmented","Guardian:WalkerClaw"],"picked":"Guardian:GuardianWhirl","floor":19},{"not_picked":["Guardian:Gem_Green","Guardian:TemporalStrike"],"picked":"Guardian:WalkerClaw","floor":20},{"not_picked":["Guardian:TimeBomb","Guardian:TemporalStrike"],"picked":"Guardian:ShieldSpikes","floor":21},{"not_picked":["Guardian:WalkerClaw","Guardian:Planning"],"picked":"Guardian:PrismaticBeam","floor":26},{"not_picked":["Guardian:Gem_Lightblue","Guardian:CrystalBeam+1"],"picked":"Guardian:SpikerProtocol","floor":27},{"not_picked":["Guardian:TemporalStrike","Guardian:CrystalBeam"],"picked":"Guardian:Gem_Cyan","floor":29},{"not_picked":["Guardian:PolyBeam","Guardian:RollAttack"],"picked":"Guardian:Repulse","floor":31},{"not_picked":["Guardian:Gem_Red","Guardian:Repulse"],"picked":"Guardian:TimeCapacitor","floor":32},{"not_picked":["Guardian:ConstructionForm","Guardian:RevengeProtocol"],"picked":"Guardian:ExploitGems","floor":33},{"not_picked":["Guardian:PrismaticBarrier+1","Guardian:Emergency"],"picked":"Guardian:Gem_Lightblue","floor":36},{"not_picked":["Guardian:PiercingHide","Guardian:TemporalStrike"],"picked":"Guardian:Gem_Yellow","floor":37},{"not_picked":["Guardian:Recover","Guardian:Suspension+1","Guardian:Incinerate+1"],"picked":"SKIP","floor":38},{"not_picked":["Guardian:TemporalShield","Guardian:Gem_Red","Guardian:GuardianWhirl"],"picked":"SKIP","floor":42},{"not_picked":["Guardian:RefractedBeam","Guardian:WalkerClaw"],"picked":"Guardian:ShieldCharger+1","floor":43},{"not_picked":["Guardian:RevengeProtocol","Guardian:Suspension","Guardian:Incinerate"],"picked":"SKIP","floor":45},{"not_picked":["Guardian:CrystalBeam","Guardian:FuturePlans+1"],"picked":"Guardian:ChargeUp","floor":46},{"not_picked":["Guardian:VentSteam+1","Guardian:Suspension"],"picked":"Guardian:ShieldCharger+1","floor":49}],"player_experience":1314347,"relics_obtained":[{"floor":6,"key":"HornCleat"},{"floor":7,"key":"Strawberry"},{"floor":10,"key":"Boot"},{"floor":13,"key":"Nunchaku"},{"floor":24,"key":"Bottled Flame"},{"floor":27,"key":"Art of War"},{"floor":34,"key":"Anchor"},{"floor":34,"key":"The Courier"},{"floor":34,"key":"Torii"},{"floor":42,"key":"Du-Vu Doll"}],"event_choices":[{"damage_healed":14,"gold_gain":0,"player_choice":"Heal","damage_taken":0,"max_hp_gain":0,"max_hp_loss":0,"event_name":"The Library","floor":22,"gold_loss":0},{"cards_removed":["Guardian:Strike_Guardian"],"damage_healed":0,"gold_gain":0,"player_choice":"Elegance","damage_taken":0,"max_hp_gain":0,"max_hp_loss":0,"event_name":"Back to Basics","floor":25,"gold_loss":0},{"damage_healed":0,"gold_gain":0,"player_choice":"Ignored","damage_taken":0,"max_hp_gain":0,"max_hp_loss":0,"event_name":"Ghosts","floor":28,"gold_loss":0}],"is_beta":false,"boss_relics":[{"not_picked":["Fusion Hammer","SacredBark"],"picked":"Guardian:StasisSlotReductionRelic"},{"not_picked":["Empty Cage","Guardian:ModeShifterPlus"],"picked":"Calling Bell"}],"items_purged_floors":[20,38,46],"is_endless":false,"potions_floor_spawned":[4,13,14,15,16,21,29,31,32,33,37,39,42,43,45,46,49],"ascension_level":20}}