{"host":"acw864156wjp8gcv","time":1609904383,"event":{"mods":["2.2 Compatiblity","AchievementEnabler","Aspiration","BaseMod","Beaked The Cultist","Better Altar","Better Match","Better Note","Better Sensory Stone","Better Silent Start","Better Skull","Better Third Choice","Better Vampires","BetterRewards","Challenge The Spire","Colored Map","Colored Powertips","Conspire","Curses Come First","Downfall","Energized Spire","GifTheSpireLib","Halation","Hubris","Infinite Spire","Ironclad Rager","Jedi Mod","Mimic Mod","Minty Spire (QoL Compilation)","Relic Sorter","Replay The Spire","Shop Mod","Spicy Shops","Spikes Relics","StSLib","Stuff the Spire","The Blue Laboratory","The Construct","The Jungle","Wandering Minibosses","everything is the same but u backflip on backflip","vexMod"],"gold_per_floor":[112,131,149,149,149,149,178,178,178,197,225,240,256,290,290,392,392,407,423,423,423,433,433,448,461,511,544,544,560,560,330,330,431,431,449,449,468,86,86,86,102,130,153,153,179,196,212,232,232,232],"floor_reached":51,"playtime":3582,"items_purged":["Strike_R","Defend_R","Strike_R"],"score":992,"play_id":"a261994b-181c-4a3f-97f5-b99bac38647b","local_time":"20210105213943","is_ascension_mode":true,"campfire_choices":[{"data":"Bash","floor":6,"key":"SMITH"},{"data":"Twin Strike","floor":8,"key":"SMITH"},{"data":"Pommel Strike","floor":15,"key":"SMITH"},{"data":"Seeing Red","floor":23,"key":"SMITH"},{"data":"Battle Trance","floor":32,"key":"SMITH"},{"data":"infinitespire:Gouge","floor":40,"key":"SMITH"},{"data":"beaked:Insight","floor":44,"key":"SMITH"},{"data":"StuffTheSpire:CopiaOfFamine","floor":49,"key":"SMITH"}],"circlet_count":0,"master_deck":["Strike_R","Strike_R+1","Strike_R","Defend_R","Defend_R+1","Bash+1","Twin Strike+1","Pommel Strike+1","Dropkick","Shrug It Off","StuffTheSpire:Slingshot","Battle Trance+1","beaked:Insight+1","StuffTheSpire:CopiaOfFamine+1","Seeing Red+1","hubris:ReadiedAction","ReplayTheSpireMod:Stacked","Replay:Fractal Strike+1","Perfected Strike+1","jedi:harder+1","infinitespire:Gouge+1","Clash"],"relics":["Burning Blood","halation:PinkSoulGem","hubris:BundleOfHerbs","aspiration:Nostalgia","m_IronCrown","Mummified Hand","PreservedInsect","conspire:DecoderRing","aspiration:BeakedSkillbook","wanderingMiniBosses:OtherGremlinHorn","Anchor","hubris:ChampionShield","Boot","vexMod:PaidLearning","hubris:VirtuousBlindfold","jedi:cryingmask","halation:BottledLove","Dream Catcher","infinitespire:FocusingShard"],"acts_visited":["Exordium","TheCity","TheBeyond"],"potions_floor_usage":[10,16,16],"damage_taken":[{"damage":6,"enemies":"Jaw Worm","floor":1,"turns":5},{"damage":0,"enemies":"Small Slimes","floor":2,"turns":3},{"damage":7,"enemies":"2 Louse","floor":3,"turns":3},{"damage":23,"enemies":"Lagavulin","floor":7,"turns":6},{"damage":37,"enemies":"Large Slime","floor":10,"turns":6},{"damage":22,"enemies":"3 Sentries","floor":11,"turns":6},{"damage":18,"enemies":"Lots of Slimes","floor":12,"turns":4},{"damage":5,"enemies":"Exordium Wildlife","floor":13,"turns":2},{"damage":8,"enemies":"Replay:BlueRogue","floor":14,"turns":3},{"damage":41,"enemies":"The Guardian","floor":16,"turns":7},{"damage":61,"enemies":"Spheric Guardian","floor":18,"turns":7},{"damage":4,"enemies":"conspire:FuzzyDice","floor":19,"turns":6},{"damage":13,"enemies":"conspire:HollyBat","floor":22,"turns":7},{"damage":6,"enemies":"Centurion and Healer","floor":24,"turns":4},{"damage":7,"enemies":"Snake Plant","floor":25,"turns":4},{"damage":2,"enemies":"Slavers","floor":27,"turns":5},{"damage":25,"enemies":"Shelled Parasite and Fungi","floor":29,"turns":3},{"damage":0,"enemies":"Automaton","floor":33,"turns":4},{"damage":7,"enemies":"3 Shapes","floor":35,"turns":4},{"damage":0,"enemies":"3 Darklings","floor":37,"turns":2},{"damage":5,"enemies":"Sphere and 2 Shapes","floor":41,"turns":3},{"damage":0,"enemies":"Nemesis","floor":42,"turns":3},{"damage":0,"enemies":"Giant Head","floor":45,"turns":4},{"damage":0,"enemies":"Writhing Mass","floor":46,"turns":3},{"damage":9,"enemies":"Maw","floor":47,"turns":5},{"damage":7,"enemies":"Jaw Worm Horde","floor":48,"turns":3},{"damage":29,"enemies":"Awakened One","floor":50,"turns":6}],"seed_played":"4280776467633856238","potions_obtained":[{"floor":2,"key":"Dexterity Potion"},{"floor":3,"key":"Guardian:BlockOnCardUsePotion"},{"floor":7,"key":"Regen Potion"},{"floor":11,"key":"Venom Potion"},{"floor":14,"key":"blueLaboratory:FruitPunch"},{"floor":18,"key":"blueLaboratory:StoneskinPotion"},{"floor":27,"key":"Adrenaline Potion"},{"floor":42,"key":"blueLaboratory:SmithPotion"}],"is_trial":false,"path_per_floor":["M","M","M","?","?","R","E","R","T","M","E","M","M","E","R","B",null,"M","M","?","?","M","R","M","M","T","E","AVR","M","?","$","R","B",null,"M","AVR","M","$","?","R","M","E","T","R","E","M","M","M","R","B",null],"character_chosen":"IRONCLAD","items_purchased":["vexMod:PaidLearning","jedi:cryingmask"],"campfire_rested":0,"item_purchase_floors":[31,38],"current_hp_per_floor":[80,80,80,80,64,64,53,53,53,43,33,27,34,38,38,35,82,42,51,51,31,31,31,38,43,43,53,53,40,40,40,40,52,82,82,82,82,82,82,82,82,82,82,82,82,82,82,82,82,65],"gold":232,"neow_bonus":"NOSTALGIA","is_daily":false,"chose_seed":false,"campfire_upgraded":8,"win_rate":0.0,"timestamp":1609904383,"path_taken":["M","M","M","?","?","R","E","R","T","M","E","?","M","E","R","BOSS","M","M","?","?","M","R","M","M","T","E","AVR","?","?","$","R","BOSS","M","AVR","M","$","?","R","M","E","T","R","E","M","M","M","R","BOSS"],"items_purchased_type":["Relic","Relic"],"build_version":"2020-12-22","purchased_purges":3,"victory":true,"max_hp_per_floor":[80,80,80,80,80,80,80,80,80,80,80,80,80,80,80,82,82,82,82,82,82,82,82,82,82,82,82,82,82,82,82,82,82,82,82,82,82,82,82,82,82,82,82,82,82,82,82,82,82,82],"card_choices":[{"not_picked":["True Grit","Cleave","Headbutt"],"picked":"SKIP","floor":1},{"not_picked":["ReplayTheSpireMod:Limb From Limb","Dark Embrace","Absolvement"],"picked":"SKIP","floor":2},{"not_picked":["ReplayTheSpireMod:Stacked","Ghostly Armor"],"picked":"Twin Strike","floor":3},{"not_picked":["Run Through","Heavy Blade"],"picked":"Pommel Strike","floor":7},{"not_picked":["True Grit","champ:BerserkersShout"],"picked":"Dropkick","floor":10},{"not_picked":["Replay:Undeath\u0027s Touch","Twin Strike","Sword Boomerang"],"picked":"SKIP","floor":11},{"not_picked":["Replay:Undeath\u0027s Touch","Twin Strike","Sword Boomerang"],"picked":"SKIP","floor":11},{"not_picked":["Replay:Undeath\u0027s Touch","Pommel Strike"],"picked":"Shrug It Off","floor":12},{"not_picked":["Wild Strike","Defy Death"],"picked":"StuffTheSpire:Slingshot","floor":13},{"not_picked":["Rampage","Metallicize"],"picked":"Battle Trance","floor":14},{"not_picked":["Exhume","Demonic Infusion"],"picked":"jedi:harder","floor":16},{"not_picked":["Cleave","beaked:Replenish","beaked:Poke"],"picked":"beaked:Insight","floor":18},{"not_picked":["Body Slam","beaked:Flinch","Heavy Blade","beaked:Daydream+1"],"picked":"SKIP","floor":19},{"not_picked":["beaked:RitualOfBody","Headbutt","StuffTheSpire:Slingshot"],"picked":"Seeing Red","floor":22},{"not_picked":["beaked:Foresight","Uppercut","beaked:Cower"],"picked":"hubris:ReadiedAction","floor":24},{"not_picked":["ReplayTheSpireMod:Stacked","Headbutt","beaked:SacrificialDive","Cleave"],"picked":"SKIP","floor":25},{"not_picked":["Headbutt","beaked:SacrificialDive","Cleave"],"picked":"ReplayTheSpireMod:Stacked","floor":25},{"not_picked":["beaked:SacrificialAttack","StuffTheSpire:RockThrow+1","Barricade","beaked:WarriorEssence"],"picked":"SKIP","floor":27},{"not_picked":["Inflame","Twin Strike","Wild Strike+1"],"picked":"Perfected Strike","floor":29},{"not_picked":["beaked:BloodRitual","ReplayTheSpireMod:Corrosion Curse","beaked:CursingBlood","ReplayTheSpireMod:Strike From Hell+1"],"picked":"SKIP","floor":35},{"not_picked":["StuffTheSpire:Slingshot+1","Headbutt+1","beaked:Flinch"],"picked":"Clash","floor":37},{"not_picked":["beaked:BloodRitual","Evolve+1","StuffTheSpire:BloodClot+1","beaked:VigorBurst"],"picked":"SKIP","floor":41},{"not_picked":["beaked:BloodRitual","Evolve+1","StuffTheSpire:BloodClot+1","beaked:VigorBurst"],"picked":"SKIP","floor":41},{"not_picked":["Run Through+1","beaked:BraceForImpact","beaked:FeelMyPain+1","beaked:Poke"],"picked":"SKIP","floor":42},{"not_picked":["Twin Strike","Replay:Undeath\u0027s Touch+1","conspire:Charge","Run Through"],"picked":"SKIP","floor":45},{"not_picked":["beaked:FullHouse","Headbutt","Sword Boomerang+1","beaked:Resilience"],"picked":"SKIP","floor":46},{"not_picked":["beaked:Pecker+1","beaked:Daydream","beaked:WarriorEssence+1","jedi:hate+1"],"picked":"SKIP","floor":47},{"not_picked":["Whirlwind+1","beaked:WarriorEssence+1","Clash+1","beaked:Replenish"],"picked":"SKIP","floor":48}],"player_experience":121265,"relics_obtained":[{"floor":7,"key":"Mummified Hand"},{"floor":9,"key":"PreservedInsect"},{"floor":11,"key":"conspire:DecoderRing"},{"floor":14,"key":"hubris:BundleOfHerbs"},{"floor":18,"key":"wanderingMiniBosses:OtherGremlinHorn"},{"floor":26,"key":"Anchor"},{"floor":27,"key":"hubris:ChampionShield"},{"floor":42,"key":"halation:BottledLove"},{"floor":43,"key":"Dream Catcher"},{"floor":45,"key":"infinitespire:FocusingShard"}],"event_choices":[{"damage_healed":80,"gold_gain":0,"player_choice":"Upgrade","damage_taken":16,"max_hp_gain":0,"max_hp_loss":80,"event_name":"betterThird:BetterShining","floor":5,"gold_loss":0,"cards_upgraded":["Strike_R","Defend_R"]},{"damage_healed":0,"gold_gain":0,"player_choice":"Ignored","damage_taken":0,"max_hp_gain":0,"max_hp_loss":0,"event_name":"betterNote:BetterNote","floor":20,"gold_loss":0,"cards_obtained":["Strike_G"]},{"damage_healed":0,"gold_gain":0,"player_choice":"Leave","damage_taken":0,"max_hp_gain":0,"max_hp_loss":0,"event_name":"conspire:Investor","floor":39,"gold_loss":0}],"is_beta":false,"boss_relics":[{"not_picked":["hubris:ScarierMask","vexMod:NewClearReactor"],"picked":"aspiration:BeakedSkillbook"},{"not_picked":["energizedSpire:NeverEndingSparkler","Replay:Ancient Bell"],"picked":"hubris:VirtuousBlindfold"}],"items_purged_floors":[31,38,38],"is_endless":false,"potions_floor_spawned":[2,3,7,11,14,18,27,29,37,42,45],"ascension_level":1}}