{"host":"6q94iy5iz6612v89","time":1609944899,"event":{"mods":["AchievementEnabler","BaseMod","Colored Map","DeckTracker","Keyboard Shortcuts","Minty Spire (QoL Compilation)","Permanent Neow","StSLib","SuperFastMode"],"gold_per_floor":[109,34,48,48,58,58,100,121,144,144,303,318,318,129,129,129,129],"floor_reached":16,"playtime":262,"items_purged":["Strike_R","Doubt"],"score":250,"play_id":"cec57692-770b-42c9-9319-a188ea9ff89f","local_time":"20210106235459","is_ascension_mode":true,"campfire_choices":[{"data":"Body Slam","floor":6.0,"key":"SMITH"},{"data":"Body Slam","floor":10.0,"key":"SMITH"},{"data":"Impervious","floor":15,"key":"SMITH"}],"circlet_count":0,"master_deck":["AscendersBane","Strike_R","Strike_R","Strike_R","Strike_R","Defend_R","Defend_R","Defend_R","Defend_R","Bash","Impervious+1","Body Slam+1","Shrug It Off","Cleave","Body Slam+1","Armaments+1","Finesse"],"relics":["Burning Blood","CeramicFish","Oddly Smooth Stone"],"acts_visited":["Exordium"],"potions_floor_usage":[16],"damage_taken":[{"damage":11.0,"enemies":"Small Slimes","floor":1.0,"turns":4.0},{"damage":0.0,"enemies":"2 Louse","floor":3.0,"turns":3.0},{"damage":0.0,"enemies":"Cultist","floor":5.0,"turns":3.0},{"damage":0.0,"enemies":"Gremlin Nob","floor":7.0,"turns":3.0},{"damage":0.0,"enemies":"Large Slime","floor":8.0,"turns":4.0},{"damage":14.0,"enemies":"Exordium Thugs","floor":12.0,"turns":5.0},{"damage":65,"enemies":"Hexaghost","floor":16,"turns":9}],"seed_played":"8031592576904690003","potions_obtained":[{"floor":1.0,"key":"Energy Potion"},{"floor":7.0,"key":"SteroidPotion"},{"floor":12.0,"key":"DistilledChaos"}],"is_trial":false,"path_per_floor":["M","$","M","?","M","R","E","M","T","R","?","M","?","$","R","B"],"character_chosen":"IRONCLAD","items_purchased":["Finesse"],"campfire_rested":0,"item_purchase_floors":[14],"current_hp_per_floor":[63,63,68,68,68,68,68,68,68,68,68,60,60,60,60,0,0],"gold":129,"neow_bonus":"THREE_RARE_CARDS","is_daily":false,"chose_seed":false,"campfire_upgraded":3,"win_rate":0.0,"timestamp":1609944899,"path_taken":["M","$","M","?","M","R","E","M","T","R","?","M","?","$","R","BOSS"],"items_purchased_type":["Card"],"build_version":"2020-12-22","purchased_purges":2,"victory":false,"max_hp_per_floor":[68,68,68,68,68,68,68,68,68,68,68,68,68,68,68,68,68],"card_choices":[{"not_picked":["Berserk","Brutality"],"picked":"Impervious","floor":0.0},{"not_picked":["Headbutt","Flex"],"picked":"Body Slam","floor":1.0},{"not_picked":["Rupture","True Grit"],"picked":"Shrug It Off","floor":3.0},{"not_picked":["Sever Soul","Shockwave"],"picked":"Cleave","floor":5.0},{"not_picked":["Warcry","Intimidate","Body Slam"],"picked":"SKIP","floor":7.0},{"not_picked":["Warcry","Intimidate"],"picked":"Body Slam","floor":7.0},{"not_picked":["Twin Strike","Fiend Fire"],"picked":"Armaments","floor":8.0},{"not_picked":["Wild Strike","Intimidate","Armaments"],"picked":"SKIP","floor":12.0}],"player_experience":1434264,"relics_obtained":[{"floor":7.0,"key":"CeramicFish"},{"floor":9.0,"key":"Oddly Smooth Stone"}],"event_choices":[{"damage_healed":0.0,"max_hp_gain":0.0,"max_hp_loss":0.0,"gold_gain":0.0,"event_name":"The Cleric","player_choice":"Leave","floor":4.0,"gold_loss":0.0,"damage_taken":0.0},{"damage_healed":0.0,"max_hp_gain":0.0,"max_hp_loss":0.0,"gold_gain":150.0,"event_name":"Liars Game","player_choice":"AGREE","floor":11.0,"gold_loss":0.0,"damage_taken":0.0,"cards_obtained":["Doubt"]},{"damage_healed":0.0,"max_hp_gain":0.0,"max_hp_loss":0.0,"gold_gain":0.0,"event_name":"Accursed Blacksmith","player_choice":"Forge","floor":13.0,"gold_loss":0.0,"damage_taken":0.0,"cards_upgraded":["Armaments"]}],"is_beta":false,"boss_relics":[],"items_purged_floors":[2,14],"is_endless":false,"potions_floor_spawned":[1,7,12],"killed_by":"Hexaghost","ascension_level":20}}