{"host":"7m635teefjn47zxe","time":1609920980,"event":{"mods":["BaseMod","Colored Map","Minty Spire (QoL Compilation)","Permanent Neow","Relic Stats","StSLib","everything is the same but u backflip on backflip"],"gold_per_floor":[113,131,131,145,158,189,206,206,206,232,249,281,293,293,293,389,389,408,507,535,550,550,550,577,577,577,608,626,626,253,267,267,372,372,390,136,136,191,208,208,243,262,262,282,305,305,338,338,338,338,338,338,61,96,96,96],"floor_reached":55,"playtime":5632,"items_purged":["Regret","Strike_P"],"score":1144,"play_id":"efc7cb81-1e64-4b58-8bcc-27df48a052d3","local_time":"20210106091620","is_ascension_mode":true,"campfire_choices":[{"data":"Perseverance","floor":8,"key":"SMITH"},{"data":"Eruption","floor":15,"key":"SMITH"},{"data":"Halt","floor":23,"key":"SMITH"},{"data":"TalkToTheHand","floor":25,"key":"SMITH"},{"data":"LessonLearned","floor":29,"key":"SMITH"},{"data":"ForeignInfluence","floor":32,"key":"SMITH"},{"floor":40,"key":"RECALL"},{"floor":46,"key":"REST"},{"floor":49,"key":"REST"},{"data":"WindmillStrike","floor":52,"key":"SMITH"}],"circlet_count":0,"master_deck":["Strike_P+1","Defend_P+1","Defend_P","Defend_P","Eruption+1","Vigilance","WindmillStrike+1","Vault+1","ForeignInfluence+1","Tantrum","ThirdEye+1","DeceiveReality","Perseverance+1","Halt+1","Vengeance","Meditate+1","Consecrate","TalkToTheHand+1","BowlingBash+1","Crescendo+1","EmptyBody+1","LessonLearned+1","ForeignInfluence+1","WindmillStrike+1","FollowUp+1","Halt","Transmutation","TalkToTheHand+1","Indignation+1","Halt+1","FearNoEvil+1","Halt+1","WaveOfTheHand+1"],"relics":["Astrolabe","Akabeko","Pocketwatch","Meat on the Bone","CloakClasp","Oddly Smooth Stone","Black Star","Red Mask","TungstenRod","Question Card","Prayer Wheel","Pear","Anchor","Juzu Bracelet","SlaversCollar","Strawberry","Lizard Tail","Calipers","Bronze Scales","PreservedInsect","Unceasing Top","Bird Faced Urn","War Paint","Ornamental Fan","Orichalcum"],"acts_visited":["Exordium","TheCity","TheBeyond","TheEnding"],"potions_floor_usage":[16,38,47,50,54,55],"damage_taken":[{"damage":0,"enemies":"Jaw Worm","floor":1,"turns":2},{"damage":8,"enemies":"Small Slimes","floor":2,"turns":2},{"damage":0,"enemies":"2 Louse","floor":4,"turns":2},{"damage":1,"enemies":"Looter","floor":5,"turns":3},{"damage":1,"enemies":"3 Sentries","floor":6,"turns":6},{"damage":4,"enemies":"Blue Slaver","floor":7,"turns":4},{"damage":12,"enemies":"Lagavulin","floor":10,"turns":5},{"damage":4,"enemies":"2 Fungi Beasts","floor":11,"turns":2},{"damage":0,"enemies":"3 Sentries","floor":12,"turns":5},{"damage":6,"enemies":"Looter","floor":13,"turns":2},{"damage":12,"enemies":"The Guardian","floor":16,"turns":6},{"damage":0,"enemies":"2 Thieves","floor":18,"turns":3},{"damage":11,"enemies":"Masked Bandits","floor":20,"turns":5},{"damage":2,"enemies":"Shell Parasite","floor":21,"turns":4},{"damage":4,"enemies":"Gremlin Leader","floor":24,"turns":3},{"damage":4,"enemies":"Book of Stabbing","floor":27,"turns":5},{"damage":4,"enemies":"Snecko","floor":28,"turns":4},{"damage":0,"enemies":"Centurion and Healer","floor":31,"turns":4},{"damage":41,"enemies":"Champ","floor":33,"turns":9},{"damage":23,"enemies":"3 Shapes","floor":35,"turns":4},{"damage":2,"enemies":"2 Orb Walkers","floor":38,"turns":3},{"damage":11,"enemies":"3 Darklings","floor":39,"turns":6},{"damage":30,"enemies":"Giant Head","floor":41,"turns":11},{"damage":40,"enemies":"Maw","floor":42,"turns":7},{"damage":24,"enemies":"Spire Growth","floor":44,"turns":5},{"damage":109,"enemies":"Reptomancer","floor":47,"turns":6},{"damage":23,"enemies":"Awakened One","floor":50,"turns":17},{"damage":34,"enemies":"Shield and Spear","floor":54,"turns":5},{"damage":70,"enemies":"The Heart","floor":55,"turns":13}],"seed_played":"-3605470668030388052","potions_obtained":[{"floor":4,"key":"SpeedPotion"},{"floor":5,"key":"DuplicationPotion"},{"floor":11,"key":"BlessingOfTheForge"},{"floor":13,"key":"Strength Potion"},{"floor":16,"key":"DistilledChaos"},{"floor":24,"key":"FairyPotion"},{"floor":38,"key":"SpeedPotion"},{"floor":41,"key":"Block Potion"}],"is_trial":false,"path_per_floor":["M","M","?","M","M","E","M","R","T","E","M","E","M","?","R","B",null,"M","?","?","M","?","R","E","R","T","E","M","R","$","M","R","B",null,"M","$","?","?","M","R","E","M","T","M","T","R","E","?","R","B",null,"R","$","E","B"],"character_chosen":"WATCHER","items_purchased":["ForeignInfluence","Juzu Bracelet","WindmillStrike","Strawberry","War Paint","Energy Potion","Regen Potion"],"campfire_rested":2,"item_purchase_floors":[30,30,30,36,53,53,53],"current_hp_per_floor":[72,64,64,64,63,62,58,58,58,46,42,42,48,48,48,48,66,66,66,55,53,53,53,49,49,49,55,51,51,51,51,51,22,67,44,51,42,52,53,53,35,34,34,22,22,48,22,22,48,37,76,76,76,54,0,0],"gold":96,"neow_bonus":"BOSS_RELIC","is_daily":false,"chose_seed":false,"campfire_upgraded":7,"win_rate":0.0,"timestamp":1609920980,"path_taken":["M","M","?","M","M","E","M","R","T","E","M","E","M","?","R","BOSS","M","?","?","M","?","R","E","R","T","E","M","R","$","M","R","BOSS","M","$","?","?","M","R","E","M","T","M","?","R","E","?","R","BOSS","R","$","E","BOSS"],"items_purchased_type":["Card","Relic","Card","Relic","Relic","Potion","Potion"],"build_version":"2020-12-22","purchased_purges":2,"victory":false,"max_hp_per_floor":[72,72,72,72,72,72,72,72,72,72,72,72,72,72,72,72,72,72,72,72,72,72,72,72,72,72,82,82,82,82,82,82,82,82,82,89,89,89,89,89,89,89,89,89,89,89,89,89,89,89,89,89,89,89,89,89],"relic_stats":{"counters":[29,153],"Astrolabe":["WindmillStrike","Vault","ForeignInfluence"],"PreservedInsect":126,"CloakClasp":[351],"Juzu Bracelet":0,"War Paint":["Defend_P","Meditate"],"Orichalcum":[0],"Question Card":21,"Lizard Tail":44,"Ornamental Fan":[12],"Bronze Scales":[337],"Bird Faced Urn":[0],"Prayer Wheel":6,"Black Star":5,"obtain_stats":[{"Calipers":41,"CloakClasp":12,"Juzu Bracelet":30,"Lizard Tail":38,"Strawberry":36,"Prayer Wheel":26,"Red Mask":20,"Pear":27,"Astrolabe":0,"Oddly Smooth Stone":14,"PreservedInsect":45,"War Paint":53,"Orichalcum":54,"Question Card":24,"Akabeko":6,"SlaversCollar":34,"Anchor":27,"Ornamental Fan":54,"Bronze Scales":41,"Bird Faced Urn":47,"Black Star":17,"PureWater":0,"TungstenRod":24,"Unceasing Top":47,"Pocketwatch":9,"Meat on the Bone":10},{"Calipers":23,"CloakClasp":9,"Juzu Bracelet":17,"Lizard Tail":21,"Strawberry":20,"Prayer Wheel":15,"Red Mask":13,"Pear":16,"Astrolabe":0,"Oddly Smooth Stone":10,"PreservedInsect":25,"War Paint":27,"Orichalcum":28,"Question Card":15,"Akabeko":5,"SlaversCollar":19,"Anchor":16,"Ornamental Fan":28,"Bronze Scales":23,"Bird Faced Urn":26,"Black Star":11,"PureWater":0,"TungstenRod":15,"Unceasing Top":26,"Pocketwatch":6,"Meat on the Bone":7},{"Calipers":100,"CloakClasp":31,"Juzu Bracelet":63,"Lizard Tail":83,"Strawberry":80,"Prayer Wheel":54,"Red Mask":47,"Pear":59,"Astrolabe":0,"Oddly Smooth Stone":33,"PreservedInsect":112,"War Paint":135,"Orichalcum":140,"Question Card":54,"Akabeko":15,"SlaversCollar":76,"Anchor":59,"Ornamental Fan":140,"Bronze Scales":100,"Bird Faced Urn":118,"Black Star":39,"PureWater":0,"TungstenRod":54,"Unceasing Top":118,"Pocketwatch":19,"Meat on the Bone":24}],"TungstenRod":50,"Unceasing Top":[9],"Pocketwatch":[108],"Meat on the Bone":132},"card_choices":[{"not_picked":["ForeignInfluence","JustLucky"],"picked":"Tantrum","floor":1},{"not_picked":["FollowUp","LikeWater"],"picked":"ThirdEye","floor":2},{"not_picked":["Conclude","BattleHymn"],"picked":"DeceiveReality","floor":4},{"not_picked":["CrushJoints","EmptyBody","Prostrate"],"picked":"SKIP","floor":5},{"not_picked":["Blasphemy","Brilliance"],"picked":"Perseverance","floor":6},{"not_picked":["Nirvana","Weave"],"picked":"Halt","floor":7},{"not_picked":["FlurryOfBlows","DeceiveReality"],"picked":"Vengeance","floor":10},{"not_picked":["FollowUp","Protect"],"picked":"Meditate","floor":11},{"not_picked":["CarveReality","PathToVictory"],"picked":"Consecrate","floor":12},{"not_picked":["Evaluate","Adaptation"],"picked":"TalkToTheHand","floor":13},{"not_picked":["CutThroughFate","Protect"],"picked":"BowlingBash","floor":18},{"not_picked":["Halt+1","Nirvana"],"picked":"Crescendo+1","floor":21},{"not_picked":["Devotion","PathToVictory","Nirvana"],"picked":"SKIP","floor":24},{"not_picked":["CarveReality","Evaluate","EmptyFist","SandsOfTime"],"picked":"SKIP","floor":27},{"not_picked":["Evaluate","Vengeance+1","Consecrate+1"],"picked":"EmptyBody+1","floor":28},{"not_picked":["Tantrum","Wireheading","SashWhip"],"picked":"LessonLearned","floor":28},{"not_picked":["WindmillStrike+1","Protect","Wireheading"],"picked":"FollowUp+1","floor":31},{"not_picked":["EmptyFist","CutThroughFate","Consecrate","ForeignInfluence"],"picked":"SKIP","floor":31},{"not_picked":["FlyingSleeves+1","CutThroughFate","Meditate+1"],"picked":"Halt","floor":35},{"not_picked":["Collect+1","Prostrate","FlurryOfBlows+1","Swivel"],"picked":"SKIP","floor":35},{"not_picked":["Thinking Ahead","Jack Of All Trades","Impatience"],"picked":"Transmutation","floor":37},{"not_picked":["Madness","Purity","Sadistic Nature"],"picked":"Enlightenment","floor":37},{"not_picked":["EmptyBody","Evaluate+1","FlurryOfBlows"],"picked":"TalkToTheHand+1","floor":39},{"not_picked":["FollowUp","SandsOfTime+1","Pray","EmptyBody"],"picked":"SKIP","floor":39},{"not_picked":["InnerPeace","SashWhip+1","Vengeance"],"picked":"Indignation+1","floor":41},{"not_picked":["CutThroughFate+1","Wireheading","Prostrate+1"],"picked":"Halt+1","floor":42},{"not_picked":["Conclude+1","ConjureBlade","EmptyBody","Evaluate+1"],"picked":"SKIP","floor":42},{"not_picked":["ThirdEye+1","Devotion","Evaluate+1"],"picked":"FearNoEvil+1","floor":44},{"not_picked":["Evaluate+1","EmptyBody","FlyingSleeves"],"picked":"Halt+1","floor":44},{"not_picked":["MasterReality","ReachHeaven","Brilliance","Consecrate+1"],"picked":"SKIP","floor":47},{"not_picked":["EmptyFist","WindmillStrike","Perseverance"],"picked":"WaveOfTheHand+1","floor":54}],"player_experience":173077,"relics_obtained":[{"floor":6,"key":"Akabeko"},{"floor":9,"key":"Pocketwatch"},{"floor":10,"key":"Meat on the Bone"},{"floor":12,"key":"CloakClasp"},{"floor":20,"key":"Red Mask"},{"floor":24,"key":"TungstenRod"},{"floor":24,"key":"Question Card"},{"floor":26,"key":"Prayer Wheel"},{"floor":27,"key":"Pear"},{"floor":27,"key":"Anchor"},{"floor":38,"key":"Lizard Tail"},{"floor":41,"key":"Calipers"},{"floor":41,"key":"Bronze Scales"},{"floor":45,"key":"PreservedInsect"},{"floor":47,"key":"Unceasing Top"},{"floor":47,"key":"Bird Faced Urn"},{"floor":54,"key":"Ornamental Fan"},{"floor":54,"key":"Orichalcum"}],"event_choices":[{"damage_healed":0,"gold_gain":0,"player_choice":"Grow","damage_taken":0,"max_hp_gain":0,"max_hp_loss":0,"event_name":"Living Wall","floor":3,"gold_loss":0,"cards_upgraded":["ThirdEye"]},{"damage_healed":0,"gold_gain":0,"player_choice":"Box","damage_taken":0,"relics_obtained":["Oddly Smooth Stone"],"max_hp_gain":0,"max_hp_loss":0,"event_name":"Big Fish","floor":14,"gold_loss":0,"cards_obtained":["Regret"]},{"damage_healed":0,"gold_gain":99,"player_choice":"Stole From Cult","damage_taken":0,"max_hp_gain":0,"max_hp_loss":0,"event_name":"Nest","floor":19,"gold_loss":0},{"damage_healed":0,"gold_gain":0,"player_choice":"Fought Bandits","damage_taken":0,"max_hp_gain":0,"max_hp_loss":0,"event_name":"Masked Bandits","floor":20,"gold_loss":0},{"damage_healed":0,"gold_gain":0,"player_choice":"Ignored","damage_taken":0,"max_hp_gain":0,"max_hp_loss":0,"event_name":"Vampires","floor":22,"gold_loss":0},{"damage_healed":0,"gold_gain":0,"player_choice":"Memory 3","damage_taken":10,"max_hp_gain":0,"max_hp_loss":0,"event_name":"SensoryStone","floor":37,"gold_loss":0},{"damage_healed":0,"gold_gain":0,"player_choice":"Fight","damage_taken":0,"max_hp_gain":0,"max_hp_loss":0,"event_name":"Mysterious Sphere","floor":38,"gold_loss":0},{"cards_removed":["Enlightenment"],"damage_healed":0,"gold_gain":0,"player_choice":"Removed Skill","damage_taken":0,"max_hp_gain":0,"max_hp_loss":0,"event_name":"Falling","floor":48,"gold_loss":0}],"is_beta":false,"boss_relics":[{"not_picked":["Tiny House","Runic Dome"],"picked":"Black Star"},{"not_picked":["Cursed Key","Snecko Eye"],"picked":"SlaversCollar"}],"items_purged_floors":[30,36],"is_endless":false,"potions_floor_spawned":[4,5,11,12,13,16,24,27,28,38,41],"killed_by":"The Heart","ascension_level":5}}