{"host":"6za4ayowsop7ft3x","time":1609937334,"event":{"mods":["AchievementEnabler","BaseMod","Bestiary","Colored Map","Colored Powertips","Curses Come First","Highlight Path","Minty Spire (QoL Compilation)","Quick Restart","StSLib"],"gold_per_floor":[114,127,31,48,61,61,92,104,116,128,166,194,206,235,247,362,374,405,417,443,9,25,25,25,53,77,77,97,97,115,214,214,313,313,327,3,21,21,21,21],"floor_reached":39,"playtime":1375,"items_purged":[],"score":432,"play_id":"dc6c7baa-5b7b-4342-b081-41505e862848","local_time":"20210106204854","is_ascension_mode":true,"campfire_choices":[{"data":"Footwork","floor":6,"key":"SMITH"},{"floor":8,"key":"REST"},{"floor":15,"key":"REST"},{"floor":23,"key":"REST"},{"floor":27,"key":"REST"},{"floor":29,"key":"REST"},{"floor":32,"key":"REST"}],"circlet_count":0,"master_deck":["Strike_G","Strike_G","Strike_G","Strike_G","Defend_G","Defend_G","Defend_G","Survivor","Neutralize","Poisoned Stab","Footwork+1","Caltrops","Poisoned Stab","Dagger Spray","Poisoned Stab","Dash","Blade Dance","Backstab","Accuracy+1","Corpse Explosion","Backstab","Accuracy","Quick Slash","Bouncing Flask","Malaise","Dash","Deadly Poison","Envenom","Acrobatics+1","Sadistic Nature","PiercingWail+1"],"relics":["Empty Cage","MawBank","Smiling Mask","Pantograph","SlaversCollar","Regal Pillow","FossilizedHelix","Art of War","Anchor"],"acts_visited":["Exordium","TheCity","TheBeyond"],"potions_floor_usage":[25,25,39,39],"damage_taken":[{"damage":3,"enemies":"Jaw Worm","floor":1,"turns":4},{"damage":0,"enemies":"Small Slimes","floor":2,"turns":3},{"damage":2,"enemies":"Cultist","floor":4,"turns":4},{"damage":5,"enemies":"2 Fungi Beasts","floor":5,"turns":3},{"damage":11,"enemies":"Lagavulin","floor":7,"turns":6},{"damage":16,"enemies":"Gremlin Nob","floor":11,"turns":5},{"damage":12,"enemies":"Exordium Thugs","floor":12,"turns":3},{"damage":34,"enemies":"Gremlin Gang","floor":14,"turns":4},{"damage":56,"enemies":"The Guardian","floor":16,"turns":9},{"damage":20,"enemies":"2 Thieves","floor":18,"turns":2},{"damage":0,"enemies":"3 Byrds","floor":20,"turns":3},{"damage":40,"enemies":"Snake Plant","floor":22,"turns":6},{"damage":52,"enemies":"Slavers","floor":25,"turns":4},{"damage":41,"enemies":"Cultist and Chosen","floor":28,"turns":6},{"damage":15,"enemies":"Snecko","floor":30,"turns":7},{"damage":51,"enemies":"Champ","floor":33,"turns":13},{"damage":17,"enemies":"3 Shapes","floor":35,"turns":4},{"damage":16,"enemies":"Orb Walker","floor":37,"turns":4},{"damage":53,"enemies":"2 Orb Walkers","floor":39,"turns":4}],"seed_played":"-3806692274224087352","potions_obtained":[{"floor":4,"key":"ColorlessPotion"},{"floor":12,"key":"Fire Potion"},{"floor":14,"key":"Block Potion"},{"floor":18,"key":"Dexterity Potion"},{"floor":33,"key":"GamblersBrew"},{"floor":35,"key":"DuplicationPotion"}],"is_trial":false,"path_per_floor":["M","M","$","M","M","R","E","R","T","?","E","M","?","M","R","B",null,"M","?","M","$","M","R","$","E","T","R","M","R","M","?","R","B",null,"M","$","M","?","?"],"character_chosen":"THE_SILENT","items_purchased":["Caltrops","Poisoned Stab","Regal Pillow","Accuracy","Quick Slash","Master of Strategy","Sadistic Nature","Anchor"],"campfire_rested":6,"item_purchase_floors":[3,3,21,21,21,21,36,36],"current_hp_per_floor":[67,67,67,65,60,60,49,70,70,70,54,42,80,46,70,24,80,60,60,60,60,20,59,59,7,7,46,5,44,29,29,68,29,80,63,63,47,47,0,0],"gold":21,"neow_bonus":"BOSS_RELIC","is_daily":false,"chose_seed":false,"campfire_upgraded":1,"win_rate":0.0,"timestamp":1609937334,"path_taken":["M","M","$","M","M","R","E","R","T","?","E","M","?","?","R","BOSS","M","?","M","$","M","R","?","E","T","R","M","R","?","?","R","BOSS","M","$","M","?","?"],"items_purchased_type":["Card","Card","Relic","Card","Card","Card","Card","Relic"],"build_version":"2020-12-22","purchased_purges":0,"victory":false,"max_hp_per_floor":[70,70,70,70,70,70,70,70,70,70,70,70,80,80,80,80,80,80,80,80,80,80,80,80,80,80,80,80,80,80,80,80,80,80,80,80,80,80,80,80],"card_choices":[{"not_picked":["PiercingWail","Escape Plan"],"picked":"Poisoned Stab","floor":1},{"not_picked":["Blade Dance","Backflip"],"picked":"Footwork","floor":2},{"not_picked":["Backflip","Tactician"],"picked":"Dagger Spray","floor":4},{"not_picked":["Deadly Poison","Backflip"],"picked":"Poisoned Stab","floor":5},{"not_picked":["Poisoned Stab","Dagger Throw"],"picked":"Dash","floor":7},{"not_picked":["Outmaneuver","Sucker Punch"],"picked":"Blade Dance","floor":11},{"not_picked":["Underhanded Strike","Quick Slash"],"picked":"Backstab","floor":12},{"not_picked":["Flechettes","Dodge and Roll"],"picked":"Accuracy","floor":14},{"not_picked":["Wraith Form v2","Envenom"],"picked":"Corpse Explosion","floor":16},{"not_picked":["Dagger Spray","Backflip","Poisoned Stab"],"picked":"SKIP","floor":18},{"not_picked":["Poisoned Stab","Acrobatics"],"picked":"Backstab","floor":20},{"not_picked":["Blade Dance","Deadly Poison"],"picked":"Bouncing Flask","floor":22},{"not_picked":["Bane","Phantasmal Killer"],"picked":"Malaise","floor":25},{"not_picked":["Flying Knee","Dodge and Roll+1"],"picked":"Dash","floor":28},{"not_picked":["Calculated Gamble","Dagger Throw"],"picked":"Deadly Poison","floor":30},{"not_picked":["Glass Knife","Doppelganger"],"picked":"Envenom","floor":33},{"not_picked":["Expertise","Dagger Spray+1"],"picked":"Acrobatics+1","floor":35},{"not_picked":["Prepared","Dodge and Roll+1"],"picked":"PiercingWail+1","floor":37}],"player_experience":38274,"relics_obtained":[{"floor":7,"key":"MawBank"},{"floor":9,"key":"Smiling Mask"},{"floor":11,"key":"Pantograph"},{"floor":25,"key":"FossilizedHelix"},{"floor":26,"key":"Art of War"}],"event_choices":[{"damage_healed":0,"gold_gain":0,"cards_transformed":["Strike_G"],"player_choice":"Change","damage_taken":0,"max_hp_gain":0,"max_hp_loss":0,"event_name":"Living Wall","floor":10,"gold_loss":0,"cards_obtained":["Envenom"]},{"cards_removed":["Envenom"],"damage_healed":28,"gold_gain":0,"player_choice":"Offered Rare","damage_taken":0,"max_hp_gain":10,"max_hp_loss":0,"event_name":"Bonfire Elementals","floor":13,"gold_loss":0},{"damage_healed":0,"gold_gain":0,"player_choice":"Forge","damage_taken":0,"max_hp_gain":0,"max_hp_loss":0,"event_name":"Accursed Blacksmith","floor":19,"gold_loss":0,"cards_upgraded":["Accuracy"]},{"damage_healed":0,"gold_gain":99,"player_choice":"Stole From Cult","damage_taken":0,"max_hp_gain":0,"max_hp_loss":0,"event_name":"Nest","floor":31,"gold_loss":0},{"cards_removed":["Master of Strategy"],"damage_healed":0,"gold_gain":0,"player_choice":"Removed Skill","damage_taken":0,"max_hp_gain":0,"max_hp_loss":0,"event_name":"Falling","floor":38,"gold_loss":0},{"damage_healed":0,"gold_gain":0,"player_choice":"Fight","damage_taken":0,"max_hp_gain":0,"max_hp_loss":0,"event_name":"Mysterious Sphere","floor":39,"gold_loss":0}],"is_beta":false,"boss_relics":[{"not_picked":["Philosopher\u0027s Stone","SacredBark"],"picked":"SlaversCollar"},{"not_picked":["Coffee Dripper","Busted Crown","Snecko Eye"]}],"items_purged_floors":[],"is_endless":false,"potions_floor_spawned":[4,7,12,14,16,18,33,35,37],"killed_by":"2 Orb Walkers","ascension_level":1}}