{"host":"y9jgkjnf95sujozk","time":1609944661,"event":{"mods":["2.2 Compatiblity","AchievementEnabler","Act Like it!","BaseMod","Block Reminder","Colored Map","Colored Powertips","Decade(王小明)","Downfall","Friendly Minions","Gensokyo","GifTheSpireLib","Hallownest","Hermit","Highlight Path","HololiveMod","Hubris","Infinite Spire","Jorbs\u0027s Wanderer Trilogy","Koishi","Marisa（霧雨　魔理沙）","Minty Spire (QoL Compilation)","Quick Restart","Random Character Button","Rare Cards Sparkle","Remilia（蕾米莉?）","Replay The Spire","Shop Mod","StSLib","SuperFastMode","The Animator","The Bug Knight","The Cursed","The Hierophant","The Jungle","The Senshi","The Servant 0.9.4"],"gold_per_floor":[110,120,50,0,12,12,28,28,54,54,99,130,130,165,165,283,283,311,311,311,337,365,373,373,373],"floor_reached":23,"playtime":911,"items_purged":[],"score":193,"play_id":"59ebf757-2acd-4ae2-8f76-d41d69f58e1b","local_time":"20210106155101","is_ascension_mode":false,"campfire_choices":[{"data":"hexamod:GhostLash","floor":8.0,"key":"SMITH"},{"floor":13.0,"key":"REST"},{"floor":15.0,"key":"REST"}],"circlet_count":0,"master_deck":["hexamod:Strike","hexamod:Strike","hexamod:Strike","hexamod:Strike","hexamod:Defend","hexamod:Defend","hexamod:Defend","hexamod:Defend","hexamod:Sear","hexamod:Float","hexamod:NightmareGuise","hexamod:FourthSeal","hexamod:GhostLash+1","hexamod:SecondSeal","hexamod:PhantomCloak","hexamod:SpectersWail","hexamod:FastForward","hexamod:UnleashSpirits","hexamod:Hexaguard","hexamod:EtherealExpedition+1","hexamod:GhostShield","hexamod:GhostShield+1","hexamod:HexaLevel","hexamod:RecurringNightmare+1","hexamod:FourthSeal","hexamod:NightmareStrike"],"relics":["hexamod:SpiritBrand","Hallownest:StagBellRelic1","MealTicket","Replay:Bandana","Hallownest:DreamNailRelic","Matryoshka","Philosopher\u0027s Stone","Du-Vu Doll","hubris:Backtick","Orrery"],"acts_visited":["Exordium","TheCity"],"potions_floor_usage":[22,22,23,23,23],"damage_taken":[{"damage":1.0,"enemies":"Hallownest:2_Tiktiks_and_1_Crawlid","floor":1.0,"turns":6.0},{"damage":0.0,"enemies":"Hallownest:2_Baldur","floor":2.0,"turns":5.0},{"damage":0.0,"enemies":"Hallownest:2_MossCreeps","floor":5.0,"turns":7.0},{"damage":0.0,"enemies":"Hallownest:monsterAspidMother","floor":7.0,"turns":6.0},{"damage":40.0,"enemies":"Hallownest:eliteCrystalGuardian","floor":11.0,"turns":5.0},{"damage":2.0,"enemies":"Hallownest:monsterMossCharger","floor":12.0,"turns":5.0},{"damage":0.0,"enemies":"Hallownest:Wandering_and_Horned","floor":14.0,"turns":6.0},{"damage":7.0,"enemies":"Hallownest:BossFalseKnight","floor":16.0,"turns":8.0},{"damage":11,"enemies":"Chosen","floor":18,"turns":6},{"damage":14,"enemies":"Shell Parasite","floor":21,"turns":7},{"damage":43,"enemies":"Cultist and Chosen","floor":22,"turns":9},{"damage":3,"enemies":"Snake Plant","floor":23,"turns":2}],"seed_played":"3439833430883867022","potions_obtained":[{"floor":0.0,"key":"DistilledChaos"},{"floor":0.0,"key":"Milkshake"},{"floor":0.0,"key":"LiquidBronze"},{"floor":2.0,"key":"sneckomod:MuddlingPotion"},{"floor":11.0,"key":"PowerPotion"},{"floor":12.0,"key":"Adrenaline Potion"},{"floor":14.0,"key":"SkillPotion"},{"floor":14.0,"key":"LifebloodPotion"},{"floor":16.0,"key":"LiquidMemories"},{"floor":16.0,"key":"GamblersBrew"},{"floor":18,"key":"LifebloodPotion"},{"floor":18,"key":"LiquidMemories"},{"floor":22,"key":"DuplicationPotion"}],"is_trial":false,"path_per_floor":["M","M","?","?","M","$","M","R","T","?","E","M","R","M","R","B",null,"M","?","AVR","M","M","M"],"character_chosen":"THE_SPIRIT","items_purchased":[],"campfire_rested":2,"item_purchase_floors":[],"current_hp_per_floor":[69,69,69,69,69,70,70,70,70,70,30,28,49,49,70,63,70,59,59,59,45,2,0,0,0],"gold":373,"neow_bonus":"THREE_SMALL_POTIONS","is_daily":false,"chose_seed":false,"campfire_upgraded":1,"win_rate":0.0,"timestamp":1609944661,"path_taken":["M","M","?","?","M","$","M","R","T","?","E","M","R","M","R","BOSS","M","?","AVR","M","M","M"],"items_purchased_type":[],"build_version":"2020-12-22","purchased_purges":0,"victory":false,"max_hp_per_floor":[70,70,70,70,70,70,70,70,70,70,70,70,70,70,70,70,70,70,70,70,70,70,70,70,70],"card_choices":[{"not_picked":["hexamod:SpectersWail","hexamod:HauntingEcho"],"picked":"hexamod:NightmareGuise","floor":1.0},{"not_picked":["hexamod:InspiringFlames","hexamod:RainOfEmbers"],"picked":"hexamod:FourthSeal","floor":2.0},{"not_picked":["hexamod:AdvancingGuard","hexamod:GhostShield"],"picked":"hexamod:GhostLash","floor":5.0},{"not_picked":["hexamod:FastForward","hexamod:SwordOfDarkness"],"picked":"hexamod:SecondSeal","floor":7.0},{"not_picked":["hexamod:RadiantFlame","hexamod:Hexaguard"],"picked":"hexamod:PhantomCloak","floor":11.0},{"not_picked":["hexamod:NightmareStrike","hexamod:GhostOfSpirePast"],"picked":"hexamod:SpectersWail","floor":12.0},{"not_picked":["hexamod:BacktrackSmack","hexamod:ThermalTransfer"],"picked":"hexamod:FastForward","floor":14.0},{"not_picked":["hexamod:TurnItUp","hexamod:SixthSeal"],"picked":"hexamod:UnleashSpirits","floor":16.0},{"not_picked":["hexamod:HauntingEcho","hexamod:FastForward"],"picked":"hexamod:Hexaguard","floor":18},{"not_picked":["hexamod:StepThrough","hexamod:Firestarter"],"picked":"hexamod:EtherealExpedition+1","floor":20},{"not_picked":["hexamod:ShieldOfDarkness","hexamod:PowerFromBeyond+1"],"picked":"hexamod:GhostShield","floor":20},{"not_picked":["hexamod:Again+1","hexamod:SwordOfDarkness+1"],"picked":"hexamod:GhostShield+1","floor":20},{"not_picked":["hexamod:ChargedBarrage+1","hexamod:SkipABeat+1"],"picked":"hexamod:HexaLevel","floor":20},{"not_picked":["hexamod:GhostOfSpireFuture","hexamod:Firestarter"],"picked":"hexamod:RecurringNightmare+1","floor":20},{"not_picked":["hexamod:EtherealExpedition+1","hexamod:PhantomCloak"],"picked":"hexamod:FourthSeal","floor":21},{"not_picked":["hexamod:SwordOfDarkness","hexamod:EmpoweredFlame"],"picked":"hexamod:NightmareStrike","floor":22}],"player_experience":137497,"relics_obtained":[{"floor":9.0,"key":"Replay:Bandana"},{"floor":11.0,"key":"Matryoshka"}],"event_choices":[{"damage_healed":0,"gold_gain":0,"player_choice":"Ignored","damage_taken":0,"max_hp_gain":0,"max_hp_loss":0,"event_name":"Beggar","floor":19,"gold_loss":0}],"is_beta":false,"boss_relics":[{"not_picked":["Cursed Key","hexamod:IceCube"],"picked":"Philosopher\u0027s Stone"}],"items_purged_floors":[],"is_endless":false,"potions_floor_spawned":[2,7,14,16,18],"killed_by":"Snake Plant","ascension_level":0}}