{"host":"eryfehc3mia1cukk","time":1609891466,"event":{"mods":["AchievementEnabler","Ascension Unlocker","BaseMod","Better Third Choice","Colored Map","Gremlin Skip","Highlight Path","Jorbs\u0027s Wanderer Trilogy","Minty Spire (QoL Compilation)","Relic Stats","StSLib","SuperFastMode","The Blue Laboratory"],"gold_per_floor":[111,131,144,161,239,239,249,24,51,51,110,110,128,158,158,232,232,252,252,264,285,1,57,57,57],"floor_reached":24,"playtime":1397,"items_purged":["stsjorbsmod:Strike_Wanderer"],"score":425,"play_id":"c6407c88-6449-4ef1-973e-7ce04b4f2798","local_time":"20210105190426","is_ascension_mode":true,"campfire_choices":[{"data":"stsjorbsmod:ScorchingRay","floor":6,"key":"SMITH"},{"data":"stsjorbsmod:Inferno","floor":10,"key":"SMITH"},{"data":"stsjorbsmod:ChatteringStrike","floor":12,"key":"SMITH"},{"floor":15,"key":"REST"}],"circlet_count":0,"master_deck":["AscendersBane","stsjorbsmod:ForbiddenGrimoire+1","stsjorbsmod:Strike_Wanderer","stsjorbsmod:Strike_Wanderer","stsjorbsmod:Strike_Wanderer","stsjorbsmod:Defend_Wanderer","stsjorbsmod:Defend_Wanderer","stsjorbsmod:Defend_Wanderer","stsjorbsmod:Defend_Wanderer","stsjorbsmod:FreshAdventure","stsjorbsmod:EyeOfTheStorm","stsjorbsmod:ArcaneForm","stsjorbsmod:MistyStep","stsjorbsmod:ScorchingRay+1","stsjorbsmod:ArcaneWeapon","stsjorbsmod:Channel","stsjorbsmod:Inferno+1","stsjorbsmod:ChatteringStrike+1","stsjorbsmod:DisguiseSelf","stsjorbsmod:BookOfTongues","stsjorbsmod:SmithingStrike","stsjorbsmod:DeathThroes","stsjorbsmod:Counterspell","stsjorbsmod:LocateObject","stsjorbsmod:FracturedMind","stsjorbsmod:Prestidigitation","Flash of Steel","stsjorbsmod:Firebolt"],"relics":["stsjorbsmod:GrimoireRelic","Medical Kit","Centennial Puzzle","Toy Ornithopter","Tiny Chest","Coffee Dripper","MealTicket"],"acts_visited":["Exordium","TheCity"],"potions_floor_usage":[14,18,20,23,23],"damage_taken":[{"damage":1,"enemies":"2 Louse","floor":1,"turns":3},{"damage":2,"enemies":"Small Slimes","floor":2,"turns":4},{"damage":4,"enemies":"Jaw Worm","floor":3,"turns":4},{"damage":4,"enemies":"Looter","floor":4,"turns":4},{"damage":6,"enemies":"Red Slaver","floor":7,"turns":3},{"damage":27,"enemies":"3 Sentries","floor":11,"turns":7},{"damage":1,"enemies":"2 Fungi Beasts","floor":13,"turns":3},{"damage":18,"enemies":"3 Sentries","floor":14,"turns":7},{"damage":22,"enemies":"The Guardian","floor":16,"turns":8},{"damage":17,"enemies":"2 Thieves","floor":18,"turns":3},{"damage":1,"enemies":"3 Byrds","floor":20,"turns":4},{"damage":11,"enemies":"Snecko","floor":21,"turns":4},{"damage":30,"enemies":"Slavers","floor":23,"turns":6},{"damage":10,"enemies":"Shelled Parasite and Fungi","floor":24,"turns":1}],"seed_played":"4371043699478162950","potions_obtained":[{"floor":1,"key":"blueLaboratory:BottleOfVodka"},{"floor":3,"key":"blueLaboratory:BottleOfVodka"},{"floor":11,"key":"blueLaboratory:FrostheartPotion"},{"floor":16,"key":"DuplicationPotion"},{"floor":20,"key":"Dexterity Potion"},{"floor":21,"key":"SpeedPotion"}],"is_trial":false,"path_per_floor":["M","M","M","M","?","R","M","$","T","R","?","R","M","E","R","B",null,"M","?","M","M","$","E","M"],"character_chosen":"WANDERER","items_purchased":["Medical Kit","stsjorbsmod:ChatteringStrike","stsjorbsmod:FracturedMind","stsjorbsmod:Prestidigitation","Flash of Steel"],"campfire_rested":1,"item_purchase_floors":[8,8,22,22,22],"current_hp_per_floor":[61,61,62,63,63,63,59,59,59,59,32,32,32,23,42,20,53,42,25,33,28,28,10,0,0],"gold":57,"neow_bonus":"ONE_RANDOM_RARE_CARD","is_daily":false,"chose_seed":false,"campfire_upgraded":3,"win_rate":0.0,"timestamp":1609891466,"path_taken":["M","M","M","M","?","R","M","$","T","R","?","R","M","E","R","BOSS","M","?","M","M","$","E","M"],"items_purchased_type":["Relic","Card","Card","Card","Card"],"build_version":"2020-12-22","purchased_purges":1,"victory":false,"max_hp_per_floor":[64,64,64,64,64,64,64,64,64,64,64,64,64,64,64,64,64,64,69,69,69,69,69,69,69],"relic_stats":{"Centennial Puzzle":[27],"counters":[14,61],"Tiny Chest":0,"MealTicket":0,"Medical Kit":[1],"obtain_stats":[{"Centennial Puzzle":9,"stsjorbsmod:GrimoireRelic":0,"Tiny Chest":14,"MealTicket":23,"Coffee Dripper":17,"Medical Kit":8,"Toy Ornithopter":11},{"Centennial Puzzle":5,"stsjorbsmod:GrimoireRelic":0,"Tiny Chest":8,"MealTicket":13,"Coffee Dripper":9,"Medical Kit":5,"Toy Ornithopter":6},{"Centennial Puzzle":18,"stsjorbsmod:GrimoireRelic":0,"Tiny Chest":35,"MealTicket":60,"Coffee Dripper":43,"Medical Kit":18,"Toy Ornithopter":25}],"Toy Ornithopter":25},"card_choices":[{"not_picked":["stsjorbsmod:FaerieFire","stsjorbsmod:MagicMirror"],"picked":"stsjorbsmod:MistyStep","floor":1},{"not_picked":["stsjorbsmod:Counterspell","stsjorbsmod:Aid"],"picked":"stsjorbsmod:ScorchingRay","floor":2},{"not_picked":["stsjorbsmod:Hurt","stsjorbsmod:MistyStep"],"picked":"stsjorbsmod:ArcaneWeapon","floor":3},{"not_picked":["stsjorbsmod:Mindworm","stsjorbsmod:BurningFlask"],"picked":"stsjorbsmod:Channel","floor":4},{"not_picked":["stsjorbsmod:BookOfTongues","stsjorbsmod:MistyStep"],"picked":"stsjorbsmod:Inferno","floor":7},{"not_picked":["stsjorbsmod:Mindworm","stsjorbsmod:Channel"],"picked":"stsjorbsmod:DisguiseSelf","floor":11},{"not_picked":["stsjorbsmod:DoubleCheck","stsjorbsmod:ParryingBlow"],"picked":"stsjorbsmod:BookOfTongues","floor":13},{"not_picked":["stsjorbsmod:ParryingBlow","stsjorbsmod:Mending"],"picked":"stsjorbsmod:SmithingStrike","floor":14},{"not_picked":["stsjorbsmod:GatherPower","stsjorbsmod:PurgeMind"],"picked":"stsjorbsmod:DeathThroes","floor":16},{"not_picked":["stsjorbsmod:RayOfFrost","stsjorbsmod:Mindworm"],"picked":"stsjorbsmod:Counterspell","floor":18},{"not_picked":["stsjorbsmod:MistyStep","stsjorbsmod:ArcaneWeapon"],"picked":"stsjorbsmod:LocateObject","floor":20},{"not_picked":["stsjorbsmod:ChatteringStrike","stsjorbsmod:TinyHut","stsjorbsmod:AnimateObjects+1"],"picked":"SKIP","floor":21},{"not_picked":["stsjorbsmod:UnseenServant","stsjorbsmod:ChainLightning"],"picked":"stsjorbsmod:Firebolt","floor":23}],"player_experience":446300,"relics_obtained":[{"floor":9,"key":"Centennial Puzzle"},{"floor":11,"key":"Toy Ornithopter"},{"floor":14,"key":"Tiny Chest"},{"floor":23,"key":"MealTicket"}],"event_choices":[{"damage_healed":0,"gold_gain":78,"player_choice":"Gained Gold","damage_taken":0,"max_hp_gain":0,"max_hp_loss":0,"event_name":"Golden Wing","floor":5,"gold_loss":0},{"damage_healed":0,"gold_gain":0,"player_choice":"Searched \u00272\u0027 times","damage_taken":0,"max_hp_gain":0,"max_hp_loss":0,"event_name":"Dead Adventurer","floor":11,"gold_loss":0},{"damage_healed":0,"gold_gain":0,"player_choice":"Shed Blood","damage_taken":22,"max_hp_gain":5,"max_hp_loss":0,"event_name":"Forgotten Altar","floor":19,"gold_loss":0}],"is_beta":false,"boss_relics":[{"not_picked":["Tiny House","Fusion Hammer"],"picked":"Coffee Dripper"}],"items_purged_floors":[22],"is_endless":false,"potions_floor_spawned":[1,3,11,16,20,21],"killed_by":"Shelled Parasite and Fungi","ascension_level":19}}