{"host":"04hh9gplt9wkfmr1","time":1609913535,"event":{"mods":["AchievementEnabler","BaseMod","Colored Map","KOR Keyword Fix","Minty Spire (QoL Compilation)","Rare Cards Sparkle","StSLib","SuperFastMode","everything is the same but u backflip on backflip"],"gold_per_floor":[18,33,45,65,83,113,113,174,247,247,257,285,285,285,285,387,387,401,401,411,336,347,347,367,367,367],"floor_reached":25,"playtime":766,"items_purged":["Strike_B"],"score":215,"play_id":"9db21eec-d099-405e-a40b-449969e21a65","local_time":"20210106151215","is_ascension_mode":false,"campfire_choices":[{"data":"Zap","floor":7.0,"key":"SMITH"},{"data":"Genetic Algorithm","floor":10.0,"key":"SMITH"},{"floor":13.0,"key":"REST"},{"data":"Dualcast","floor":15.0,"key":"SMITH"},{"floor":23,"key":"REST"}],"circlet_count":0,"master_deck":["Defend_B","Defend_B","Defend_B","Defend_B","Zap+1","Dualcast+1","Steam","Loop","Gash","Beam Cell","Beam Cell","White Noise","Go for the Eyes","Streamline","Genetic Algorithm+1","Skim","Hologram","Machine Learning","CurseOfTheBell","Defragment+1","Buffer","Reinforced Body","Reprogram+1","Defragment"],"relics":["Cracked Core","Potion Belt","Torii","White Beast Statue","Regal Pillow","Calling Bell","MealTicket","Shuriken","StoneCalendar"],"acts_visited":["Exordium","TheCity"],"potions_floor_usage":[22,22,24,25],"damage_taken":[{"damage":1.0,"enemies":"Small Slimes","floor":1.0,"turns":3.0},{"damage":0.0,"enemies":"2 Louse","floor":2.0,"turns":3.0},{"damage":1.0,"enemies":"Cultist","floor":3.0,"turns":4.0},{"damage":14.0,"enemies":"Blue Slaver","floor":4.0,"turns":3.0},{"damage":5.0,"enemies":"Exordium Wildlife","floor":5.0,"turns":4.0},{"damage":15.0,"enemies":"Lagavulin","floor":6.0,"turns":7.0},{"damage":2.0,"enemies":"3 Sentries","floor":8.0,"turns":8.0},{"damage":1.0,"enemies":"Looter","floor":11.0,"turns":2.0},{"damage":6.0,"enemies":"Gremlin Nob","floor":12.0,"turns":3.0},{"damage":35.0,"enemies":"Hexaghost","floor":16.0,"turns":9.0},{"damage":17,"enemies":"Spheric Guardian","floor":18,"turns":4},{"damage":27,"enemies":"Shell Parasite","floor":20,"turns":7},{"damage":14,"enemies":"Shelled Parasite and Fungi","floor":22,"turns":4},{"damage":51,"enemies":"3 Cultists","floor":24,"turns":7},{"damage":38,"enemies":"Slavers","floor":25,"turns":3}],"seed_played":"3473231488294134477","potions_obtained":[{"floor":3.0,"key":"SteroidPotion"},{"floor":5.0,"key":"Dexterity Potion"},{"floor":6.0,"key":"Weak Potion"},{"floor":8.0,"key":"Ancient Potion"},{"floor":11.0,"key":"SteroidPotion"},{"floor":12.0,"key":"GamblersBrew"},{"floor":16.0,"key":"AttackPotion"},{"floor":18,"key":"SkillPotion"},{"floor":20,"key":"Ancient Potion"},{"floor":22,"key":"ColorlessPotion"},{"floor":24,"key":"PowerPotion"}],"is_trial":false,"path_per_floor":["M","M","M","M","M","E","R","?","T","R","M","E","R","?","R","B",null,"M","?","M","$","M","R","M","E"],"character_chosen":"DEFECT","items_purchased":[],"campfire_rested":2,"item_purchase_floors":[],"current_hp_per_floor":[74,74,73,59,54,39,39,37,37,37,36,30,67,72,72,37,80,63,63,36,51,37,76,25,0,0],"gold":367,"neow_bonus":"TRANSFORM_TWO_CARDS","is_daily":false,"chose_seed":false,"campfire_upgraded":3,"win_rate":0.0,"timestamp":1609913535,"path_taken":["M","M","M","M","M","E","R","?","T","R","M","E","R","?","R","BOSS","M","?","M","$","M","R","M","E"],"items_purchased_type":[],"build_version":"2020-12-22","purchased_purges":1,"victory":false,"max_hp_per_floor":[75,75,75,75,75,75,75,75,75,75,75,75,75,80,80,80,80,80,80,80,80,80,80,80,80,80],"card_choices":[{"not_picked":["Steam","Stack"],"picked":"Gash","floor":1.0},{"not_picked":["Double Energy","Melter"],"picked":"Beam Cell","floor":2.0},{"not_picked":["Skim","Conserve Battery"],"picked":"Beam Cell","floor":3.0},{"not_picked":["Ball Lightning","Sweeping Beam"],"picked":"White Noise","floor":4.0},{"not_picked":["Stack","Barrage"],"picked":"Go for the Eyes","floor":5.0},{"not_picked":["Thunder Strike","Stack"],"picked":"Streamline","floor":6.0},{"not_picked":["Chaos","Go for the Eyes"],"picked":"Genetic Algorithm","floor":8.0},{"not_picked":["Barrage","Doom and Gloom"],"picked":"Skim","floor":11.0},{"not_picked":["Blizzard","Chaos"],"picked":"Hologram","floor":12.0},{"not_picked":["Creative AI","Multi-Cast"],"picked":"Machine Learning","floor":16.0},{"not_picked":["Beam Cell","Compile Driver+1"],"picked":"Defragment+1","floor":18},{"not_picked":["Sweeping Beam+1","Coolheaded"],"picked":"Reinforced Body","floor":20},{"not_picked":["Seek","Reinforced Body"],"picked":"Reprogram+1","floor":22},{"not_picked":["Heatsinks","Beam Cell"],"picked":"Defragment","floor":24}],"player_experience":3200,"relics_obtained":[{"floor":6.0,"key":"Potion Belt"},{"floor":9.0,"key":"White Beast Statue"},{"floor":12.0,"key":"Regal Pillow"},{"floor":17,"key":"MealTicket"},{"floor":17,"key":"Shuriken"},{"floor":17,"key":"StoneCalendar"}],"event_choices":[{"damage_healed":0.0,"max_hp_gain":0.0,"max_hp_loss":0.0,"gold_gain":0.0,"event_name":"Dead Adventurer","player_choice":"Searched \u00272\u0027 times","floor":8.0,"gold_loss":0.0,"damage_taken":0.0,"relics_obtained":["Torii"]},{"damage_healed":0.0,"max_hp_gain":5.0,"max_hp_loss":0.0,"gold_gain":0.0,"event_name":"Big Fish","player_choice":"Donut","floor":14.0,"gold_loss":0.0,"damage_taken":0.0},{"damage_healed":0,"gold_gain":0,"cards_transformed":["Strike_B"],"player_choice":"Transformed","damage_taken":0,"max_hp_gain":0,"max_hp_loss":0,"event_name":"Transmorgrifier","floor":19,"gold_loss":0,"cards_obtained":["Buffer"]}],"is_beta":false,"boss_relics":[{"not_picked":["Coffee Dripper","Sozu"],"picked":"Calling Bell"}],"items_purged_floors":[21],"is_endless":false,"potions_floor_spawned":[3,5,6,8,11,12,16,18,20,22,24],"killed_by":"Slavers","ascension_level":0}}