{"host":"u0qetpmu4y58k1tf","time":1609938182,"event":{"mods":["AchievementEnabler","BaseMod","Colored Map","Colored Powertips","Hermit","Marisa£¨Ùöéë¡¡Øª×âÞÞ£©","Minty Spire (QoL Compilation)","Replay The Spire","StSLib","SuperFastMode","The Bug Knight","The Cursed","The Hierophant","The Runesmith"],"gold_per_floor":[110,35,48,123,123,166,166,204,204,204,227,227,245,264,264,264,264],"floor_reached":16,"playtime":609,"items_purged":["Decay"],"score":100,"play_id":"def3b37f-9f33-4ac5-ab53-f5d0950d29c6","local_time":"20210106220302","is_ascension_mode":false,"campfire_choices":[{"data":"Judgement","floor":7,"key":"SMITH"},{"floor":10,"key":"REST"},{"data":"Evaluate","floor":12,"key":"SMITH"},{"floor":15,"key":"REST"}],"circlet_count":0,"master_deck":["Strike_P","Strike_P","Strike_P","Strike_P","Defend_P","Defend_P","Defend_P","Defend_P","Eruption","Vigilance","Judgement+1","Prostrate","Pray","Evaluate+1","Pray"],"relics":["PureWater","Golden Idol","Replay:PocketPolymizer","Odd Mushroom"],"acts_visited":["Exordium"],"potions_floor_usage":[6,16],"damage_taken":[{"damage":0,"enemies":"2 Louse","floor":1,"turns":1},{"damage":1,"enemies":"Jaw Worm","floor":3,"turns":3},{"damage":9,"enemies":"3 Sentries","floor":6,"turns":4},{"damage":19,"enemies":"The Mushroom Lair","floor":8,"turns":3},{"damage":0,"enemies":"Cultist","floor":11,"turns":2},{"damage":12,"enemies":"Lots of Slimes","floor":13,"turns":5},{"damage":0,"enemies":"Exordium Wildlife","floor":14,"turns":4},{"damage":60,"enemies":"Hexaghost","floor":16,"turns":14}],"seed_played":"3610911979326227606","potions_obtained":[{"floor":1,"key":"AttackPotion"},{"floor":6,"key":"BlessingOfTheForge"},{"floor":8,"key":"Elixir"},{"floor":11,"key":"Fire Potion"}],"is_trial":false,"path_per_floor":["M","$","M","?","?","E","R","?","T","R","M","R","M","M","R","B"],"character_chosen":"WATCHER","items_purchased":[],"campfire_rested":2,"item_purchase_floors":[],"current_hp_per_floor":[72,72,71,60,42,33,33,14,14,35,35,35,23,23,44,0,0],"gold":264,"neow_bonus":"THREE_RARE_CARDS","is_daily":false,"chose_seed":false,"campfire_upgraded":2,"win_rate":0.0,"timestamp":1609938182,"path_taken":["M","$","M","?","?","E","R","?","T","R","?","R","M","M","R","BOSS"],"items_purchased_type":[],"build_version":"2020-12-22","purchased_purges":1,"victory":false,"max_hp_per_floor":[72,72,72,72,72,72,72,72,72,72,72,72,72,72,72,72,72],"card_choices":[{"not_picked":["Omniscience","DevaForm"],"picked":"Judgement","floor":0},{"not_picked":["Nirvana","Collect","Replay:ManipulateFuture"],"picked":"SKIP","floor":1},{"not_picked":["WheelKick","EmptyFist"],"picked":"Prostrate","floor":3},{"not_picked":["FlurryOfBlows","Blasphemy","ReachHeaven"],"picked":"SKIP","floor":6},{"not_picked":["FlurryOfBlows","Replay:ManipulateFuture"],"picked":"Pray","floor":8},{"not_picked":["Protect","PathToVictory"],"picked":"Evaluate","floor":11},{"not_picked":["FlurryOfBlows","SignatureMove"],"picked":"Pray","floor":13},{"not_picked":["Consecrate","Replay:ManipulateFuture","SignatureMove"],"picked":"SKIP","floor":14}],"player_experience":20833,"relics_obtained":[{"floor":6,"key":"Replay:PocketPolymizer"},{"floor":8,"key":"Odd Mushroom"}],"event_choices":[{"damage_healed":0,"gold_gain":75,"player_choice":"Gather Gold","damage_taken":11,"max_hp_gain":0,"max_hp_loss":0,"event_name":"World of Goop","floor":4,"gold_loss":0},{"damage_healed":0,"gold_gain":0,"player_choice":"Take Damage","damage_taken":18,"relics_obtained":["Golden Idol"],"max_hp_gain":0,"max_hp_loss":0,"event_name":"Golden Idol","floor":5,"gold_loss":0},{"damage_healed":0,"gold_gain":0,"player_choice":"Fought Mushrooms","damage_taken":0,"max_hp_gain":0,"max_hp_loss":0,"event_name":"Mushrooms","floor":8,"gold_loss":0}],"is_beta":false,"boss_relics":[],"items_purged_floors":[2],"is_endless":false,"potions_floor_spawned":[1,6,8,11],"killed_by":"Hexaghost","ascension_level":0}}