{"host":"i1h39d0gfh5c6uxl","time":1609957981,"event":{"mods":["AchievementEnabler","BaseMod","Colored Map","Colored Powertips","Highlight Path","Minty Spire (QoL Compilation)"],"gold_per_floor":[119,44,57,57,57,91,91,124,124,185,235,235,256,274,274,370,370,388,388,438,456,489,489,489],"floor_reached":23,"playtime":752,"items_purged":[],"score":406,"play_id":"6475ef97-ccbf-4b45-863f-96ebeaec5607","local_time":"20210107023301","is_ascension_mode":true,"campfire_choices":[{"data":"Metamorphosis","floor":7,"key":"SMITH"},{"floor":12,"key":"REST"},{"floor":15,"key":"REST"}],"circlet_count":0,"master_deck":["AscendersBane","Strike_R","Strike_R","Strike_R","Strike_R","Defend_R","Defend_R","Defend_R","Defend_R","Bash","Metamorphosis+1","Cleave","Twin Strike","True Grit","Injury","Shrug It Off","Double Tap","CurseOfTheBell","Disarm"],"relics":["Burning Blood","SsserpentHead","StrikeDummy","MealTicket","Potion Belt","Golden Idol","Calling Bell","CeramicFish","Meat on the Bone","StoneCalendar","MutagenicStrength"],"acts_visited":["Exordium","TheCity"],"potions_floor_usage":[6,8,16,19,22],"damage_taken":[{"damage":14,"enemies":"2 Louse","floor":1,"turns":3},{"damage":7,"enemies":"Jaw Worm","floor":3,"turns":3},{"damage":11,"enemies":"Gremlin Nob","floor":6,"turns":3},{"damage":22,"enemies":"3 Sentries","floor":8,"turns":6},{"damage":6,"enemies":"Cultist","floor":10,"turns":3},{"damage":1,"enemies":"2 Fungi Beasts","floor":13,"turns":2},{"damage":26,"enemies":"3 Louse","floor":14,"turns":3},{"damage":34,"enemies":"The Guardian","floor":16,"turns":7},{"damage":27,"enemies":"2 Thieves","floor":18,"turns":5},{"damage":0,"enemies":"Spheric Guardian","floor":19,"turns":2},{"damage":9,"enemies":"Centurion and Healer","floor":21,"turns":6},{"damage":31,"enemies":"Snecko","floor":22,"turns":5},{"damage":41,"enemies":"Gremlin Leader","floor":23,"turns":3}],"seed_played":"-7748611916886723666","potions_obtained":[{"floor":1,"key":"Strength Potion"},{"floor":6,"key":"Dexterity Potion"},{"floor":8,"key":"Ancient Potion"},{"floor":13,"key":"SteroidPotion"},{"floor":18,"key":"SmokeBomb"},{"floor":21,"key":"SpeedPotion"}],"is_trial":false,"path_per_floor":["M","?","M","?","?","E","R","E","T","M","?","R","M","M","R","B",null,"M","M","?","M","M","E"],"character_chosen":"IRONCLAD","items_purchased":[],"campfire_rested":2,"item_purchase_floors":[],"current_hp_per_floor":[60,60,59,59,59,54,54,38,38,38,38,58,63,43,63,35,60,51,57,57,54,41,0,0],"gold":489,"neow_bonus":"RANDOM_COLORLESS_2","is_daily":false,"chose_seed":false,"campfire_upgraded":1,"win_rate":0.0,"timestamp":1609957981,"path_taken":["M","?","M","?","?","E","R","E","T","?","?","R","M","M","R","BOSS","M","M","?","M","M","E"],"items_purchased_type":[],"build_version":"2020-12-22","purchased_purges":0,"victory":false,"max_hp_per_floor":[68,68,68,68,68,68,68,68,68,68,68,68,68,68,68,68,68,68,68,68,68,68,68,68],"card_choices":[{"not_picked":["Chrysalis","Panache"],"picked":"Metamorphosis","floor":0},{"not_picked":["Disarm","Clothesline"],"picked":"Cleave","floor":1},{"not_picked":["Flex","Searing Blow","Cleave"],"picked":"SKIP","floor":3},{"not_picked":["Pummel","Battle Trance"],"picked":"Twin Strike","floor":6},{"not_picked":["Thunderclap","Heavy Blade","Cleave"],"picked":"SKIP","floor":8},{"not_picked":["Havoc","Cleave"],"picked":"True Grit","floor":10},{"not_picked":["Heavy Blade","Bloodletting"],"picked":"Shrug It Off","floor":13},{"not_picked":["Hemokinesis","Cleave","Intimidate"],"picked":"SKIP","floor":14},{"not_picked":["Impervious","Bludgeon"],"picked":"Double Tap","floor":16},{"not_picked":["Intimidate+1","Second Wind","Evolve"],"picked":"SKIP","floor":18},{"not_picked":["Iron Wave+1","Heavy Blade","Body Slam"],"picked":"SKIP","floor":21},{"not_picked":["Pummel","Clash"],"picked":"Disarm","floor":22}],"player_experience":1320564,"relics_obtained":[{"floor":6,"key":"StrikeDummy"},{"floor":8,"key":"MealTicket"},{"floor":9,"key":"Potion Belt"},{"floor":17,"key":"CeramicFish"},{"floor":17,"key":"Meat on the Bone"},{"floor":17,"key":"StoneCalendar"}],"event_choices":[{"cards_removed":["Strike_R"],"damage_healed":0,"gold_gain":0,"player_choice":"Card Removal","damage_taken":0,"max_hp_gain":0,"max_hp_loss":0,"event_name":"The Cleric","floor":2,"gold_loss":75},{"damage_healed":0,"gold_gain":0,"player_choice":"Ignored","damage_taken":0,"max_hp_gain":0,"max_hp_loss":0,"event_name":"Liars Game","floor":4,"gold_loss":0},{"damage_healed":0,"gold_gain":0,"player_choice":"Trade","damage_taken":0,"relics_obtained":["SsserpentHead"],"max_hp_gain":0,"max_hp_loss":0,"event_name":"FaceTrader","floor":5,"gold_loss":0},{"damage_healed":0,"gold_gain":0,"player_choice":"Take Wound","damage_taken":0,"relics_obtained":["Golden Idol"],"max_hp_gain":0,"max_hp_loss":0,"event_name":"Golden Idol","floor":11,"gold_loss":0,"cards_obtained":["Injury"]},{"damage_healed":0,"gold_gain":0,"player_choice":"Inject Mutagens","damage_taken":0,"relics_obtained":["MutagenicStrength"],"max_hp_gain":0,"max_hp_loss":0,"event_name":"Drug Dealer","floor":20,"gold_loss":0}],"is_beta":false,"boss_relics":[{"not_picked":["Tiny House","Runic Cube"],"picked":"Calling Bell"}],"items_purged_floors":[],"is_endless":false,"potions_floor_spawned":[1,6,8,13,18,21],"killed_by":"Gremlin Leader","ascension_level":20}}