{"host":"on8kfoejf6vp3cg3","time":1609955518,"event":{"mods":["AchievementEnabler","BaseMod","Better Match","Better Third Choice","Block Reminder","Colored Map","Colored Powertips","Disable Question Mark Monsters","Googly Eyes","Hermit","Highlight Path","Minty Spire (QoL Compilation)","Permanent Neow","Rare Cards Sparkle","Replay The Spire","StSLib","The Blackbeard","The Bladedancer","The Cursed"],"gold_per_floor":[110,110,123,134,150,182,214,243,243,161,161,82,92,109,109,207,207,218,75,89,106,205,205,232,257,257,257,270,196,145,163,163,264,264,281,301,333,362,374,386,398,398],"floor_reached":41,"playtime":2741,"items_purged":["Sneak Up"],"score":681,"play_id":"5dd81594-4378-4d8b-87aa-153f63b7f686","local_time":"20210106125158","daily_mods":["Insanity","Vintage","Heirloom","Time Dilation","Flight"],"is_ascension_mode":true,"campfire_choices":[{"floor":11,"key":"REST"},{"floor":15,"key":"REST"},{"floor":23,"key":"REST"},{"floor":27,"key":"REST"},{"floor":32,"key":"REST"},{"floor":40,"key":"REST"}],"circlet_count":0,"master_deck":["PiercingWail","Hidden Blade","Heel Hook","PiercingWail","Skewer","Flying Knee","Prepared","Flying Knee","Prepared","ReplayTheSpireMod:Exploit Weakness","ReplayTheSpireMod:Scrap Shanks","Backflip","Deadly Poison","Noxious Fumes","Dagger Spray","Deflect","Sucker Punch","Eviscerate","Quick Slash","Dagger Spray","Catalyst","Cloak And Dagger","Setup","Poisoned Stab","Blade Dance","Sucker Punch","Flying Knee","PiercingWail","Dodge and Roll","Prepared","Deadly Poison","Dodge and Roll","Underhanded Strike","Deadly Poison","Terror","Backstab","Acrobatics","Escape Plan","Skewer","Cloak And Dagger","Deflect","Infinite Blades","Hidden Blade","Poisoned Stab","ReplayTheSpireMod:Scrap Shanks","Replay:Poison Smokescreen","Skewer","Prepared","Tactician","Toxin Wave+1","Replay:Poison Smokescreen+1","Deflect+1","Backstab","After Image","Accuracy","Blade Dance+1","Caltrops","Accuracy+1","Envenom"],"relics":["Ring of the Snake","Vampiric Spirits","Letter Opener","Toxic Egg 2","Replay:WaspNest","Nunchaku","PreservedInsect","Kunai","Replay:Wax Seal","Matryoshka","Paper Crane","SacredBark","Juzu Bracelet","Ginger","Pantograph","Molten Egg 2","Oddly Smooth Stone","Replay:Baseball","Incense Burner","HornCleat","Lantern","Runic Pyramid","Bottled Lightning","MawBank","Ice Cream"],"acts_visited":["Exordium","TheCity","TheBeyond"],"potions_floor_usage":[16,16,16,33,33,33],"damage_taken":[{"damage":0,"enemies":"2 Louse","floor":1,"turns":2},{"damage":0,"enemies":"Jaw Worm","floor":3,"turns":1},{"damage":0,"enemies":"Cultist","floor":4,"turns":2},{"damage":4,"enemies":"3 Louse","floor":5,"turns":2},{"damage":6,"enemies":"Replay:BlueRogue","floor":6,"turns":3},{"damage":18,"enemies":"3 Sentries","floor":7,"turns":4},{"damage":22,"enemies":"Gremlin Nob","floor":8,"turns":4},{"damage":5,"enemies":"Large Slime","floor":13,"turns":4},{"damage":0,"enemies":"Looter","floor":14,"turns":1},{"damage":26,"enemies":"Hexaghost","floor":16,"turns":5},{"damage":39,"enemies":"2 Thieves","floor":18,"turns":3},{"damage":2,"enemies":"Chosen","floor":20,"turns":4},{"damage":23,"enemies":"Centurion and Healer","floor":21,"turns":3},{"damage":8,"enemies":"Slavers","floor":24,"turns":3},{"damage":16,"enemies":"Book of Stabbing","floor":25,"turns":3},{"damage":21,"enemies":"3 Cultists","floor":28,"turns":6},{"damage":38,"enemies":"Shelled Parasite and Fungi","floor":31,"turns":4},{"damage":0,"enemies":"Collector","floor":33,"turns":4},{"damage":0,"enemies":"3 Shapes","floor":35,"turns":4},{"damage":5,"enemies":"Orb Walker","floor":36,"turns":2},{"damage":23,"enemies":"Jaw Worm Horde","floor":37,"turns":3},{"damage":32,"enemies":"Sphere and 2 Shapes","floor":38,"turns":7},{"damage":63,"enemies":"Writhing Mass","floor":41,"turns":3}],"seed_played":"-1851316844350983833","potions_obtained":[{"floor":6,"key":"Languid Potion"},{"floor":8,"key":"Toxic Potion"},{"floor":13,"key":"Block Potion"},{"floor":14,"key":"DuplicationPotion"},{"floor":18,"key":"Energy Potion"},{"floor":21,"key":"Strength Potion"},{"floor":25,"key":"Reflective Coating"},{"floor":36,"key":"Poison Potion"},{"floor":37,"key":"Swift Potion"}],"is_trial":true,"path_per_floor":["M","$","M","M","M","E","E","E","T","$","R","$","M","M","R","B",null,"M","$","M","M","?","R","E","E","T","R","M","$","$","M","R","B",null,"M","M","M","M","$","R","M"],"character_chosen":"THE_SILENT","items_purchased":["Replay:Wax Seal","Backstab","Accuracy","Caltrops","Accuracy+1"],"campfire_rested":6,"item_purchase_floors":[10,12,19,29,30],"current_hp_per_floor":[70,70,70,70,66,64,48,30,30,30,51,51,52,63,70,44,70,31,31,36,25,25,46,50,46,46,67,49,49,49,14,35,70,70,70,65,47,20,20,41,0,0],"gold":398,"neow_bonus":"","is_daily":false,"chose_seed":false,"campfire_upgraded":0,"win_rate":0.0,"timestamp":1609955518,"path_taken":["M","$","M","M","M","E","E","E","T","$","R","$","M","M","R","BOSS","M","$","M","M","?","R","E","E","T","R","M","$","$","M","R","BOSS","M","M","M","M","$","R","M"],"items_purchased_type":["Relic","Card","Card","Card","Card"],"build_version":"2020-12-22","purchased_purges":1,"victory":false,"max_hp_per_floor":[70,70,70,70,70,70,70,70,70,70,70,70,70,70,70,70,70,70,70,70,70,70,70,70,70,70,70,70,70,70,70,70,70,70,70,70,70,70,70,70,70,70],"card_choices":[{"not_picked":["ReplayTheSpireMod:The Works+1","Cloak And Dagger+1"],"picked":"Toxin Wave+1","floor":6},{"not_picked":["Footwork","Expertise+1"],"picked":"Replay:Poison Smokescreen+1","floor":7},{"not_picked":["Flying Knee","Dodge and Roll+1"],"picked":"Deflect+1","floor":8},{"not_picked":["Phantasmal Killer+1","Glass Knife"],"picked":"After Image","floor":16},{"not_picked":["Well Laid Plans+1","ReplayTheSpireMod:Speed Training+1","Tactician+1"],"picked":"SKIP","floor":24},{"not_picked":["Flying Knee+1","PiercingWail+1"],"picked":"Blade Dance+1","floor":25},{"not_picked":["Night Terror+1","After Image"],"picked":"Envenom","floor":33}],"player_experience":414484,"relics_obtained":[{"floor":3,"key":"Letter Opener"},{"floor":4,"key":"Toxic Egg 2"},{"floor":5,"key":"Replay:WaspNest"},{"floor":7,"key":"Nunchaku"},{"floor":8,"key":"PreservedInsect"},{"floor":9,"key":"Kunai"},{"floor":13,"key":"Matryoshka"},{"floor":14,"key":"Paper Crane"},{"floor":18,"key":"Juzu Bracelet"},{"floor":20,"key":"Ginger"},{"floor":21,"key":"Pantograph"},{"floor":24,"key":"Molten Egg 2"},{"floor":25,"key":"Oddly Smooth Stone"},{"floor":26,"key":"Replay:Baseball"},{"floor":26,"key":"Incense Burner"},{"floor":28,"key":"HornCleat"},{"floor":31,"key":"Lantern"},{"floor":35,"key":"Bottled Lightning"},{"floor":36,"key":"MawBank"},{"floor":37,"key":"Ice Cream"}],"event_choices":[{"damage_healed":0,"gold_gain":99,"player_choice":"Steal","damage_taken":0,"max_hp_gain":0,"max_hp_loss":0,"event_name":"betterThird:BetterNest","floor":22,"gold_loss":0}],"is_beta":false,"boss_relics":[{"not_picked":["Abe\u0027s Treasure","Runic Dome"],"picked":"SacredBark"},{"not_picked":["Cursed Key","Replay:Drink Me"],"picked":"Runic Pyramid"}],"items_purged_floors":[19],"is_endless":false,"potions_floor_spawned":[6,8,13,14,18,21,25,31,36,37],"killed_by":"Writhing Mass","ascension_level":2}}