{"host":"2gugywxuw0nvjb3h","time":1609950394,"event":{"mods":["AchievementEnabler","BaseMod","Better Altar","Better Match","Better Note","Better Sensory Stone","Better Skull","Better Third Choice","BetterRewards","Colored Map","Colored Powertips","Curses Come First","Evolution","GifTheSpireLib","Hermit","Key Reminder","Marisa????????","Minty Spire (QoL Compilation)","Rare Cards Sparkle","Relic Sorter","Replay The Spire","Shade Mod","Spicy Shops","StSLib","The Cursed","The Disciple","The Marked","The Senshi","The Servant 0.9.4"],"gold_per_floor":[118,128,139,156,81,108,128,154,154,171,171,171,171,184,184,280,280,294,294,310,326,136,136,161,177,228,263,279,279,499,511,511,612,612,624,624,899,909,80,114,124,157,157,105,83,110,147,0,0,0],"floor_reached":51,"playtime":4435,"items_purged":["Normality","Regret","Parasite"],"score":1346,"play_id":"a0954897-10cd-4521-9a87-35699ea64679","local_time":"20210106092634","is_ascension_mode":true,"campfire_choices":[{"data":"Shade:Bonestorm","floor":11,"key":"SMITH"},{"data":"Shade:Carnophage","floor":13,"key":"SMITH"},{"data":"Shade:SensePrey","floor":15,"key":"SMITH"},{"data":"Shade:GreaterAnimation","floor":23,"key":"SMITH"},{"data":"Shade:LichForm","floor":29,"key":"SMITH"},{"floor":32,"key":"REST"},{"data":"Panache","floor":49,"key":"SMITH"}],"circlet_count":0,"master_deck":["Shade:Strike_Shade","Shade:Strike_Shade","Shade:Strike_Shade","Shade:Strike_Shade","Shade:Defend_Shade","Shade:Defend_Shade","Shade:Defend_Shade","Shade:Defend_Shade","Shade:AnimateDead+1","Shade:CarefulCut+1","Shade:TouchOfTheGrave+1","Shade:FeralStrike","Shade:ExtraLimbs","Shade:FingerOfDeath","Shade:RitualOffering","Shade:FleshToFlesh+1","Shade:FleshToFlesh+1","Shade:Bonestorm+1","Shade:FleshToFlesh+1","Shade:Carnophage+1","Shade:Bite_Shade","Shade:LoseControl","Shade:Brains","Shade:SensePrey+1","Shade:ClawBack","Shade:Trample","Shade:GreaterAnimation+1","Shade:Premonition+1","Shade:Frenzy","Shade:WallOfFlesh","Shade:CommandSoldier+1","Shade:CommandSoldier","Shade:Bonestorm+1","Shade:Carnophage","Shade:LichForm+1","Shade:Bonestorm","Shade:CoffinDance","Shade:GreaterAnimation","Shade:Premonition+1","Shade:AuraOfUnlife+1","Shade:TouchOfTheGrave","Shade:Brains+1","Shade:WallOfFlesh+1","Shade:FuneraryArmor+1","Panache+1","Pot Of Greed+1","Pot Of Greed+1","Pot Of Greed+1","Pot Of Greed+1","Shade:OpenGraves","Dramatic Entrance","Apotheosis+1","Pot Of Greed+1","Shade:SensePrey+1"],"relics":["Shade:YorickSkull","Grinning Jar","Nunchaku","Replay:Wax Seal","EVO:Axolotl","Lizard Tail","Orrery","Bag of Preparation","DollysMirror","CaptainsWheel","Ginger","Divine Protection","Bottled Flame","Sozu","Thread and Needle","Replay:Ringing Soul","Vajra","ReplayTheSpireMod:Lightbulb","Gremlin Food","Boot","Philosopher\u0027s Stone","Ring of Panic","Ring of Fury","Blue Doll","Mummified Hand","Anchor","Toxic Egg 2","Simple Rune","CeramicFish","BargainBundle","Strawberry","Replay:Baseball","Frozen Eye","War Paint","Red Mask","BranchBurnRelic"],"acts_visited":["Exordium","TheCity","TheBeyond"],"potions_floor_usage":[6,40],"damage_taken":[{"damage":0,"enemies":"2 Louse","floor":1,"turns":3},{"damage":0,"enemies":"Jaw Worm","floor":2,"turns":2},{"damage":0,"enemies":"Small Slimes","floor":3,"turns":3},{"damage":0,"enemies":"2 Fungi Beasts","floor":4,"turns":3},{"damage":0,"enemies":"Gremlin Nob","floor":6,"turns":4},{"damage":0,"enemies":"Large Slime","floor":7,"turns":4},{"damage":0,"enemies":"3 Sentries","floor":8,"turns":4},{"damage":0,"enemies":"Looter","floor":10,"turns":2},{"damage":0,"enemies":"Gremlin Gang","floor":14,"turns":2},{"damage":4,"enemies":"The Guardian","floor":16,"turns":10},{"damage":0,"enemies":"Spheric Guardian","floor":18,"turns":2},{"damage":0,"enemies":"2 Thieves","floor":20,"turns":3},{"damage":0,"enemies":"Cultist and Chosen","floor":21,"turns":4},{"damage":0,"enemies":"Slavers","floor":24,"turns":3},{"damage":0,"enemies":"Snecko","floor":25,"turns":3},{"damage":0,"enemies":"Replay:Snechameleon","floor":27,"turns":6},{"damage":0,"enemies":"Centurion and Healer","floor":28,"turns":6},{"damage":0,"enemies":"Chosen and Byrds","floor":31,"turns":4},{"damage":0,"enemies":"Pondfish","floor":33,"turns":8},{"damage":0,"enemies":"Orb Walker","floor":35,"turns":2},{"damage":4,"enemies":"3 Darklings","floor":38,"turns":4},{"damage":0,"enemies":"Nemesis","floor":40,"turns":5},{"damage":0,"enemies":"4 Shapes","floor":41,"turns":3},{"damage":0,"enemies":"R_Hoarder","floor":42,"turns":4},{"damage":0,"enemies":"Reptomancer","floor":45,"turns":5},{"damage":0,"enemies":"Giant Head","floor":47,"turns":6},{"damage":0,"enemies":"Replay:Hell Engine","floor":50,"turns":7}],"seed_played":"-4327182616540482706","potions_obtained":[{"floor":3,"key":"Toxic Potion"},{"floor":4,"key":"DistilledChaos"},{"floor":8,"key":"FearPotion"},{"floor":10,"key":"ColorlessPotion"}],"is_trial":false,"path_per_floor":["M","M","M","M","$","E","M","E","T","M","R","?","R","M","R","B",null,"M","?","M","M","$","R","E","M","T","E","M","R","?","M","R","B",null,"M","?","?","M","$","E","M","E","T","$","E","?","E","?","R","B",null],"character_chosen":"SHADE","items_purchased":["Lizard Tail","Shade:TouchOfTheGrave+1","Orrery","Shade:FleshToFlesh+1","Bag of Preparation","DollysMirror","Ginger","Shade:CommandSoldier","Nunchaku","Blue Doll","Mummified Hand","Shade:TouchOfTheGrave","Anchor","BargainBundle","Strawberry","Replay:Baseball","Frozen Eye","War Paint","Panache"],"campfire_rested":1,"item_purchase_floors":[0,0,0,0,0,0,5,22,22,39,39,39,39,44,44,44,44,44,44],"current_hp_per_floor":[65,65,65,65,65,65,65,65,65,65,65,52,52,52,52,52,65,65,65,65,65,65,65,68,71,71,74,77,77,25,28,52,55,83,86,89,92,91,94,99,102,107,107,114,117,120,123,123,123,123],"gold":0,"neow_bonus":"","is_daily":false,"chose_seed":false,"campfire_upgraded":6,"win_rate":0.0,"timestamp":1609950394,"path_taken":["M","M","M","M","$","E","M","E","T","M","R","?","R","M","R","BOSS","M","?","M","M","$","R","E","M","T","E","M","R","?","M","R","BOSS","M","?","?","M","$","E","?","E","T","$","E","?","E","?","R","BOSS"],"items_purchased_type":["Relic","Card","Relic","Card","Relic","Relic","Relic","Card","Relic","Relic","Relic","Card","Relic","Relic","Relic","Relic","Relic","Relic","Card"],"build_version":"2020-12-22","purchased_purges":3,"victory":true,"max_hp_per_floor":[65,65,65,65,65,65,65,65,65,65,65,65,65,65,65,65,65,65,65,65,65,65,65,68,71,71,74,77,77,77,80,80,83,83,86,89,92,95,98,101,104,107,107,114,117,120,123,123,123,123],"card_choices":[{"not_picked":["Shade:RavenousHorde","Shade:CallOfTheGrave"],"picked":"Shade:FeralStrike","floor":0},{"not_picked":["Shade:GraveStillness","Shade:Patience"],"picked":"Shade:FeralStrike","floor":0},{"not_picked":["Shade:SpectralStrikes","Shade:AblativeArmor"],"picked":"Shade:ExtraLimbs","floor":0},{"not_picked":["Shade:OminousRitual","Shade:CoffinDance"],"picked":"Shade:FingerOfDeath","floor":0},{"not_picked":["Shade:Haruspicy","Shade:PotionOfRestlessness"],"picked":"Shade:RitualOffering","floor":0},{"not_picked":["Shade:CommandSoldier","Shade:ExtraLimbs"],"picked":"Shade:Bonestorm","floor":1},{"not_picked":["Shade:GraveStillness","Shade:FingerOfDeath"],"picked":"Shade:FleshToFlesh","floor":2},{"not_picked":["Shade:WallOfFlesh","Shade:Bonestorm"],"picked":"Shade:Carnophage","floor":3},{"not_picked":["Shade:TouchOfTheGrave","Shade:FleshOffering"],"picked":"Shade:Bite_Shade","floor":4},{"not_picked":["Shade:FingerOfDeath","Shade:PotionOfRestlessness"],"picked":"Shade:LoseControl","floor":6},{"not_picked":["Shade:FuneraryArmor","Shade:Frenzy"],"picked":"Shade:Brains","floor":7},{"not_picked":["Shade:Haruspicy","Shade:SpontaneousRitual"],"picked":"Shade:SensePrey","floor":8},{"not_picked":["Shade:FeralStrike","Shade:FreshBones"],"picked":"Shade:ClawBack","floor":10},{"not_picked":["Shade:ExtraLimbs","Shade:SpontaneousRitual"],"picked":"Shade:Trample","floor":14},{"not_picked":["Shade:DarkOfNight","Shade:UnbarTheGrave"],"picked":"Shade:GreaterAnimation","floor":16},{"not_picked":["Shade:SpontaneousRitual","Shade:Asphyxiate"],"picked":"Shade:Premonition","floor":18},{"not_picked":["Shade:FleshToFlesh","Shade:FuneraryArmor"],"picked":"Shade:Frenzy","floor":20},{"not_picked":["Shade:BoneShards","Shade:ClawBack"],"picked":"Shade:WallOfFlesh","floor":21},{"not_picked":["Shade:Frenzy","Shade:SelfBurial"],"picked":"Shade:Bonestorm+1","floor":24},{"not_picked":["Shade:RavenousHorde","Shade:SkeletonHug+1"],"picked":"Shade:Carnophage","floor":25},{"not_picked":["Shade:SensePrey","Shade:CoffinDance+1"],"picked":"Shade:LichForm","floor":27},{"not_picked":["Shade:Trample","Shade:CommandSoldier"],"picked":"Shade:Bonestorm","floor":28},{"not_picked":["Shade:PoundOfFlesh","Shade:Doomsay"],"picked":"Shade:CoffinDance","floor":31},{"not_picked":["Shade:OminousRitual","Shade:OneIsEnough"],"picked":"Shade:GreaterAnimation","floor":33},{"not_picked":["Shade:FeralStrike","Shade:FingerOfDeath+1"],"picked":"Shade:Premonition+1","floor":35},{"not_picked":["Shade:Tombstone","Shade:GreyBargain+1"],"picked":"Shade:AuraOfUnlife+1","floor":38},{"not_picked":["Shade:AuraOfUnlife","Shade:Premonition+1"],"picked":"Shade:Brains+1","floor":40},{"not_picked":["Shade:RitualOffering+1","Shade:BoneShards+1"],"picked":"Shade:WallOfFlesh+1","floor":41},{"not_picked":["Shade:Trample","Shade:CommandSoldier+1"],"picked":"Shade:FuneraryArmor+1","floor":42},{"not_picked":["Shade:Asphyxiate","Shade:TouchOfTheGrave"],"picked":"Shade:OpenGraves","floor":45},{"not_picked":["ReplayTheSpireMod:Private Reserves+1","Replay:Sssssssssshield+1"],"picked":"Dramatic Entrance","floor":46},{"not_picked":["Jack Of All Trades+1","Chrysalis+1"],"picked":"Apotheosis+1","floor":46},{"not_picked":["Shade:ClawBack+1","Shade:CommandSoldier+1"],"picked":"Shade:SensePrey+1","floor":47}],"player_experience":273209,"relics_obtained":[{"floor":6,"key":"Divine Protection"},{"floor":8,"key":"Replay:Wax Seal"},{"floor":9,"key":"Bottled Flame"},{"floor":24,"key":"Replay:Ringing Soul"},{"floor":26,"key":"Vajra"},{"floor":27,"key":"ReplayTheSpireMod:Lightbulb"},{"floor":36,"key":"Ring of Panic"},{"floor":36,"key":"Ring of Fury"},{"floor":40,"key":"Toxic Egg 2"},{"floor":42,"key":"Simple Rune"},{"floor":43,"key":"CeramicFish"},{"floor":45,"key":"Grinning Jar"},{"floor":47,"key":"Dead Branch"}],"event_choices":[{"damage_healed":65,"gold_gain":0,"player_choice":"Upgrade","damage_taken":13,"max_hp_gain":0,"max_hp_loss":65,"event_name":"betterThird:BetterShining","floor":12,"gold_loss":0,"cards_upgraded":["Shade:FleshToFlesh","Shade:CarefulCut"]},{"cards_removed":["Shade:FeralStrike"],"damage_healed":0,"gold_gain":0,"player_choice":"Gave Card","damage_taken":0,"relics_obtained":["Thread and Needle"],"max_hp_gain":0,"max_hp_loss":0,"event_name":"WeMeetAgain","floor":19,"gold_loss":0},{"damage_healed":0,"gold_gain":220,"player_choice":"RE RE GO GO ","damage_taken":58,"relics_obtained":["Gremlin Food","Boot"],"max_hp_gain":0,"max_hp_loss":0,"event_name":"betterSkull:BetterSkull","floor":30,"gold_loss":0,"cards_upgraded":[]},{"damage_healed":0,"gold_gain":275,"player_choice":"Desecrate","damage_taken":0,"max_hp_gain":0,"max_hp_loss":0,"event_name":"Golden Shrine","floor":37,"gold_loss":0,"cards_obtained":["Regret"]},{"damage_healed":0,"gold_gain":3,"player_choice":"1","damage_taken":0,"max_hp_gain":0,"max_hp_loss":0,"event_name":"betterStone:BetterStone","floor":46,"gold_loss":0},{"damage_healed":0,"gold_gain":0,"player_choice":"Paid","damage_taken":0,"relics_obtained":["Red Mask"],"max_hp_gain":0,"max_hp_loss":0,"event_name":"Tomb of Lord Red Mask","floor":48,"gold_loss":147}],"is_beta":false,"boss_relics":[{"not_picked":["Empty Cage","Replay:Grab Bag"],"picked":"Sozu"},{"not_picked":["Runic Dome","Ring of Chaos"],"picked":"Philosopher\u0027s Stone"}],"items_purged_floors":[39,39,44],"is_endless":false,"potions_floor_spawned":[3,4,8,10,16,18,27,31,38,41,42],"ascension_level":2}}