{"host":"tg03ipq50zwyd5lj","time":1609944867,"event":{"mods":["2.2 Compatiblity","Act Like it!","BaseMod","Better Third Choice","BetterRewards","Block Reminder","Conspire","Defuse TimeMaze Blight","Downfall","Ekko","Evolution","Gold Saver","Hubris","Kratos Character Expansion","Minty Spire (QoL Compilation)","Relic Stats","Replay The Spire","Robot Space Explorer","Shedinja","StSLib","The Alterego","The Construct","The Exalted","The Marked","TheSwordswoman","WarShipGirlsR/????R mod","vexMod"],"gold_per_floor":[706,725,739,206,223,223,223,238,238,238,84,84,102,118,118,218,218,230,77,90,135,170,170,200,244,269,337,108,108,143,183,183,243,243],"floor_reached":33,"playtime":906,"items_purged":[],"score":447,"play_id":"43055156-65e9-48b0-a734-c70a2e693bdd","local_time":"20210107005427","daily_mods":["Vintage","Heirloom","Time Dilation","Flight","downfall:Lament"],"is_ascension_mode":false,"campfire_choices":[{"data":"Zap","floor":6,"key":"SMITH"},{"data":"Aggregate","floor":7,"key":"SMITH"},{"data":"Replay:SS_hec_1","floor":10,"key":"SMITH"},{"data":"Capacitor","floor":12,"key":"SMITH"},{"data":"Dualcast","floor":15,"key":"SMITH"},{"data":"Creative AI","floor":23,"key":"SMITH"},{"data":"Static Discharge","floor":29,"key":"SMITH"},{"floor":32,"key":"REST"}],"circlet_count":0,"master_deck":["Strike_B","Strike_B","Strike_B","Strike_B+1","Defend_B+1","Defend_B+1","Defend_B","Defend_B+1","Zap+1","Dualcast+1","Capacitor+1","Replay:SS_hec_1+1","Aggregate+1","Creative AI+1","Static Discharge+1"],"relics":["Cracked Core","EVO:Axolotl","NeowsBlessing","vexMod:RetaliationKit","Centennial Puzzle","Juzu Bracelet","hubris:SphereOfDissonance","hubris:BallOfYels","champ:Barbells","Art of War","Strawberry","conspire:DeflatedDodgeball","Vajra","Bromod:ArcaneNullifier","FossilizedHelix","Inserter","Blue Candle","Guardian:PocketSentry","Replay:Bandana","PreservedInsect","Geode","Meat on the Bone","Blood Vial","ReplayTheSpireMod:TigerMarble","War Paint","sneckomod:BlankCard","Darkstone Periapt","Toxic Egg 2"],"acts_visited":["Exordium","TheCity"],"potions_floor_usage":[16,18,21,33,33],"damage_taken":[{"damage":0,"enemies":"Small Slimes","floor":1,"turns":1},{"damage":0,"enemies":"2 Louse","floor":2,"turns":1},{"damage":0,"enemies":"Jaw Worm","floor":3,"turns":1},{"damage":10,"enemies":"Large Slime","floor":5,"turns":4},{"damage":4,"enemies":"Gremlin Gang","floor":8,"turns":5},{"damage":9,"enemies":"Exordium Thugs","floor":13,"turns":5},{"damage":0,"enemies":"Blue Slaver","floor":14,"turns":2},{"damage":0,"enemies":"Slime Boss","floor":16,"turns":8},{"damage":17,"enemies":"Spheric Guardian","floor":18,"turns":7},{"damage":0,"enemies":"Chosen","floor":20,"turns":4},{"damage":24,"enemies":"Centurion and Healer","floor":21,"turns":5},{"damage":0,"enemies":"Snecko","floor":22,"turns":6},{"damage":12,"enemies":"Snake Plant","floor":24,"turns":4},{"damage":5,"enemies":"Chosen and Byrds","floor":25,"turns":4},{"damage":26,"enemies":"Centurion and Healer","floor":27,"turns":9},{"damage":14,"enemies":"Snake Plant","floor":30,"turns":3},{"damage":10,"enemies":"Chosen and Byrds","floor":31,"turns":5},{"damage":60,"enemies":"Automaton","floor":33,"turns":8}],"seed_played":"6935531069218017037","potions_obtained":[{"floor":5,"key":"champ:CounterPotion"},{"floor":13,"key":"Block Potion"},{"floor":16,"key":"AttackPotion"},{"floor":20,"key":"Venom Potion"},{"floor":24,"key":"Strength Potion"},{"floor":31,"key":"Explosive Potion"}],"is_trial":true,"path_per_floor":["M","M","M","$","M","R","R","M","T","R","$","R","M","M","R","B",null,"M","$","M","M","M","R","M","M","T","M","$","R","M","M","R","B"],"character_chosen":"DEFECT","items_purchased":["hubris:BallOfYels","champ:Barbells","Capacitor","Replay:SS_hec_1","Aggregate","Vajra","Guardian:PocketSentry","sneckomod:BlankCard","Static Discharge"],"campfire_rested":1,"item_purchase_floors":[4,4,4,4,4,11,19,28,28],"current_hp_per_floor":[75,75,75,75,65,65,65,68,68,68,68,68,59,59,59,59,82,65,65,65,41,41,41,29,36,36,24,24,24,24,28,52,0,0],"gold":243,"neow_bonus":"","is_daily":false,"chose_seed":false,"campfire_upgraded":7,"win_rate":0.0,"timestamp":1609944867,"path_taken":["M","M","M","$","M","R","R","M","T","R","$","R","M","M","R","BOSS","M","$","M","M","M","R","M","M","T","M","$","R","M","M","R","BOSS"],"items_purchased_type":["Relic","Relic","Card","Card","Card","Relic","Relic","Relic","Card"],"build_version":"2020-12-22","purchased_purges":0,"victory":false,"max_hp_per_floor":[75,75,75,75,75,75,75,82,82,82,82,82,82,82,82,82,82,82,82,82,82,82,82,82,82,82,82,82,82,82,82,82,82,82],"relic_stats":{"Blood Vial":8,"Darkstone Periapt":0,"Centennial Puzzle":[33],"Inserter":[25],"counters":[18,81],"Blue Candle":[0],"PreservedInsect":0,"Juzu Bracelet":0,"Art of War":[27],"War Paint":["Defend_B","Defend_B"],"obtain_stats":[{"Darkstone Periapt":30,"hubris:BallOfYels":4,"Bromod:ArcaneNullifier":13,"sneckomod:BlankCard":28,"Vajra":11,"Juzu Bracelet":2,"EVO:Axolotl":0,"Blood Vial":25,"Centennial Puzzle":1,"Replay:Bandana":20,"Strawberry":8,"Toxic Egg 2":31,"Cracked Core":0,"vexMod:RetaliationKit":0,"champ:Barbells":4,"Inserter":17,"NeowsBlessing":0,"Blue Candle":18,"hubris:SphereOfDissonance":3,"PreservedInsect":21,"Guardian:PocketSentry":19,"Geode":22,"War Paint":27,"Art of War":5,"ReplayTheSpireMod:TigerMarble":26,"conspire:DeflatedDodgeball":9,"FossilizedHelix":14,"Meat on the Bone":24},{"Darkstone Periapt":16,"hubris:BallOfYels":3,"Bromod:ArcaneNullifier":6,"sneckomod:BlankCard":15,"Vajra":5,"Juzu Bracelet":2,"EVO:Axolotl":0,"Blood Vial":14,"Centennial Puzzle":1,"Replay:Bandana":10,"Strawberry":5,"Toxic Egg 2":17,"Cracked Core":0,"vexMod:RetaliationKit":0,"champ:Barbells":3,"Inserter":8,"NeowsBlessing":0,"Blue Candle":9,"hubris:SphereOfDissonance":3,"PreservedInsect":11,"Guardian:PocketSentry":9,"Geode":12,"War Paint":15,"Art of War":4,"ReplayTheSpireMod:TigerMarble":14,"conspire:DeflatedDodgeball":5,"FossilizedHelix":7,"Meat on the Bone":13},{"Darkstone Periapt":68,"hubris:BallOfYels":3,"Bromod:ArcaneNullifier":17,"sneckomod:BlankCard":65,"Vajra":12,"Juzu Bracelet":2,"EVO:Axolotl":0,"Blood Vial":57,"Centennial Puzzle":1,"Replay:Bandana":38,"Strawberry":12,"Toxic Egg 2":73,"Cracked Core":0,"vexMod:RetaliationKit":0,"champ:Barbells":3,"Inserter":27,"NeowsBlessing":0,"Blue Candle":34,"hubris:SphereOfDissonance":3,"PreservedInsect":43,"Guardian:PocketSentry":34,"Geode":49,"War Paint":65,"Art of War":7,"ReplayTheSpireMod:TigerMarble":57,"conspire:DeflatedDodgeball":12,"FossilizedHelix":19,"Meat on the Bone":53}],"Meat on the Bone":48},"card_choices":[{"not_picked":["ReplayTheSpireMod:Fabricate Wheel","Rainbow"],"picked":"Creative AI","floor":16}],"player_experience":420239,"relics_obtained":[{"floor":1,"key":"Centennial Puzzle"},{"floor":2,"key":"Juzu Bracelet"},{"floor":3,"key":"hubris:SphereOfDissonance"},{"floor":5,"key":"Art of War"},{"floor":8,"key":"Strawberry"},{"floor":9,"key":"conspire:DeflatedDodgeball"},{"floor":13,"key":"Bromod:ArcaneNullifier"},{"floor":14,"key":"FossilizedHelix"},{"floor":18,"key":"Blue Candle"},{"floor":20,"key":"Replay:Bandana"},{"floor":21,"key":"PreservedInsect"},{"floor":22,"key":"Geode"},{"floor":24,"key":"Meat on the Bone"},{"floor":25,"key":"Blood Vial"},{"floor":26,"key":"ReplayTheSpireMod:TigerMarble"},{"floor":27,"key":"War Paint"},{"floor":30,"key":"Darkstone Periapt"},{"floor":31,"key":"Toxic Egg 2"}],"event_choices":[],"is_beta":false,"boss_relics":[{"not_picked":["Honey Jar","ChewingGum"],"picked":"Inserter"}],"items_purged_floors":[],"is_endless":true,"potions_floor_spawned":[1,5,13,16,20,24,31],"killed_by":"Automaton","ascension_level":0}}