{"host":"raxmxgtw2nbiczxd","time":1609938444,"event":{"mods":["AchievementEnabler","Aspiration","BaseMod","Beaked The Cultist","BetterRewards","Conspire","Downfall","Friendly Minions","Halation","Hero for Fun","Hubris","Infinite Spire","Jedi Mod","Mimic Mod","Minty Spire (QoL Compilation)","Quick Restart","Relic Stats","Replay The Spire","Shop Mod","Spikes Relics","StSLib","The Animator","The Blackbeard","The Necromancer","The Servant 0.9.4","Yuri Mod","vexMod","????"],"gold_per_floor":[109,128,145,662,676,164,164,9422,9422,9447,8716,8727,8629,8629,8190,17817,17817,17828,17847,17859,17215,17165,16134,16160,16176,16176,16187,15517,14565,14582,14582,13928,14935,14935,15919,15950,15950,14798,15778,15113,16113,17188,17213,16155,17215,15761,16800,17911,17006,17006],"floor_reached":51,"playtime":4666,"items_purged":["Strike_P","Strike_P","Strike_P","Strike_P","Regret","Fasting2+1","Fasting2+1","Sadistic Nature+1","Worship+1","Establishment+1","Defend_P","Decay","Clumsy","vexMod:UltimateCard","WindmillStrike+1","Establishment+1","JustLucky+1"],"score":1351,"play_id":"59d6221c-46b1-4a44-ba7e-cf25bc070b2e","local_time":"20210106200724","is_ascension_mode":false,"campfire_choices":[],"circlet_count":0,"master_deck":["Defend_P+1","Defend_P+1","Defend_P+1","Vigilance+1","BattleHymn+1","LikeWater+1","LikeWater+1","Study+1","Consecrate+1","LikeWater+1","LikeWater+1","LikeWater+1","conspire:Banana+1","Consecrate+1","Pray+1","PathToVictory+1","conspire:Banana+1","conspire:Banana+1"],"relics":["PureWater","vexMod:FocusSash","Replay:Kaleidoscope","Molten Egg 2","Frozen Egg 2","Toxic Egg 2","SnailShell","Mummified Hand","Ice Cream","Quantum Egg","Gremlin Food","Anchor","infinitespire:Lychee Nut","Letter Opener","ExplosiveVial","Pantograph","Replay:Wax Seal","halation:Trompette","hubris:EmptyBottle","Pen Nib","jedi:ominousloannote","jedi:arcanewood","Philosopher\u0027s Stone","jedi:HeartOfTheCards","MealTicket","Vajra","Torii","vexMod:Spyglass","aspiration:AnachronicSnailShell","hubris:BottledRain","Oddly Smooth Stone","Strawberry","WizardHat","Blue Doll","vexMod:ImprovementManual","beaked:ShinyBauble","infinitespire:CheckeredPen","infinitespire:EvilPickle","Replay:Ancient Bell","Lantern","Shuriken","CrustySpines","infinitespire:Beetle Shell","jedi:Pinwheel","Bird Faced Urn","aspiration:Nostalgia","m_DevilBlood","Happy Flower","infinitespire:Lucky Rock","Boot","Guide Book","GoldenEye","conspire:TopHat","Medical Kit","conspire:InfiniteJournal","jedi:cryingmask","TheAbacus","hubris:PeanutButter"],"acts_visited":["Exordium","TheCity","TheBeyond"],"potions_floor_usage":[],"damage_taken":[{"damage":0,"enemies":"Cultist","floor":1,"turns":2},{"damage":0,"enemies":"conspire:RoseBush","floor":2,"turns":3},{"damage":0,"enemies":"2 Louse","floor":3,"turns":2},{"damage":6,"enemies":"Red Slaver","floor":5,"turns":2},{"damage":6,"enemies":"3 Sentries","floor":10,"turns":6},{"damage":0,"enemies":"Gremlin Gang","floor":12,"turns":3},{"damage":0,"enemies":"Large Slime","floor":14,"turns":3},{"damage":0,"enemies":"Fading Forest","floor":16,"turns":11},{"damage":0,"enemies":"Spheric Guardian","floor":18,"turns":3},{"damage":0,"enemies":"conspire:FuzzyDice","floor":19,"turns":3},{"damage":0,"enemies":"Centurion and Healer","floor":20,"turns":4},{"damage":0,"enemies":"conspire:Head Lice","floor":24,"turns":4},{"damage":0,"enemies":"Shelled Parasite and Fungi","floor":25,"turns":3},{"damage":0,"enemies":"Snecko","floor":27,"turns":2},{"damage":5,"enemies":"3 Cultists","floor":30,"turns":4},{"damage":0,"enemies":"Pondfish","floor":33,"turns":6},{"damage":11,"enemies":"3 Darklings","floor":35,"turns":3},{"damage":4,"enemies":"3 Shapes","floor":36,"turns":4},{"damage":0,"enemies":"3 Shapes","floor":39,"turns":4},{"damage":6,"enemies":"Maw","floor":41,"turns":5},{"damage":0,"enemies":"Reptomancer","floor":42,"turns":4},{"damage":12,"enemies":"4 Shapes","floor":45,"turns":3},{"damage":0,"enemies":"3 Darklings","floor":47,"turns":3},{"damage":0,"enemies":"Sphere and 2 Shapes","floor":48,"turns":4},{"damage":0,"enemies":"Donu and Deca","floor":50,"turns":5}],"seed_played":"-5935995344492189947","potions_obtained":[{"floor":3,"key":"Elixir"},{"floor":19,"key":"Energy Potion"}],"is_trial":false,"path_per_floor":["M","M","M","$","M","R","?","R","T","E","$","M","R","M","R","B",null,"M","M","M","$","?","R","E","M","T","M","R","$","M","AVR","R","B",null,"M","MIM","?","$","M","R","M","E","T","$","M","R","M","M","R","B",null],"character_chosen":"WATCHER","items_purchased":["vexMod:FocusSash","Replay:Kaleidoscope","Fasting2","BottledMiracle","BlessingOfTheForge","Gremlin Food","Anchor","LikeWater+1","infinitespire:Lychee Nut","Fasting2+1","ExplosiveVial","Pantograph","Sadistic Nature+1","hubris:EmptyBottle","LugNut","Pen Nib","jedi:ominousloannote","LikeWater+1","Replay:Bottled Steam","jedi:arcanewood","Study+1","jedi:HeartOfTheCards","MealTicket","Vajra","Torii","vexMod:Spyglass","LikeWater+1","Worship+1","Oddly Smooth Stone","Strawberry","LikeWater+1","WizardHat","Blue Doll","LikeWater+1","conspire:Banana+1","beaked:ShinyBauble","infinitespire:CheckeredPen","Replay:Lucky Slots","vexMod:TimeEaterHat","jedi:Pinwheel","Bird Faced Urn","jedi:hoardpotion","aspiration:Nostalgia","Happy Flower","Pray+1","Guide Book","GoldenEye","conspire:TopHat","Medical Kit","conspire:InfiniteJournal","jedi:cryingmask","conspire:Banana+1","TheAbacus","hubris:PeanutButter"],"campfire_rested":0,"item_purchase_floors":[0,0,0,0,0,4,4,4,6,6,8,8,8,11,11,11,13,13,13,15,15,21,21,23,23,23,23,23,28,28,28,29,29,29,29,32,32,32,38,38,38,38,40,40,44,44,44,44,46,46,46,49,49,49],"current_hp_per_floor":[72,72,72,72,66,54,54,54,54,49,49,54,54,54,54,54,54,54,54,54,54,54,54,54,54,54,54,61,61,60,60,60,69,69,64,70,70,77,79,79,77,87,87,87,89,89,93,95,95,101],"gold":17006,"neow_bonus":"","is_daily":false,"chose_seed":false,"campfire_upgraded":0,"win_rate":0.0,"timestamp":1609938444,"path_taken":["M","M","M","$","?","R","?","R","T","E","$","M","R","M","R","BOSS","M","M","M","$","?","R","E","?","T","M","R","?","?","AVR","R","BOSS","M","?","?","$","M","R","M","E","T","$","?","R","M","M","R","BOSS"],"items_purchased_type":["Relic","Relic","Card","Potion","Potion","Relic","Relic","Card","Relic","Card","Relic","Relic","Card","Relic","Relic","Relic","Relic","Card","Relic","Relic","Card","Relic","Relic","Relic","Relic","Relic","Card","Card","Relic","Relic","Card","Relic","Relic","Card","Card","Relic","Relic","Relic","Relic","Relic","Relic","Potion","Relic","Relic","Card","Relic","Relic","Relic","Relic","Relic","Relic","Card","Relic","Relic"],"build_version":"2020-12-22","purchased_purges":17,"victory":true,"max_hp_per_floor":[72,72,72,72,72,54,54,54,54,54,54,54,54,54,54,54,54,54,54,54,54,54,54,54,54,54,54,61,61,65,65,65,69,69,73,77,77,77,79,79,83,87,87,87,89,89,93,95,95,101],"relic_stats":{"Torii":5,"Happy Flower":[8],"counters":[26,99],"Pen Nib":[16],"Letter Opener":[380],"Boot":[6],"GoldenEye":[6],"Medical Kit":[0],"TheAbacus":[24],"Mummified Hand":[179],"Shuriken":[13],"Pantograph":5,"Bird Faced Urn":[16],"MealTicket":7,"obtain_stats":[{"Ice Cream":0,"Vajra":23,"Boot":43,"Strawberry":28,"Philosopher\u0027s Stone":17,"MealTicket":21,"Toxic Egg 2":0,"Replay:Wax Seal":9,"LugNut":11,"Replay:Bottled Steam":13,"Happy Flower":40,"aspiration:Nostalgia":40,"Oddly Smooth Stone":28,"vexMod:TimeEaterHat":38,"Pen Nib":11,"infinitespire:Beetle Shell":36,"Replay:Ancient Bell":34,"Replay:Kaleidoscope":0,"Letter Opener":7,"jedi:HeartOfTheCards":21,"infinitespire:EvilPickle":33,"infinitespire:Lychee Nut":6,"Shuriken":34,"Bird Faced Urn":38,"Molten Egg 2":0,"hubris:PeanutButter":49,"vexMod:ImprovementManual":31,"CrustySpines":34,"WizardHat":29,"SnailShell":0,"beaked:ShinyBauble":32,"Lantern":34,"Torii":23,"Blue Doll":29,"m_DevilBlood":40,"hubris:EmptyBottle":11,"jedi:Pinwheel":38,"vexMod:Spyglass":23,"conspire:TopHat":44,"conspire:InfiniteJournal":46,"TheAbacus":49,"Mummified Hand":0,"Pantograph":8,"aspiration:AnachronicSnailShell":24,"jedi:cryingmask":46,"Replay:Lucky Slots":32,"Gremlin Food":4,"Quantum Egg":2,"Guide Book":44,"vexMod:FocusSash":0,"infinitespire:CheckeredPen":32,"infinitespire:Lucky Rock":42,"Frozen Egg 2":0,"GoldenEye":44,"Medical Kit":46,"Anchor":4,"jedi:ominousloannote":13,"ExplosiveVial":8,"PureWater":0,"jedi:arcanewood":15,"halation:Trompette":10,"hubris:BottledRain":26},{"Ice Cream":1,"Vajra":12,"Boot":22,"Strawberry":15,"Philosopher\u0027s Stone":9,"MealTicket":12,"Toxic Egg 2":1,"Replay:Wax Seal":5,"LugNut":6,"Replay:Bottled Steam":7,"Happy Flower":20,"aspiration:Nostalgia":20,"Oddly Smooth Stone":15,"vexMod:TimeEaterHat":19,"Pen Nib":6,"infinitespire:Beetle Shell":19,"Replay:Ancient Bell":17,"Replay:Kaleidoscope":1,"Letter Opener":5,"jedi:HeartOfTheCards":12,"infinitespire:EvilPickle":17,"infinitespire:Lychee Nut":5,"Shuriken":17,"Bird Faced Urn":19,"Molten Egg 2":1,"hubris:PeanutButter":25,"vexMod:ImprovementManual":16,"CrustySpines":17,"WizardHat":15,"SnailShell":1,"beaked:ShinyBauble":16,"Lantern":17,"Torii":12,"Blue Doll":15,"m_DevilBlood":20,"hubris:EmptyBottle":6,"jedi:Pinwheel":19,"vexMod:Spyglass":12,"conspire:TopHat":22,"conspire:InfiniteJournal":23,"TheAbacus":25,"Mummified Hand":1,"Pantograph":5,"aspiration:AnachronicSnailShell":13,"jedi:cryingmask":23,"Replay:Lucky Slots":16,"Gremlin Food":4,"Quantum Egg":3,"Guide Book":22,"vexMod:FocusSash":1,"infinitespire:CheckeredPen":16,"infinitespire:Lucky Rock":22,"Frozen Egg 2":1,"GoldenEye":22,"Medical Kit":23,"Anchor":4,"jedi:ominousloannote":7,"ExplosiveVial":5,"PureWater":0,"jedi:arcanewood":8,"halation:Trompette":6,"hubris:BottledRain":14},{"Ice Cream":3,"Vajra":45,"Boot":84,"Strawberry":54,"Philosopher\u0027s Stone":35,"MealTicket":45,"Toxic Egg 2":3,"Replay:Wax Seal":12,"LugNut":18,"Replay:Bottled Steam":21,"Happy Flower":75,"aspiration:Nostalgia":75,"Oddly Smooth Stone":54,"vexMod:TimeEaterHat":71,"Pen Nib":18,"infinitespire:Beetle Shell":71,"Replay:Ancient Bell":64,"Replay:Kaleidoscope":3,"Letter Opener":12,"jedi:HeartOfTheCards":45,"infinitespire:EvilPickle":64,"infinitespire:Lychee Nut":12,"Shuriken":64,"Bird Faced Urn":71,"Molten Egg 2":3,"hubris:PeanutButter":94,"vexMod:ImprovementManual":58,"CrustySpines":64,"WizardHat":54,"SnailShell":3,"beaked:ShinyBauble":58,"Lantern":64,"Torii":45,"Blue Doll":54,"m_DevilBlood":75,"hubris:EmptyBottle":18,"jedi:Pinwheel":71,"vexMod:Spyglass":45,"conspire:TopHat":84,"conspire:InfiniteJournal":87,"TheAbacus":94,"Mummified Hand":3,"Pantograph":12,"aspiration:AnachronicSnailShell":49,"jedi:cryingmask":87,"Replay:Lucky Slots":58,"Gremlin Food":10,"Quantum Egg":8,"Guide Book":84,"vexMod:FocusSash":3,"infinitespire:CheckeredPen":58,"infinitespire:Lucky Rock":84,"Frozen Egg 2":3,"GoldenEye":84,"Medical Kit":87,"Anchor":10,"jedi:ominousloannote":21,"ExplosiveVial":12,"PureWater":0,"jedi:arcanewood":24,"halation:Trompette":18,"hubris:BottledRain":52}]},"card_choices":[{"not_picked":["Replay:DivineShield+1","ClearTheMind+1","SashWhip+1"],"picked":"SKIP","floor":1},{"not_picked":["CarveReality+1","BowlingBash+1"],"picked":"BattleHymn+1","floor":2},{"not_picked":["Replay:Anticipation+1","Vengeance+1","BowlingBash+1"],"picked":"SKIP","floor":3},{"not_picked":["Conclude+1","ConjureBlade+1","BowlingBash+1"],"picked":"SKIP","floor":5},{"not_picked":["Sanctity+1","BowlingBash+1"],"picked":"Establishment+1","floor":10},{"not_picked":["Evaluate+1","Vengeance+1","FlurryOfBlows+1"],"picked":"SKIP","floor":12},{"not_picked":["Study+1","Crescendo+1"],"picked":"WindmillStrike+1","floor":14},{"not_picked":["Brilliance+1","MasterReality+1"],"picked":"Establishment+1","floor":16},{"not_picked":["Halt+1","EmptyFist+1","BowlingBash+1"],"picked":"SKIP","floor":18},{"not_picked":["ClearTheMind+1","Protect+1","ThirdEye+1"],"picked":"SKIP","floor":19},{"not_picked":["Halt+1","EmptyFist+1"],"picked":"Consecrate+1","floor":20},{"not_picked":["EmptyBody+1","Replay:DivineShield+1","Evaluate+1"],"picked":"SKIP","floor":24},{"not_picked":["Replay:ManipulateFuture+1","Wallop+1","InnerPeace+1"],"picked":"SKIP","floor":25},{"not_picked":["Sanctity+1","Replay:AllIn+1","FlurryOfBlows+1"],"picked":"SKIP","floor":27},{"not_picked":["Replay:ManipulateFuture+1","EmptyBody+1","Fasting2+1"],"picked":"SKIP","floor":30},{"not_picked":["Judgement+1","Ragnarok+1"],"picked":"jedi:nirvanicrebirth+1","floor":33},{"not_picked":["animator:Curse_GriefSeed","CurseOfTheBell"],"picked":"Clumsy","floor":34},{"not_picked":["Hatred","Replay:UnknownCurse"],"picked":"Decay","floor":34},{"not_picked":["Hatred","infinitespire:Pacifist"],"picked":"vexMod:UltimateCard","floor":34},{"not_picked":["EmptyBody+1","DeceiveReality+1","WreathOfFlame+1"],"picked":"SKIP","floor":35},{"not_picked":["Omniscience+1","CrushJoints+1","FearNoEvil+1"],"picked":"SKIP","floor":39},{"not_picked":["Weave+1","EmptyBody+1"],"picked":"Consecrate+1","floor":41},{"not_picked":["Replay:BluntJabs+1","Fasting2+1"],"picked":"JustLucky+1","floor":42},{"not_picked":["Swivel+1","Fasting2+1","hexamod:NecessarySacrifice+1"],"picked":"SKIP","floor":45},{"not_picked":["LessonLearned+1","Warcry+1"],"picked":"PathToVictory+1","floor":47},{"not_picked":["Crescendo+1","BowlingBash+1","ThirdEye+1"],"picked":"SKIP","floor":48}],"player_experience":102189,"relics_obtained":[{"floor":9,"key":"Replay:Wax Seal"},{"floor":10,"key":"halation:Trompette"},{"floor":24,"key":"aspiration:AnachronicSnailShell"},{"floor":26,"key":"hubris:BottledRain"},{"floor":36,"key":"infinitespire:Beetle Shell"},{"floor":42,"key":"infinitespire:Lucky Rock"},{"floor":43,"key":"Boot"}],"event_choices":[{"damage_healed":0,"gold_gain":0,"player_choice":"Box","damage_taken":0,"relics_obtained":["Letter Opener"],"max_hp_gain":0,"max_hp_loss":0,"event_name":"Big Fish","floor":7,"gold_loss":0,"cards_obtained":["Regret"]},{"damage_healed":0,"gold_gain":0,"player_choice":"Bet on Murderer","damage_taken":0,"max_hp_gain":0,"max_hp_loss":0,"event_name":"The Joust","floor":22,"gold_loss":50}],"is_beta":false,"boss_relics":[{"not_picked":["ReplayTheSpireMod:SealedPack","Replay:Bronze Core"],"picked":"Philosopher\u0027s Stone"},{"not_picked":["Snecko Eye","SacredBark"],"picked":"Replay:Ancient Bell"},{"not_picked":["Potion Belt","Bag of Preparation"],"picked":"Lantern"},{"not_picked":["Onion Ring","ReplayTheSpireMod:Ninjato"],"picked":"Shuriken"},{"not_picked":["halation:BlackBeret","halation:PenCase"],"picked":"CrustySpines"}],"items_purged_floors":[0,4,6,8,11,13,15,21,23,28,29,38,40,44,46,46,49],"is_endless":false,"potions_floor_spawned":[3,12,14,19,20,25,39,47,48],"ascension_level":0}}