{"host":"sav7uxregyirlf69","time":1609926380,"event":{"mods":["AchievementEnabler","BaseMod","Colored Map","DeckTracker","Keyboard Shortcuts","Minty Spire (QoL Compilation)","READ ME - Guardian Mod","StSLib","SuperFastMode"],"gold_per_floor":[112,112,112,112,129,129,158,174,174,188,522,522,522,554,554,631,631,649,664,557,557,557,592,592,608,654,654,654],"floor_reached":27,"playtime":470,"items_purged":["Defend_P"],"score":698,"play_id":"005d85f3-7469-4f1a-be92-0e213818c42b","local_time":"20210106184620","is_ascension_mode":true,"campfire_choices":[{"data":"Eruption","floor":6,"key":"SMITH"},{"data":"CrushJoints","floor":12,"key":"SMITH"},{"data":"MentalFortress","floor":15,"key":"SMITH"},{"floor":24,"key":"REST"}],"circlet_count":0,"master_deck":["AscendersBane","Strike_P+1","Strike_P","Defend_P","Eruption+1","Vigilance","EmptyMind","MentalFortress+1","WheelKick","CrushJoints+1","FearNoEvil+1","LessonLearned","Crescendo+1","TalkToTheHand"],"relics":["PureWater","NeowsBlessing","CaptainsWheel","StrikeDummy","Old Coin","Smiling Mask","Empty Cage","InkBottle","StoneCalendar"],"acts_visited":["Exordium","TheCity"],"potions_floor_usage":[18,23],"damage_taken":[{"damage":0,"enemies":"Jaw Worm","floor":1,"turns":1},{"damage":0,"enemies":"2 Louse","floor":5,"turns":1},{"damage":0,"enemies":"3 Sentries","floor":7,"turns":2},{"damage":0,"enemies":"Small Slimes","floor":8,"turns":3},{"damage":3,"enemies":"Exordium Wildlife","floor":10,"turns":3},{"damage":16,"enemies":"Lagavulin","floor":11,"turns":6},{"damage":0,"enemies":"Gremlin Nob","floor":14,"turns":3},{"damage":0,"enemies":"Slime Boss","floor":16,"turns":4},{"damage":6,"enemies":"3 Byrds","floor":18,"turns":6},{"damage":2,"enemies":"Spheric Guardian","floor":19,"turns":5},{"damage":30,"enemies":"Book of Stabbing","floor":23,"turns":5},{"damage":11,"enemies":"Centurion and Healer","floor":25,"turns":4},{"damage":64,"enemies":"Slavers","floor":27,"turns":6}],"seed_played":"-802589582556788080","potions_obtained":[{"floor":5,"key":"Ancient Potion"},{"floor":8,"key":"FairyPotion"},{"floor":14,"key":"EssenceOfSteel"},{"floor":19,"key":"LiquidMemories"},{"floor":23,"key":"EssenceOfSteel"}],"is_trial":false,"path_per_floor":["M","?","?","?","M","R","E","M","T","M","E","R","?","E","R","B",null,"M","M","$","?","T","E","R","M","T","E"],"character_chosen":"WATCHER","items_purchased":["Crescendo"],"campfire_rested":1,"item_purchase_floors":[20],"current_hp_per_floor":[61,61,61,54,54,54,54,54,54,51,35,35,40,40,40,40,65,59,57,57,57,57,27,48,37,37,0,0],"gold":654,"neow_bonus":"THREE_ENEMY_KILL","is_daily":false,"chose_seed":false,"campfire_upgraded":3,"win_rate":0.0,"timestamp":1609926380,"path_taken":["M","?","?","?","M","R","E","M","T","M","E","R","?","E","R","BOSS","M","M","$","?","?","E","R","?","T","E"],"items_purchased_type":["Card"],"build_version":"2020-12-22","purchased_purges":1,"victory":false,"max_hp_per_floor":[68,68,68,68,68,68,68,68,68,68,68,68,73,73,73,73,73,73,73,73,73,73,73,73,73,73,73,73],"card_choices":[{"not_picked":["Protect","ClearTheMind"],"picked":"EmptyMind","floor":1},{"not_picked":["ClearTheMind","Evaluate","CutThroughFate"],"picked":"SKIP","floor":5},{"not_picked":["CutThroughFate","ThirdEye"],"picked":"WheelKick","floor":7},{"not_picked":["FlyingSleeves","WheelKick"],"picked":"CrushJoints","floor":8},{"not_picked":["BowlingBash","Halt"],"picked":"FearNoEvil","floor":10},{"not_picked":["Wireheading","WaveOfTheHand","Halt"],"picked":"SKIP","floor":11},{"not_picked":["FollowUp","PathToVictory","MentalFortress"],"picked":"SKIP","floor":14},{"not_picked":["Scrawl","Alpha"],"picked":"LessonLearned","floor":16},{"not_picked":["JustLucky","Vengeance","CutThroughFate"],"picked":"SKIP","floor":18},{"not_picked":["MentalFortress","ClearTheMind","SashWhip"],"picked":"SKIP","floor":19},{"not_picked":["Protect","Consecrate"],"picked":"TalkToTheHand","floor":23},{"not_picked":["DevaForm","Meditate","JustLucky+1"],"picked":"SKIP","floor":25}],"player_experience":1158002,"relics_obtained":[{"floor":7,"key":"CaptainsWheel"},{"floor":9,"key":"StrikeDummy"},{"floor":11,"key":"Old Coin"},{"floor":14,"key":"Smiling Mask"},{"floor":22,"key":"InkBottle"},{"floor":23,"key":"StoneCalendar"}],"event_choices":[{"damage_healed":0,"gold_gain":0,"cards_transformed":["Strike_P"],"player_choice":"Change","damage_taken":0,"max_hp_gain":0,"max_hp_loss":0,"event_name":"Living Wall","floor":2,"gold_loss":0,"cards_obtained":["MentalFortress"]},{"damage_healed":0,"gold_gain":0,"player_choice":"Ignored","damage_taken":0,"max_hp_gain":0,"max_hp_loss":0,"event_name":"Liars Game","floor":3,"gold_loss":0},{"cards_removed":["Defend_P"],"damage_healed":0,"gold_gain":0,"player_choice":"Card Removal","damage_taken":7,"max_hp_gain":0,"max_hp_loss":0,"event_name":"Golden Wing","floor":4,"gold_loss":0},{"damage_healed":0,"gold_gain":0,"player_choice":"Donut","damage_taken":0,"max_hp_gain":5,"max_hp_loss":0,"event_name":"Big Fish","floor":13,"gold_loss":0},{"damage_healed":0,"gold_gain":0,"player_choice":"Ignored","damage_taken":0,"max_hp_gain":0,"max_hp_loss":0,"event_name":"The Mausoleum","floor":21,"gold_loss":0}],"is_beta":false,"boss_relics":[{"not_picked":["Cursed Key","SacredBark"],"picked":"Empty Cage"}],"items_purged_floors":[20],"is_endless":false,"potions_floor_spawned":[5,8,14,19,23],"killed_by":"Slavers","ascension_level":20}}