{"host":"16bdbdkejmwbwkj8","time":1609958089,"event":{"mods":["BaseMod","Colored Map","Downfall","Minty Spire (QoL Compilation)","StSLib"],"gold_per_floor":[99,99,374,374,210,210,210,221,221,240,258,258,78,95,20,115,115,135,148,148,148],"floor_reached":20,"playtime":1215,"items_purged":["Regret"],"score":162,"play_id":"82711f0d-c045-41ca-9780-61d180ddc81d","local_time":"20210106133449","is_ascension_mode":false,"campfire_choices":[{"data":"Creative AI","floor":9,"key":"SMITH"},{"floor":15,"key":"REST"}],"circlet_count":0,"master_deck":["Strike_B","Strike_B","Strike_B","Defend_B","Defend_B","Defend_B","Defend_B","Zap","Dualcast","Beam Cell","Coolheaded","Self Repair","Creative AI+1","Loop","White Noise","Cold Snap","Stack","Sunder","Blizzard","expansioncontent:ChargeUp","BootSequence","Reboot","Streamline","Lockon+1"],"relics":["Cracked Core","downfall:HeartsMalice","Frozen Egg 2","downfall:HeartBlessingBlue","Inserter"],"acts_visited":["Exordium","TheCity"],"potions_floor_usage":[],"damage_taken":[{"damage":0,"enemies":"Small Slimes","floor":1,"turns":1},{"damage":0,"enemies":"Cultist","floor":2,"turns":1},{"damage":0,"enemies":"Jaw Worm","floor":4,"turns":1},{"damage":5,"enemies":"downfall:FleeingMerchant","floor":5,"turns":4},{"damage":20,"enemies":"2 Fungi Beasts","floor":8,"turns":4},{"damage":12,"enemies":"Large Slime","floor":10,"turns":5},{"damage":7,"enemies":"Exordium Wildlife","floor":11,"turns":5},{"damage":11,"enemies":"downfall:FleeingMerchant","floor":13,"turns":4},{"damage":15,"enemies":"3 Louse","floor":14,"turns":3},{"damage":38,"enemies":"downfall:Silent","floor":16,"turns":9},{"damage":14,"enemies":"Spheric Guardian","floor":18,"turns":6},{"damage":19,"enemies":"Snecko","floor":19,"turns":7},{"damage":0,"enemies":"Centurion and Healer","floor":20,"turns":1}],"seed_played":"5784197144196294937","potions_obtained":[{"floor":8,"key":"CultistPotion"},{"floor":14,"key":"FairyPotion"},{"floor":16,"key":"Weak Potion"}],"is_trial":false,"path_per_floor":["M","M","?","M","$","?","T","M","R","M","M","T","$","M","R","B",null,"M","M","M"],"character_chosen":"DEFECT","items_purchased":["Loop","Blizzard","expansioncontent:ChargeUp"],"campfire_rested":1,"item_purchase_floors":[5,13,13],"current_hp_per_floor":[75,75,75,75,75,75,75,62,62,57,57,57,53,45,80,49,85,71,59,59,59],"gold":148,"neow_bonus":"THREE_ENEMY_KILL","is_daily":false,"chose_seed":false,"campfire_upgraded":1,"win_rate":0.0,"timestamp":1609958089,"path_taken":["M","M","?","?","$","?","T","M","R","M","M","?","$","M","R","BOSS","M","M","M"],"items_purchased_type":["Card","Card","Card"],"build_version":"2020-12-22","purchased_purges":1,"victory":false,"max_hp_per_floor":[75,75,75,75,75,75,75,75,75,75,75,75,75,75,85,85,85,85,85,85,85],"card_choices":[{"not_picked":["Steam","Go for the Eyes"],"picked":"Beam Cell","floor":1},{"not_picked":["Steam","Tempest"],"picked":"Coolheaded","floor":2},{"not_picked":["Rebound","FTL"],"picked":"Self Repair","floor":4},{"not_picked":["Turbo","Hello World"],"picked":"Creative AI","floor":5},{"not_picked":["Go for the Eyes","Beam Cell"],"picked":"White Noise","floor":8},{"not_picked":["Go for the Eyes","Rip and Tear"],"picked":"Cold Snap","floor":10},{"not_picked":["Amplify","Beam Cell"],"picked":"Stack","floor":11},{"not_picked":["Redo","Coolheaded"],"picked":"Sunder","floor":13},{"not_picked":["Barrage","Sweeping Beam"],"picked":"BootSequence","floor":14},{"not_picked":["Hyperbeam","Rainbow"],"picked":"Reboot","floor":16},{"not_picked":["Ball Lightning+1","Gash"],"picked":"Streamline","floor":18},{"not_picked":["Redo","Streamline"],"picked":"Lockon+1","floor":19}],"player_experience":116260,"relics_obtained":[{"floor":7,"key":"Frozen Egg 2"}],"event_choices":[],"is_beta":false,"boss_relics":[{"not_picked":["Calling Bell","Nuclear Battery"],"picked":"Inserter"}],"items_purged_floors":[5],"is_endless":false,"potions_floor_spawned":[8,14,16,18],"killed_by":"Centurion and Healer","ascension_level":0}}