{"host":"3xramekeme16g407","time":1609957659,"event":{"mods":["2.2 Compatiblity","AchievementEnabler","BaseMod","Bestiary","Minty Spire (QoL Compilation)","StSLib"],"gold_per_floor":[113,127,143,143,218,218,248,248,294,294,323,323,323,362,362,486,486,502,523,536,555,409,448,462,462,462,487,487,487,526,526,526,647,647,660,680,380,405,420,420,440,59,59,83,183,226,240,573,573,573,573,573,34,34,34],"floor_reached":54,"playtime":4143,"items_purged":[],"score":752,"play_id":"2aa60735-8190-46d2-b7d9-4bb3410f7449","local_time":"20210106102739","is_ascension_mode":false,"campfire_choices":[{"data":"Redo","floor":6,"key":"SMITH"},{"floor":8,"key":"REST"},{"data":"Tempest","floor":10,"key":"SMITH"},{"floor":12,"key":"REST"},{"floor":15,"key":"REST"},{"floor":25,"key":"REST"},{"floor":29,"key":"REST"},{"data":"White Noise","floor":32,"key":"SMITH"},{"floor":40,"key":"REST"},{"floor":49,"key":"RECALL"},{"data":"The Bomb","floor":52,"key":"SMITH"}],"circlet_count":0,"master_deck":["Strike_B","Strike_B+1","Strike_B+1","Strike_B","Defend_B","Defend_B","Defend_B","Zap","Dualcast","Conserve Battery","White Noise+1","Redo+1","Tempest+1","Glacier","Echo Form","Self Repair+1","Redo+1","Lockon+1","The Bomb+1","BootSequence","Doom and Gloom+1","Loop","White Noise","Madness"],"relics":["Cracked Core","NeowsBlessing","Regal Pillow","Toy Ornithopter","Vajra","Ornamental Fan","Busted Crown","DataDisk","Kunai","Sundial","Enchiridion","Anchor","Centennial Puzzle","Inserter","StoneCalendar","ClockworkSouvenir","Bottled Flame","Membership Card","Bronze Scales","Whetstone"],"acts_visited":["Exordium","TheCity","TheBeyond","TheEnding"],"potions_floor_usage":[7,11,16,33,33,44,44,50,50,50],"damage_taken":[{"damage":0,"enemies":"Jaw Worm","floor":1,"turns":1},{"damage":0,"enemies":"Small Slimes","floor":2,"turns":1},{"damage":0,"enemies":"2 Louse","floor":3,"turns":1},{"damage":37,"enemies":"Gremlin Nob","floor":7,"turns":5},{"damage":19,"enemies":"Lagavulin","floor":11,"turns":6},{"damage":14,"enemies":"Gremlin Nob","floor":14,"turns":3},{"damage":31,"enemies":"The Guardian","floor":16,"turns":15},{"damage":19,"enemies":"Chosen","floor":18,"turns":5},{"damage":11,"enemies":"Shell Parasite","floor":19,"turns":7},{"damage":8,"enemies":"Sentry and Sphere","floor":20,"turns":9},{"damage":20,"enemies":"Snake Plant","floor":21,"turns":4},{"damage":19,"enemies":"Book of Stabbing","floor":23,"turns":9},{"damage":14,"enemies":"Cultist and Chosen","floor":24,"turns":8},{"damage":20,"enemies":"Shelled Parasite and Fungi","floor":27,"turns":8},{"damage":23,"enemies":"Gremlin Leader","floor":30,"turns":5},{"damage":11,"enemies":"Collector","floor":33,"turns":9},{"damage":0,"enemies":"Orb Walker","floor":35,"turns":5},{"damage":15,"enemies":"3 Shapes","floor":36,"turns":4},{"damage":37,"enemies":"3 Darklings","floor":38,"turns":5},{"damage":11,"enemies":"Spire Growth","floor":39,"turns":4},{"damage":5,"enemies":"4 Shapes","floor":41,"turns":2},{"damage":21,"enemies":"3 Darklings","floor":44,"turns":4},{"damage":0,"enemies":"Nemesis","floor":46,"turns":5},{"damage":0,"enemies":"Transient","floor":47,"turns":5},{"damage":54,"enemies":"Donu and Deca","floor":50,"turns":8},{"damage":81,"enemies":"Shield and Spear","floor":54,"turns":3}],"seed_played":"-6751667800876967078","potions_obtained":[{"floor":2,"key":"SteroidPotion"},{"floor":7,"key":"SpeedPotion"},{"floor":11,"key":"FearPotion"},{"floor":14,"key":"EssenceOfSteel"},{"floor":19,"key":"FocusPotion"},{"floor":21,"key":"PotionOfCapacity"},{"floor":33,"key":"GamblersBrew"},{"floor":35,"key":"DuplicationPotion"},{"floor":41,"key":"SkillPotion"},{"floor":46,"key":"FearPotion"},{"floor":47,"key":"DuplicationPotion"}],"is_trial":false,"path_per_floor":["M","M","M","?","?","R","E","R","T","R","E","R","?","E","R","B",null,"M","M","M","M","$","E","M","R","T","M","?","R","E","?","R","B",null,"M","M","$","M","M","R","M","$","T","M","?","E","M","?","R","B",null,"R","$","E"],"character_chosen":"DEFECT","items_purchased":["DataDisk","StoneCalendar","The Bomb","ClockworkSouvenir","BootSequence","Membership Card","Loop","White Noise","Bronze Scales","EssenceOfDarkness","DuplicationPotion","Dexterity Potion","Whetstone","Madness"],"campfire_rested":6,"item_purchase_floors":[22,37,42,42,42,53,53,53,53,53,53,53,53,53],"current_hp_per_floor":[75,75,75,68,57,57,20,57,57,57,43,75,57,43,75,44,75,56,45,37,27,27,18,14,51,51,41,25,62,59,59,59,68,75,75,60,60,43,52,75,70,70,70,69,69,75,75,75,75,52,75,75,75,0,0],"gold":34,"neow_bonus":"THREE_ENEMY_KILL","is_daily":false,"chose_seed":false,"campfire_upgraded":4,"win_rate":0.0,"timestamp":1609957659,"path_taken":["M","M","M","?","?","R","E","R","T","R","E","R","?","E","R","BOSS","M","M","M","M","$","E","M","R","T","M","?","R","E","?","R","BOSS","M","M","$","M","M","R","M","$","T","M","?","E","?","?","R","BOSS","R","$","E"],"items_purchased_type":["Relic","Relic","Card","Relic","Card","Relic","Card","Card","Relic","Potion","Potion","Potion","Relic","Card"],"build_version":"2020-12-22","purchased_purges":0,"victory":false,"max_hp_per_floor":[75,75,75,75,75,75,75,75,75,75,75,75,75,75,75,75,75,75,75,75,75,75,75,75,75,75,75,75,75,75,75,75,75,75,75,75,75,75,75,75,75,75,75,75,75,75,75,75,75,75,75,75,75,75,75],"card_choices":[{"not_picked":["Hologram","Static Discharge"],"picked":"Conserve Battery","floor":1},{"not_picked":["Doom and Gloom","Hello World"],"picked":"White Noise","floor":2},{"not_picked":["Rebound","Go for the Eyes"],"picked":"Redo","floor":3},{"not_picked":["Heatsinks","Barrage"],"picked":"Tempest","floor":7},{"not_picked":["Beam Cell","Barrage","Compile Driver"],"picked":"SKIP","floor":11},{"not_picked":["Fission","FTL"],"picked":"Glacier","floor":14},{"not_picked":["Creative AI","Core Surge"],"picked":"Echo Form","floor":16},{"not_picked":["Steam"],"picked":"SKIP","floor":18},{"not_picked":["Steam"],"picked":"SKIP","floor":19},{"not_picked":[],"picked":"Self Repair+1","floor":20},{"not_picked":[],"picked":"Redo+1","floor":21},{"not_picked":["Gash+1"],"picked":"SKIP","floor":23},{"not_picked":["Compile Driver+1"],"picked":"SKIP","floor":24},{"not_picked":["Heatsinks"],"picked":"SKIP","floor":27},{"not_picked":["Go for the Eyes"],"picked":"SKIP","floor":30},{"not_picked":["Sweeping Beam+1"],"picked":"SKIP","floor":35},{"not_picked":["Genetic Algorithm"],"picked":"SKIP","floor":36},{"not_picked":[],"picked":"Lockon+1","floor":38},{"not_picked":["Heatsinks+1"],"picked":"SKIP","floor":39},{"not_picked":["Sweeping Beam+1"],"picked":"SKIP","floor":41},{"not_picked":["Beam Cell"],"picked":"SKIP","floor":44},{"not_picked":["Conserve Battery"],"picked":"SKIP","floor":46},{"not_picked":[],"picked":"Doom and Gloom+1","floor":47}],"player_experience":429342,"relics_obtained":[{"floor":7,"key":"Regal Pillow"},{"floor":9,"key":"Toy Ornithopter"},{"floor":11,"key":"Vajra"},{"floor":14,"key":"Ornamental Fan"},{"floor":23,"key":"Kunai"},{"floor":26,"key":"Sundial"},{"floor":28,"key":"Enchiridion"},{"floor":30,"key":"Anchor"},{"floor":46,"key":"Bottled Flame"}],"event_choices":[{"cards_removed":["Defend_B"],"damage_healed":0,"gold_gain":0,"player_choice":"Card Removal","damage_taken":7,"max_hp_gain":0,"max_hp_loss":0,"event_name":"Golden Wing","floor":4,"gold_loss":0},{"damage_healed":0,"gold_gain":75,"player_choice":"Gather Gold","damage_taken":11,"max_hp_gain":0,"max_hp_loss":0,"event_name":"World of Goop","floor":5,"gold_loss":0},{"damage_healed":0,"gold_gain":0,"player_choice":"Take Damage","damage_taken":18,"relics_obtained":["Golden Idol"],"max_hp_gain":0,"max_hp_loss":0,"event_name":"Golden Idol","floor":13,"gold_loss":0},{"damage_healed":0,"gold_gain":0,"player_choice":"Obtained Book","damage_taken":16,"max_hp_gain":0,"max_hp_loss":0,"event_name":"Cursed Tome","floor":28,"gold_loss":0},{"damage_healed":0,"gold_gain":0,"player_choice":"Gave Potion","damage_taken":0,"relics_obtained":["Centennial Puzzle"],"max_hp_gain":0,"max_hp_loss":0,"event_name":"WeMeetAgain","floor":31,"gold_loss":0},{"damage_healed":0,"gold_gain":100,"player_choice":"Pray","damage_taken":0,"max_hp_gain":0,"max_hp_loss":0,"event_name":"Golden Shrine","floor":45,"gold_loss":0},{"damage_healed":0,"gold_gain":333,"player_choice":"Gave Idol","damage_taken":0,"max_hp_gain":0,"max_hp_loss":0,"event_name":"The Moai Head","floor":48,"relics_lost":["Golden Idol"],"gold_loss":0}],"is_beta":false,"boss_relics":[{"not_picked":["Snecko Eye","Fusion Hammer"],"picked":"Busted Crown"},{"not_picked":["Calling Bell","Nuclear Battery"],"picked":"Inserter"}],"items_purged_floors":[],"is_endless":false,"potions_floor_spawned":[2,7,11,14,19,21,23,27,33,35,41,46,47],"killed_by":"Shield and Spear","ascension_level":0}}