{"host":"l60rmjjsfi0fipmi","time":1609904114,"event":{"mods":["BaseMod","Colored Map","DeckTracker","Highlight Path","Minty Spire (QoL Compilation)"],"gold_per_floor":[115,40,56,73,89,89,103,103,129,140,140,159,189,66,66,165,165,176,188,188,201,218,218,31,57,57,77,77,112,112,27,27,126,126,145,157,57,107,155,155,180,180,203,214,214,41,61,61,61,61,61,61,9,44,44,44],"floor_reached":55,"playtime":3769,"items_purged":["Strike_B","Defend_B","Defend_B"],"score":712,"play_id":"bb0e2128-6a6f-40ff-bdc2-0fc69694ce64","local_time":"20210105223514","is_ascension_mode":false,"campfire_choices":[{"data":"Zap","floor":6,"key":"SMITH"},{"data":"Conserve Battery","floor":8,"key":"SMITH"},{"floor":15,"key":"REST"},{"floor":23,"key":"REST"},{"data":"Apotheosis","floor":28,"key":"SMITH"},{"data":"White Noise","floor":30,"key":"SMITH"},{"data":"Defragment","floor":32,"key":"SMITH"},{"data":"Self Repair","floor":40,"key":"SMITH"},{"data":"Hologram","floor":42,"key":"SMITH"},{"floor":49,"key":"RECALL"},{"data":"Capacitor","floor":52,"key":"SMITH"}],"circlet_count":0,"master_deck":["Defend_B","Defend_B","Zap+1","Dualcast","Core Surge","White Noise+1","Loop","Genetic Algorithm","Sweeping Beam","Capacitor+1","Conserve Battery+1","Go for the Eyes","Stack","Hologram+1","Ball Lightning","Electrodynamics","Seek+1","Storm+1","Rip and Tear","Compile Driver","BootSequence+1","Defragment+1","Leap","Apotheosis+1","Defragment","Hologram+1","Redo+1","Self Repair+1","Buffer+1"],"relics":["Cracked Core","Dream Catcher","FaceOfCleric","Anchor","Astrolabe","Boot","Bag of Preparation","Happy Flower","Centennial Puzzle","Philosopher\u0027s Stone","CaptainsWheel","TungstenRod","Frozen Egg 2","Ornamental Fan"],"acts_visited":["Exordium","TheCity","TheBeyond","TheEnding"],"potions_floor_usage":[16,16,33,33,41,50,50,54,54,54,55],"damage_taken":[{"damage":0,"enemies":"Cultist","floor":1,"turns":4},{"damage":1,"enemies":"Jaw Worm","floor":3,"turns":4},{"damage":0,"enemies":"2 Louse","floor":4,"turns":3},{"damage":5,"enemies":"2 Fungi Beasts","floor":5,"turns":4},{"damage":6,"enemies":"Large Slime","floor":7,"turns":4},{"damage":16,"enemies":"3 Louse","floor":10,"turns":3},{"damage":2,"enemies":"Blue Slaver","floor":12,"turns":5},{"damage":25,"enemies":"Gremlin Nob","floor":13,"turns":5},{"damage":33,"enemies":"The Guardian","floor":16,"turns":12},{"damage":17,"enemies":"Shell Parasite","floor":18,"turns":8},{"damage":17,"enemies":"2 Thieves","floor":19,"turns":4},{"damage":9,"enemies":"Sentry and Sphere","floor":21,"turns":5},{"damage":0,"enemies":"Centurion and Healer","floor":22,"turns":5},{"damage":6,"enemies":"Slavers","floor":25,"turns":4},{"damage":0,"enemies":"Snecko","floor":27,"turns":6},{"damage":3,"enemies":"Gremlin Leader","floor":29,"turns":4},{"damage":10,"enemies":"Automaton","floor":33,"turns":7},{"damage":0,"enemies":"Orb Walker","floor":35,"turns":3},{"damage":0,"enemies":"3 Darklings","floor":36,"turns":3},{"damage":22,"enemies":"Mind Bloom Boss Battle","floor":38,"turns":6},{"damage":4,"enemies":"2 Orb Walkers","floor":39,"turns":3},{"damage":16,"enemies":"Reptomancer","floor":41,"turns":4},{"damage":1,"enemies":"Jaw Worm Horde","floor":44,"turns":3},{"damage":3,"enemies":"Maw","floor":47,"turns":5},{"damage":29,"enemies":"Time Eater","floor":50,"turns":9},{"damage":56,"enemies":"Shield and Spear","floor":54,"turns":6},{"damage":51,"enemies":"The Heart","floor":55,"turns":5}],"seed_played":"-2793742610173637421","potions_obtained":[{"floor":1,"key":"BlessingOfTheForge"},{"floor":3,"key":"Weak Potion"},{"floor":10,"key":"BlessingOfTheForge"},{"floor":12,"key":"EntropicBrew"},{"floor":19,"key":"Dexterity Potion"},{"floor":21,"key":"Dexterity Potion"},{"floor":22,"key":"EssenceOfSteel"},{"floor":33,"key":"SmokeBomb"},{"floor":36,"key":"Energy Potion"},{"floor":54,"key":"SkillPotion"}],"is_trial":false,"path_per_floor":["M","$","M","M","M","R","M","R","T","M","?","M","E","$","R","B",null,"M","M","?","M","M","R","$","E","T","M","R","E","R","?","R","B",null,"M","M","$","?","?","R","E","R","T","M","?","$","M","$","R","B",null,"R","$","E","B"],"character_chosen":"DEFECT","items_purchased":["Loop","Hologram","Apotheosis","Energy Potion","PowerPotion"],"campfire_rested":2,"item_purchase_floors":[2,14,24,46,53],"current_hp_per_floor":[75,75,74,74,69,69,63,63,63,47,47,46,22,22,45,13,78,62,46,46,38,39,63,63,58,58,59,59,57,57,57,57,48,86,87,88,88,67,64,64,59,59,59,79,79,79,87,87,87,69,89,89,89,49,0,0],"gold":44,"neow_bonus":"ONE_RANDOM_RARE_CARD","is_daily":false,"chose_seed":false,"campfire_upgraded":8,"win_rate":0.0,"timestamp":1609904114,"path_taken":["M","$","M","M","M","R","M","R","T","M","?","M","E","?","R","BOSS","M","?","?","M","M","R","$","E","T","M","R","E","R","?","R","BOSS","M","M","$","?","?","R","E","R","T","M","?","$","M","?","R","BOSS","R","$","E","BOSS"],"items_purchased_type":["Card","Card","Card","Potion","Potion"],"build_version":"2020-12-22","purchased_purges":3,"victory":false,"max_hp_per_floor":[75,75,75,75,75,75,75,75,75,75,75,76,77,77,77,78,78,79,80,80,81,82,82,82,83,83,84,84,85,85,85,85,86,86,87,88,88,89,90,90,91,91,91,92,87,87,88,88,88,89,89,89,89,90,90,90],"card_choices":[{"not_picked":["Double Energy","Turbo"],"picked":"White Noise","floor":1},{"not_picked":["Gash","Coolheaded"],"picked":"Genetic Algorithm","floor":3},{"not_picked":["Fusion","Ball Lightning"],"picked":"Sweeping Beam","floor":4},{"not_picked":["Sweeping Beam","White Noise"],"picked":"Capacitor","floor":5},{"not_picked":["Beam Cell","Gash"],"picked":"Conserve Battery","floor":7},{"not_picked":["Amplify","Capacitor"],"picked":"Go for the Eyes","floor":10},{"not_picked":["Steam Power","Chaos"],"picked":"Stack","floor":12},{"not_picked":["Double Energy","Sweeping Beam","Turbo"],"picked":"SKIP","floor":13},{"not_picked":["Stack","Tempest"],"picked":"Ball Lightning","floor":15},{"not_picked":["Fission","Creative AI"],"picked":"Electrodynamics","floor":16},{"not_picked":["Blizzard","Fusion","Gash"],"picked":"SKIP","floor":18},{"not_picked":["Gash","Aggregate"],"picked":"Storm+1","floor":19},{"not_picked":["Hologram","Scrape"],"picked":"BootSequence+1","floor":21},{"not_picked":["Coolheaded","Consume"],"picked":"Defragment","floor":22},{"not_picked":["Redo","Cold Snap"],"picked":"Leap","floor":23},{"not_picked":["White Noise","Hologram","Compile Driver"],"picked":"SKIP","floor":25},{"not_picked":["Multi-Cast","Rebound+1"],"picked":"Defragment","floor":27},{"not_picked":["Rebound+1","Genetic Algorithm+1"],"picked":"Hologram+1","floor":29},{"not_picked":["Hologram+1","Redo+1","Steam Power"],"picked":"SKIP","floor":35},{"not_picked":["Skim","Tempest","Darkness+1"],"picked":"SKIP","floor":36},{"not_picked":["Chaos","Beam Cell+1"],"picked":"Redo+1","floor":38},{"not_picked":["Sweeping Beam","FTL"],"picked":"Self Repair","floor":39},{"not_picked":["Melter+1","Stack+1"],"picked":"Buffer+1","floor":41},{"not_picked":["Double Energy","Tempest+1","Streamline"],"picked":"SKIP","floor":44},{"not_picked":["Blizzard+1","Barrage","Streamline"],"picked":"SKIP","floor":47},{"not_picked":["Rebound+1","Compile Driver","Coolheaded+1"],"picked":"SKIP","floor":54}],"player_experience":247453,"relics_obtained":[{"floor":9,"key":"Dream Catcher"},{"floor":13,"key":"Anchor"},{"floor":25,"key":"Boot"},{"floor":26,"key":"Bag of Preparation"},{"floor":29,"key":"Happy Flower"},{"floor":38,"key":"CaptainsWheel"},{"floor":39,"key":"TungstenRod"},{"floor":41,"key":"Frozen Egg 2"},{"floor":54,"key":"Ornamental Fan"}],"event_choices":[{"damage_healed":0,"gold_gain":0,"player_choice":"Trade","damage_taken":0,"relics_obtained":["FaceOfCleric"],"max_hp_gain":0,"max_hp_loss":0,"event_name":"FaceTrader","floor":11,"gold_loss":0},{"damage_healed":0,"gold_gain":0,"cards_transformed":["Meteor Strike","Seek"],"player_choice":"Became Test Subject","damage_taken":0,"max_hp_gain":0,"max_hp_loss":0,"event_name":"Drug Dealer","floor":20,"gold_loss":0,"cards_obtained":["Rip and Tear","Compile Driver"]},{"damage_healed":0,"gold_gain":0,"player_choice":"Obtained Relic","damage_taken":0,"relics_obtained":["Centennial Puzzle"],"max_hp_gain":0,"max_hp_loss":0,"event_name":"Addict","floor":31,"gold_loss":85},{"damage_healed":0,"gold_gain":0,"player_choice":"Fight","damage_taken":0,"max_hp_gain":0,"max_hp_loss":0,"event_name":"MindBloom","floor":38,"gold_loss":0},{"damage_healed":0,"gold_gain":0,"player_choice":"Fight","damage_taken":0,"max_hp_gain":0,"max_hp_loss":0,"event_name":"Mysterious Sphere","floor":39,"gold_loss":0},{"damage_healed":0,"gold_gain":0,"player_choice":"Max HP","damage_taken":0,"max_hp_gain":0,"max_hp_loss":5,"event_name":"Winding Halls","floor":45,"gold_loss":0}],"is_beta":false,"boss_relics":[{"not_picked":["Calling Bell","Black Star"],"picked":"Astrolabe"},{"not_picked":["Velvet Choker","Snecko Eye"],"picked":"Philosopher\u0027s Stone"}],"items_purged_floors":[14,37,46],"is_endless":false,"potions_floor_spawned":[1,3,10,12,13,19,21,22,33,36,54],"killed_by":"The Heart","ascension_level":0}}