{"host":"5fasz840ryq7obdf","time":1609955769,"event":{"mods":["2.2 Compatiblity","AchievementEnabler","BaseMod","Bestiary","Better Altar","Better Skull","Better Third Choice","BetterRewards","Block Reminder","Colored Powertips","Curses Come First","Downfall","Minty Spire (QoL Compilation)","Quick Restart","Relic Sorter","Relic Stats","Shop Mod","Spicy Shops","StSLib","SuperFastMode","ojb\u0027s Better Paths Mod","ojb\u0027s Info Mod"],"gold_per_floor":[37,37,37,50,12,41,41,59,59,75,86,118,118,152,164,250,262,294,318,343,18,36,64,64,76,76,102,133,133,133,133,133,209,209,228,248,5,16,16,16,16,30,30,64,64,99,112,130,130,130,130,130],"floor_reached":51,"playtime":4139,"items_purged":["Strike_R","Strike_R"],"score":1434,"play_id":"c001a947-776d-4f2d-a538-6143e598c64e","local_time":"20210106175609","is_ascension_mode":true,"campfire_choices":[{"data":"True Grit","floor":7.0,"key":"SMITH"},{"data":"Fire Breathing","floor":13.0,"key":"SMITH"},{"data":"Bash","floor":15.0,"key":"SMITH"},{"data":"Fiend Fire","floor":24.0,"key":"SMITH"},{"floor":30.0,"key":"RECALL"},{"data":"Feel No Pain","floor":32.0,"key":"SMITH"},{"data":"Seeing Red","floor":40.0,"key":"SMITH"},{"data":"Double Tap","floor":45.0,"key":"SMITH"},{"data":"Seeing Red","floor":49.0,"key":"SMITH"}],"circlet_count":0,"master_deck":["AscendersBane","Strike_R","Strike_R","Defend_R","Bash+1","Dark Embrace+1","True Grit+1","Immolate","Shockwave","Fire Breathing+1","Feed","Shrug It Off","Whirlwind","Feel No Pain+1","Fiend Fire+1","Juggernaut","Metallicize+1","Reaper+1","Body Slam+1","Reckless Charge","Shockwave","Evolve","True Grit+1","Writhe","Double Tap+1","Shrug It Off+1","Offering","Clumsy","Metallicize","Seeing Red+1","Impervious","Metallicize","Seeing Red+1","Inflame+1"],"relics":["Black Blood","Charon\u0027s Ashes","Membership Card","Blue Candle","betterThird:SlimedRelic","Guardian:PocketSentry","Magic Flower","StrikeDummy","Pen Nib","MawBank","Astrolabe","Cauldron","Nunchaku","OrangePellets","Meat on the Bone","InkBottle","Red Mask","Orichalcum","Bag of Preparation","Medical Kit","Vajra","Letter Opener","MealTicket"],"acts_visited":["Exordium","TheCity","TheBeyond"],"potions_floor_usage":[],"damage_taken":[{"damage":7.0,"enemies":"Small Slimes","floor":1.0,"turns":3.0},{"damage":0.0,"enemies":"Cultist","floor":4.0,"turns":4.0},{"damage":20.0,"enemies":"3 Sentries","floor":6.0,"turns":4.0},{"damage":7.0,"enemies":"Jaw Worm","floor":8.0,"turns":4.0},{"damage":0.0,"enemies":"3 Louse","floor":10.0,"turns":1.0},{"damage":11.0,"enemies":"Exordium Wildlife","floor":11.0,"turns":5.0},{"damage":21.0,"enemies":"Lagavulin","floor":12.0,"turns":8.0},{"damage":6.0,"enemies":"Gremlin Nob","floor":14.0,"turns":3.0},{"damage":14.0,"enemies":"Slime Boss","floor":16.0,"turns":6.0},{"damage":27.0,"enemies":"3 Byrds","floor":18.0,"turns":5.0},{"damage":14.0,"enemies":"2 Thieves","floor":19.0,"turns":4.0},{"damage":35.0,"enemies":"Snake Plant","floor":20.0,"turns":4.0},{"damage":11.0,"enemies":"Cultist and Chosen","floor":22.0,"turns":5.0},{"damage":56.0,"enemies":"Slavers","floor":23.0,"turns":5.0},{"damage":14.0,"enemies":"Centurion and Healer","floor":25.0,"turns":7.0},{"damage":5.0,"enemies":"Masked Bandits","floor":27.0,"turns":4.0},{"damage":24.0,"enemies":"Book of Stabbing","floor":28.0,"turns":5.0},{"damage":39.0,"enemies":"Automaton","floor":33.0,"turns":8.0},{"damage":11.0,"enemies":"3 Shapes","floor":35.0,"turns":3.0},{"damage":12.0,"enemies":"3 Darklings","floor":36.0,"turns":5.0},{"damage":6.0,"enemies":"Jaw Worm Horde","floor":38.0,"turns":2.0},{"damage":18.0,"enemies":"4 Shapes","floor":42.0,"turns":2.0},{"damage":64.0,"enemies":"Reptomancer","floor":44.0,"turns":4.0},{"damage":16.0,"enemies":"Nemesis","floor":46.0,"turns":4.0},{"damage":21.0,"enemies":"3 Darklings","floor":47.0,"turns":4.0},{"damage":10.0,"enemies":"Spire Growth","floor":48.0,"turns":4.0},{"damage":45.0,"enemies":"Donu and Deca","floor":50.0,"turns":8.0},{"damage":69,"enemies":"Awakened One","floor":51,"turns":4}],"seed_played":"8686748508006665240","potions_obtained":[{"floor":4.0,"key":"Energy Potion"},{"floor":6.0,"key":"SkillPotion"},{"floor":11.0,"key":"BloodPotion"},{"floor":16.0,"key":"champ:CounterPotion"},{"floor":21.0,"key":"BloodPotion"},{"floor":21.0,"key":"LiquidBronze"},{"floor":21.0,"key":"BlessingOfTheForge"},{"floor":23.0,"key":"Strength Potion"},{"floor":27.0,"key":"Swift Potion"},{"floor":28.0,"key":"BlessingOfTheForge"},{"floor":36.0,"key":"AttackPotion"},{"floor":38.0,"key":"Strength Potion"}],"is_trial":false,"path_per_floor":["M","$","?","M","$","E","R","M","T","M","M","E","R","E","R","B",null,"M","M","M","$","M","E","R","M","T","?","E","?","R","?","R","B",null,"M","M","$","M","?","R","$","M","T","E","R","E","M","M","R","B","B"],"character_chosen":"IRONCLAD","items_purchased":["Charon\u0027s Ashes","Membership Card","Dark Embrace","True Grit","Blue Candle","Immolate","Guardian:PocketSentry","Shockwave","Cauldron","Evolve","Nunchaku","OrangePellets","Medical Kit","Offering","Vajra","Metallicize"],"campfire_rested":0,"item_purchase_floors":[0,0,0,0,0,0,0,0,21,21,21,21,37,37,37,37],"current_hp_per_floor":[32,32,32,38,38,24,24,26,26,35,38,49,49,52,52,47,70,58,68,42,57,55,22,22,50,50,70,60,60,60,60,60,56,77,84,84,84,84,84,84,84,84,84,61,61,68,87,87,87,69,0,0],"gold":130,"neow_bonus":"","is_daily":false,"chose_seed":false,"campfire_upgraded":8,"win_rate":0.0,"timestamp":1609955769,"path_taken":["M","$","?","?","$","E","R","M","T","M","?","E","R","E","R","BOSS","M","M","M","$","M","E","R","M","T","?","E","?","R","?","R","BOSS","M","M","$","M","?","R","$","M","T","E","R","E","M","M","R","BOSS","BOSS"],"items_purchased_type":["Relic","Relic","Card","Card","Relic","Card","Relic","Card","Relic","Card","Relic","Relic","Relic","Card","Relic","Card"],"build_version":"2020-12-22","purchased_purges":2,"victory":false,"max_hp_per_floor":[75,75,75,75,75,75,75,75,75,75,78,78,78,78,78,78,78,78,78,78,78,78,78,78,78,78,81,84,84,84,84,84,84,84,84,84,84,84,84,84,84,84,84,84,84,87,87,87,87,87,87,87],"relic_stats":{"counters":[36,149],"Blue Candle":[29],"Astrolabe":["Metallicize","Reaper","Body Slam"],"Black Blood":311,"Magic Flower":[139],"Charon\u0027s Ashes":[836],"Pen Nib":[10],"Bag of Preparation":[22],"Letter Opener":[25],"Orichalcum":[42],"MawBank":84,"Medical Kit":[10],"OrangePellets":[5],"Nunchaku":[8],"MealTicket":0,"obtain_stats":[{"Magic Flower":6,"Black Blood":34,"Vajra":37,"Bag of Preparation":31,"Burning Blood":0,"Nunchaku":21,"Tiny Chest":8,"MealTicket":46,"Red Mask":27,"Kunai":10,"InkBottle":26,"NeowsBlessing":0,"Golden Idol":5,"Blue Candle":0,"Astrolabe":17,"Charon\u0027s Ashes":0,"Pen Nib":12,"Guardian:PocketSentry":0,"Letter Opener":44,"War Paint":6,"Orichalcum":28,"MawBank":14,"Medical Kit":37,"Cauldron":21,"OrangePellets":21,"Ornamental Fan":12,"betterThird:SlimedRelic":0,"Art of War":9,"Membership Card":0,"StrikeDummy":9,"Meat on the Bone":23},{"Magic Flower":11,"Black Blood":26,"Vajra":28,"Bag of Preparation":25,"Burning Blood":0,"Nunchaku":20,"Tiny Chest":4,"MealTicket":32,"Red Mask":24,"Kunai":5,"InkBottle":23,"NeowsBlessing":0,"Golden Idol":2,"Blue Candle":8,"Astrolabe":17,"Charon\u0027s Ashes":8,"Pen Nib":15,"Guardian:PocketSentry":8,"Letter Opener":31,"War Paint":3,"Orichalcum":25,"MawBank":16,"Medical Kit":28,"Cauldron":20,"OrangePellets":20,"Ornamental Fan":6,"betterThird:SlimedRelic":8,"Art of War":4,"Membership Card":8,"StrikeDummy":12,"Meat on the Bone":22},{"Magic Flower":36,"Black Blood":109,"Vajra":117,"Bag of Preparation":101,"Burning Blood":0,"Nunchaku":76,"Tiny Chest":7,"MealTicket":129,"Red Mask":96,"Kunai":13,"InkBottle":92,"NeowsBlessing":0,"Golden Idol":2,"Blue Candle":25,"Astrolabe":63,"Charon\u0027s Ashes":25,"Pen Nib":54,"Guardian:PocketSentry":25,"Letter Opener":125,"War Paint":3,"Orichalcum":101,"MawBank":57,"Medical Kit":117,"Cauldron":76,"OrangePellets":76,"Ornamental Fan":18,"betterThird:SlimedRelic":25,"Art of War":7,"Membership Card":25,"StrikeDummy":40,"Meat on the Bone":85}],"InkBottle":[22],"Meat on the Bone":36},"card_choices":[{"not_picked":["Pommel Strike","Twin Strike","Clash"],"picked":"SKIP","floor":1.0},{"not_picked":["Power Through","Headbutt"],"picked":"Fire Breathing","floor":4.0},{"not_picked":["Cleave","Wild Strike"],"picked":"Feed","floor":6.0},{"not_picked":["Searing Blow","Havoc","Clothesline"],"picked":"SKIP","floor":8.0},{"not_picked":["Sentinel","Rupture"],"picked":"Shrug It Off","floor":10.0},{"not_picked":["Shrug It Off","Rupture"],"picked":"Whirlwind","floor":11.0},{"not_picked":["Shockwave","Armaments"],"picked":"Feel No Pain","floor":12.0},{"not_picked":["Clash","Perfected Strike"],"picked":"Fiend Fire","floor":14.0},{"not_picked":["Brutality","Double Tap"],"picked":"Juggernaut","floor":16.0},{"not_picked":["Shockwave","Sword Boomerang"],"picked":"Reckless Charge","floor":18.0},{"not_picked":["Carnage","Body Slam"],"picked":"Shockwave","floor":19.0},{"not_picked":["Clothesline","Headbutt","Wild Strike+1"],"picked":"SKIP","floor":20.0},{"not_picked":["Wild Strike","Iron Wave","Heavy Blade"],"picked":"SKIP","floor":22.0},{"not_picked":["Heavy Blade","Infernal Blade","Anger"],"picked":"SKIP","floor":23.0},{"not_picked":["Clash","Flex","Clothesline"],"picked":"SKIP","floor":25.0},{"not_picked":["Thunderclap","Feel No Pain"],"picked":"True Grit+1","floor":27.0},{"not_picked":["Havoc","Twin Strike","Bludgeon"],"picked":"SKIP","floor":28.0},{"not_picked":["Immolate","Berserk"],"picked":"Double Tap","floor":33.0},{"not_picked":["Wild Strike+1","Armaments","True Grit"],"picked":"SKIP","floor":35.0},{"not_picked":["Iron Wave","Rupture"],"picked":"Shrug It Off+1","floor":36.0},{"not_picked":["Clothesline","Dropkick+1","Spot Weakness"],"picked":"SKIP","floor":38.0},{"not_picked":["Inflame","Wild Strike","Anger"],"picked":"SKIP","floor":42.0},{"not_picked":["Searing Blow","Immolate"],"picked":"Impervious","floor":44.0},{"not_picked":["Warcry","Blood for Blood"],"picked":"Metallicize","floor":46.0},{"not_picked":["Combust+1","Anger"],"picked":"Seeing Red","floor":47.0},{"not_picked":["Headbutt","Pummel"],"picked":"Inflame+1","floor":48.0}],"player_experience":1571225,"relics_obtained":[{"floor":6.0,"key":"Magic Flower"},{"floor":9.0,"key":"StrikeDummy"},{"floor":12.0,"key":"Pen Nib"},{"floor":14.0,"key":"MawBank"},{"floor":23.0,"key":"Meat on the Bone"},{"floor":26.0,"key":"InkBottle"},{"floor":27.0,"key":"Red Mask"},{"floor":28.0,"key":"Orichalcum"},{"floor":44.0,"key":"Letter Opener"},{"floor":46.0,"key":"MealTicket"}],"event_choices":[{"damage_healed":0.0,"max_hp_gain":0.0,"max_hp_loss":0.0,"gold_gain":0.0,"event_name":"Upgrade Shrine","player_choice":"Upgraded","floor":3.0,"gold_loss":0.0,"damage_taken":0.0,"cards_upgraded":["Dark Embrace"]},{"damage_healed":0.0,"max_hp_gain":0.0,"max_hp_loss":0.0,"gold_gain":0.0,"event_name":"Masked Bandits","player_choice":"Fought Bandits","floor":27.0,"gold_loss":0.0,"damage_taken":0.0},{"damage_healed":0.0,"max_hp_gain":0.0,"max_hp_loss":0.0,"gold_gain":0.0,"event_name":"Cursed Tome","player_choice":"Ignored","floor":29.0,"gold_loss":0.0,"damage_taken":0.0},{"damage_healed":0.0,"max_hp_gain":0.0,"max_hp_loss":0.0,"gold_gain":0.0,"event_name":"The Mausoleum","player_choice":"Opened","floor":31.0,"gold_loss":0.0,"damage_taken":0.0,"relics_obtained":["Bag of Preparation"],"cards_obtained":["Writhe"]},{"damage_healed":0.0,"max_hp_gain":0.0,"max_hp_loss":0.0,"gold_gain":0.0,"cards_transformed":["Defend_R"],"event_name":"Transmorgrifier","player_choice":"Transformed","floor":39.0,"gold_loss":0.0,"damage_taken":0.0,"cards_obtained":["Seeing Red"]}],"is_beta":false,"boss_relics":[{"not_picked":["Ectoplasm","Runic Cube"],"picked":"Astrolabe"},{"not_picked":["Pandora\u0027s Box","Velvet Choker"],"picked":"Black Blood"}],"items_purged_floors":[5,21],"is_endless":false,"potions_floor_spawned":[4,6,11,16,22,23,27,28,33,36,38,44],"killed_by":"Awakened One","ascension_level":20}}