{"host":"19oeygk4edom25m1","time":1609962511,"event":{"mods":["2.2 Compatiblity","BaseMod","Better Note","Better Third Choice","Colored Map","Colored Powertips","Curses Come First","Downfall","Hermit","Highlight Path","Hubris","Infinite Spire","Minty Spire (QoL Compilation)","Rare Cards Sparkle","Replay The Spire","Shop Mod","StSLib","The Jungle","The Marked","The Mystic"],"gold_per_floor":[99,114,14,29,29,29,104,104,29,59,74,89,14,44,59,159,209,269,284,299,13,28,28,28,43,68,68,98,98,98,5,20,120,120,120,120,120,120,135,150,200,200,215,215,215],"floor_reached":44,"playtime":7685,"items_purged":[],"score":535,"play_id":"7f1063e2-2ee6-4670-bcb3-bcf73afd04e4","local_time":"20210106174831","daily_mods":["Heirloom","Time Dilation","Elite Swarm"],"is_ascension_mode":false,"campfire_choices":[{"floor":1,"key":"RECALL"},{"data":"Dramatic Entrance","floor":9,"key":"SMITH"},{"floor":13,"key":"REST"},{"floor":23,"key":"REST"},{"data":"FlurryOfBlows","floor":27,"key":"SMITH"},{"data":"Brilliance","floor":29,"key":"SMITH"},{"data":"Establishment","floor":35,"key":"SMITH"},{"floor":42,"key":"REST"}],"circlet_count":0,"master_deck":["Strike_P+1","Strike_P","Strike_P","Strike_P","Defend_P","Defend_P","Defend_P","Defend_P","Eruption","Vigilance","InnerPeace","Halt","Dramatic Entrance+1","Swivel","Replay:LoomingThreat","Evaluate","CrushJoints","Brilliance+1","FearNoEvil","Scrawl","FlyingSleeves","ForeignInfluence","FlurryOfBlows+1","Pray+1","Thinking Ahead","Consecrate","ThirdEye","Consecrate+1","MentalFortress","SpiritShield","FlurryOfBlows","Replay:ManipulateFuture","FearNoEvil","SashWhip+1","Establishment+1","CommonCold","Clumsy","Protect+1","FollowUp+1","EmptyFist+1"],"relics":["PureWater","CaptainsWheel","infinitespire:EmpoweringShard","hubris:Towel","FaceOfCleric","downfall:HeartBlessingBlue","Strawberry","downfall:HeartBlessingRed","Guardian:PocketSentry","Tiny House","Yang","infinitespire:Beetle Shell","Replay:Purple Gloves","Replay:Ancient Bell","Bag of Preparation","ReplayTheSpireMod:Shallot","infinitespire:Joker Card","hubris:Icosahedron","Spirit Poop","hubris:SlimyHat"],"acts_visited":["Exordium","TheCity","TheBeyond"],"potions_floor_usage":[33,33,33],"damage_taken":[{"damage":0,"enemies":"Small Slimes","floor":2,"turns":5},{"damage":2,"enemies":"downfall:FleeingMerchant","floor":3,"turns":4},{"damage":0,"enemies":"2 Louse","floor":4,"turns":2},{"damage":49,"enemies":"Lagavulin","floor":10,"turns":9},{"damage":4,"enemies":"Cultist","floor":11,"turns":5},{"damage":0,"enemies":"2 Fungi Beasts","floor":12,"turns":1},{"damage":32,"enemies":"Gremlin Nob","floor":14,"turns":4},{"damage":0,"enemies":"Blue Slaver","floor":15,"turns":2},{"damage":18,"enemies":"The Guardian","floor":16,"turns":9},{"damage":0,"enemies":"Spheric Guardian","floor":19,"turns":4},{"damage":10,"enemies":"3 Byrds","floor":20,"turns":4},{"damage":0,"enemies":"downfall:FleeingMerchant","floor":21,"turns":4},{"damage":16,"enemies":"Snecko","floor":22,"turns":5},{"damage":2,"enemies":"Sentry and Sphere","floor":25,"turns":3},{"damage":0,"enemies":"Gremlin Leader","floor":28,"turns":4},{"damage":6,"enemies":"downfall:FleeingMerchant","floor":31,"turns":4},{"damage":0,"enemies":"3 Cultists","floor":32,"turns":2},{"damage":74,"enemies":"downfall:Silent","floor":33,"turns":8},{"damage":26,"enemies":"3 Shapes","floor":39,"turns":2},{"damage":0,"enemies":"Orb Walker","floor":40,"turns":2},{"damage":3,"enemies":"Transient","floor":43,"turns":5},{"damage":118,"enemies":"Nightmare","floor":44,"turns":10}],"seed_played":"-5218424555718163201","potions_obtained":[{"floor":10,"key":"sneckomod:MuddlingPotion"},{"floor":11,"key":"Flashbang"},{"floor":12,"key":"SkillPotion"},{"floor":17,"key":"Death Potion"},{"floor":39,"key":"Explosive Potion"},{"floor":43,"key":"GamblersBrew"}],"is_trial":false,"path_per_floor":["R","M","$","M","?","?","T","?","R","E","M","M","R","E","M","B",null,"R_BF","M","M","$","M","R","T","M","T","R","E","R","?","$","M","B",null,"R","?","?","?","M","M","T","R","M","NM"],"character_chosen":"WATCHER","items_purchased":["Dramatic Entrance","Thinking Ahead","Consecrate","ThirdEye","FearNoEvil"],"campfire_rested":3,"item_purchase_floors":[3,21,21,21,31],"current_hp_per_floor":[72,72,70,70,70,70,70,70,80,39,36,37,64,33,34,17,100,100,101,92,93,78,104,104,103,103,103,104,104,104,99,100,27,109,109,109,112,112,87,88,88,114,112,0,0],"gold":215,"neow_bonus":"","is_daily":true,"chose_seed":false,"campfire_upgraded":4,"win_rate":0.0,"timestamp":1609962511,"path_taken":["R","M","$","M","?","?","T","?","R","E","M","M","R","E","M","BOSS","R_BF","M","M","$","M","R","T","M","?","R","E","R","?","?","M","BOSS","R","?","?","?","M","M","T","R","?","NM"],"items_purchased_type":["Card","Card","Card","Card","Card"],"build_version":"2020-12-22","purchased_purges":0,"victory":false,"max_hp_per_floor":[72,72,72,72,72,72,72,72,82,90,91,92,92,93,94,95,100,100,101,102,103,104,104,104,105,105,105,106,106,106,107,108,109,109,109,109,112,112,113,114,114,114,115,115,115],"card_choices":[{"not_picked":["Replay:DivineShield","Protect"],"picked":"InnerPeace","floor":2},{"not_picked":["EmptyFist","Sanctity"],"picked":"Halt","floor":3},{"not_picked":["Replay:BluntJabs","CutThroughFate"],"picked":"Swivel","floor":4},{"not_picked":["DeusExMachina","SpiritShield"],"picked":"Replay:LoomingThreat","floor":10},{"not_picked":["Devotion","Replay:Cycle"],"picked":"Evaluate","floor":11},{"not_picked":["WaveOfTheHand","Evaluate"],"picked":"CrushJoints","floor":12},{"not_picked":["Ragnarok","Devotion"],"picked":"Brilliance","floor":14},{"not_picked":["PathToVictory","Perseverance"],"picked":"FearNoEvil","floor":15},{"not_picked":["Devotion","Vault"],"picked":"Scrawl","floor":16},{"not_picked":["Collect","ClearTheMind"],"picked":"FlyingSleeves","floor":17},{"not_picked":["CrushJoints","Halt"],"picked":"ForeignInfluence","floor":19},{"not_picked":["DeceiveReality","Prostrate"],"picked":"FlurryOfBlows","floor":20},{"not_picked":["FlyingSleeves","Replay:ManipulateFuture"],"picked":"Pray+1","floor":21},{"not_picked":["WaveOfTheHand","FollowUp"],"picked":"Consecrate+1","floor":22},{"not_picked":["DeceiveReality","Evaluate"],"picked":"MentalFortress","floor":25},{"not_picked":["Wish","Devotion"],"picked":"SpiritShield","floor":28},{"not_picked":["CarveReality","Replay:BluntJabs"],"picked":"Replay:ManipulateFuture","floor":31},{"not_picked":["EmptyFist","JustLucky"],"picked":"SashWhip+1","floor":32},{"not_picked":["DevaForm","Scrawl"],"picked":"Establishment","floor":33},{"not_picked":["hubris:Sloth","hubris:Despair"],"picked":"CommonCold","floor":34},{"not_picked":["Overencumbered","Guardian:Aged"],"picked":"ReplayTheSpireMod:Splinters","floor":34},{"not_picked":["Shame","Normality"],"picked":"Clumsy","floor":34},{"not_picked":["WaveOfTheHand+1","FollowUp"],"picked":"Protect+1","floor":39},{"not_picked":["CrushJoints","Collect+1"],"picked":"FollowUp+1","floor":40},{"not_picked":["Crescendo","ThirdEye"],"picked":"EmptyFist+1","floor":43}],"player_experience":263230,"relics_obtained":[{"floor":5,"key":"infinitespire:EmpoweringShard"},{"floor":10,"key":"Strawberry"},{"floor":14,"key":"Guardian:PocketSentry"},{"floor":24,"key":"Yang"},{"floor":26,"key":"infinitespire:Beetle Shell"},{"floor":28,"key":"Replay:Purple Gloves"},{"floor":41,"key":"hubris:SlimyHat"}],"event_choices":[{"damage_healed":0,"gold_gain":0,"player_choice":"Trade","damage_taken":0,"relics_obtained":["FaceOfCleric"],"max_hp_gain":0,"max_hp_loss":0,"event_name":"FaceTrader","floor":8,"gold_loss":0},{"damage_healed":0,"gold_gain":0,"player_choice":"Read","damage_taken":0,"max_hp_gain":0,"max_hp_loss":0,"event_name":"The Library","floor":30,"gold_loss":0,"cards_obtained":["FlurryOfBlows"]},{"cards_removed":["ReplayTheSpireMod:Splinters"],"damage_healed":0,"gold_gain":0,"player_choice":"Offered Curse","damage_taken":0,"relics_obtained":["Spirit Poop"],"max_hp_gain":0,"max_hp_loss":0,"event_name":"Bonfire Elementals","floor":38,"gold_loss":0}],"is_beta":false,"boss_relics":[{"not_picked":["Pandora\u0027s Box","Busted Crown"],"picked":"Tiny House"},{"not_picked":["Fusion Hammer","hubris:Stopwatch"],"picked":"Replay:Ancient Bell"},{"not_picked":["Bronze Scales","Blue Doll"],"picked":"Bag of Preparation"},{"not_picked":["Sundial","infinitespire:ShieldingShard"],"picked":"ReplayTheSpireMod:Shallot"},{"not_picked":["Counterbalance","Old Coin"],"picked":"infinitespire:Joker Card"}],"items_purged_floors":[],"is_endless":false,"potions_floor_spawned":[10,11,12,19,20,22,32,39,43],"killed_by":"Nightmare","ascension_level":0}}