{"host":"dpbezu80jg8zk7un","time":1609974185,"event":{"mods":["BaseMod","Colored Map","Colored Powertips","Custom Start","DeckTracker","Minty Spire (QoL Compilation)","Quick Restart","StSLib","SuperFastMode"],"gold_per_floor":[117,127,141,27,27,27,27,27,52,52,63,83,111,124,124,195,195,214,234,234,252,73,101,101,112,112,126,126,140,168,184,184,184,184],"floor_reached":33,"playtime":1000,"items_purged":["Defend_P"],"score":632,"play_id":"f8ce4a0c-111e-4d83-8297-f5fdcb5cefd3","local_time":"20210107080305","is_ascension_mode":true,"campfire_choices":[{"data":"Eruption","floor":6.0,"key":"SMITH"},{"data":"Scrawl","floor":8.0,"key":"SMITH"},{"data":"SandsOfTime","floor":10.0,"key":"SMITH"},{"data":"Meditate","floor":15.0,"key":"SMITH"},{"floor":28,"key":"RECALL"},{"floor":32,"key":"REST"}],"circlet_count":0,"master_deck":["AscendersBane","Strike_P","Strike_P+1","Strike_P","Defend_P","Defend_P","Defend_P","Eruption+1","Vigilance","SandsOfTime+1","Meditate+1","Scrawl+1","CrushJoints+1","InnerPeace+1","Establishment"],"relics":["PureWater","MealTicket","Omamori","PreservedInsect","Whetstone","Sozu","Toy Ornithopter","The Courier","Bottled Lightning"],"acts_visited":["Exordium","TheCity"],"potions_floor_usage":[30,33],"damage_taken":[{"damage":0.0,"enemies":"Small Slimes","floor":1.0,"turns":3.0},{"damage":0.0,"enemies":"Cultist","floor":2.0,"turns":3.0},{"damage":1.0,"enemies":"2 Louse","floor":3.0,"turns":3.0},{"damage":3.0,"enemies":"Looter","floor":11.0,"turns":2.0},{"damage":0.0,"enemies":"Gremlin Gang","floor":12.0,"turns":3.0},{"damage":0.0,"enemies":"Lagavulin","floor":13.0,"turns":3.0},{"damage":0.0,"enemies":"Large Slime","floor":14.0,"turns":3.0},{"damage":33.0,"enemies":"Hexaghost","floor":16.0,"turns":7.0},{"damage":0.0,"enemies":"Spheric Guardian","floor":18.0,"turns":3.0},{"damage":0.0,"enemies":"Chosen","floor":19.0,"turns":2.0},{"damage":10.0,"enemies":"3 Cultists","floor":21.0,"turns":4.0},{"damage":10,"enemies":"Gremlin Leader","floor":23,"turns":3},{"damage":12,"enemies":"Chosen and Byrds","floor":25,"turns":5},{"damage":0,"enemies":"Cultist and Chosen","floor":27,"turns":3},{"damage":0,"enemies":"Snake Plant","floor":29,"turns":2},{"damage":28,"enemies":"Slavers","floor":30,"turns":3},{"damage":15,"enemies":"Centurion and Healer","floor":31,"turns":4},{"damage":31,"enemies":"Champ","floor":33,"turns":3}],"seed_played":"-6728172065597640146","potions_obtained":[{"floor":2.0,"key":"SkillPotion"},{"floor":3.0,"key":"Block Potion"}],"is_trial":false,"path_per_floor":["M","M","M","$","?","R","?","R","T","R","M","M","E","M","R","B",null,"M","M","?","M","$","E","?","M","T","M","R","M","E","M","R","B"],"character_chosen":"WATCHER","items_purchased":["Meditate","Establishment"],"campfire_rested":1,"item_purchase_floors":[4,22],"current_hp_per_floor":[61,61,60,68,63,63,63,63,63,63,60,60,60,60,60,27,58,58,58,58,48,63,53,53,41,41,41,41,41,18,3,23,0,0],"gold":184,"neow_bonus":"RANDOM_COMMON_RELIC","is_daily":false,"chose_seed":false,"campfire_upgraded":4,"win_rate":0.0,"timestamp":1609974185,"path_taken":["M","M","M","$","?","R","?","R","T","R","?","M","E","?","R","BOSS","M","?","?","M","$","E","?","M","T","M","R","M","E","M","R","BOSS"],"items_purchased_type":["Card","Card"],"build_version":"2020-12-22","purchased_purges":1,"victory":false,"max_hp_per_floor":[68,68,68,68,68,68,68,68,68,68,68,68,68,68,68,68,68,68,68,68,68,68,68,68,68,68,68,68,68,68,68,68,68,68],"card_choices":[{"not_picked":["FlurryOfBlows","WaveOfTheHand"],"picked":"SandsOfTime","floor":1.0},{"not_picked":["Worship","Evaluate","Protect"],"picked":"SKIP","floor":2.0},{"not_picked":["EmptyBody","FlyingSleeves","BowlingBash"],"picked":"SKIP","floor":3.0},{"not_picked":["Meditate","JustLucky","BowlingBash"],"picked":"SKIP","floor":11.0},{"not_picked":["JustLucky","FlyingSleeves"],"picked":"CrushJoints","floor":12.0},{"not_picked":["Devotion","Sanctity"],"picked":"InnerPeace","floor":13.0},{"not_picked":["WreathOfFlame","Perseverance","ClearTheMind"],"picked":"SKIP","floor":14.0},{"not_picked":["FlyingSleeves","Collect","ClearTheMind"],"picked":"SKIP","floor":18.0},{"not_picked":["Conclude","WindmillStrike","Halt"],"picked":"SKIP","floor":19.0},{"not_picked":["Consecrate","Evaluate","ReachHeaven"],"picked":"SKIP","floor":21.0},{"not_picked":["ThirdEye","FollowUp","CarveReality+1"],"picked":"SKIP","floor":23},{"not_picked":["Wireheading","Weave","CutThroughFate"],"picked":"SKIP","floor":25},{"not_picked":["InnerPeace","EmptyBody","Consecrate"],"picked":"SKIP","floor":27},{"not_picked":["Weave","CutThroughFate","InnerPeace"],"picked":"SKIP","floor":29},{"not_picked":["Evaluate+1","WaveOfTheHand+1","ClearTheMind"],"picked":"SKIP","floor":30},{"not_picked":["Omniscience","Collect","InnerPeace"],"picked":"SKIP","floor":31}],"player_experience":2842553,"relics_obtained":[{"floor":9.0,"key":"PreservedInsect"},{"floor":13.0,"key":"Whetstone"},{"floor":23,"key":"Toy Ornithopter"},{"floor":26,"key":"The Courier"},{"floor":30,"key":"Bottled Lightning"}],"event_choices":[{"damage_healed":0.0,"max_hp_gain":0.0,"max_hp_loss":0.0,"gold_gain":0.0,"event_name":"Scrap Ooze","player_choice":"Success","floor":5.0,"gold_loss":0.0,"damage_taken":5.0,"relics_obtained":["Omamori"]},{"damage_healed":0.0,"max_hp_gain":0.0,"max_hp_loss":0.0,"gold_gain":0.0,"cards_transformed":["Strike_P"],"event_name":"Transmorgrifier","player_choice":"Transformed","floor":7.0,"gold_loss":0.0,"damage_taken":0.0,"cards_obtained":["Scrawl"]},{"damage_healed":0.0,"max_hp_gain":0.0,"max_hp_loss":0.0,"gold_gain":0.0,"event_name":"Cursed Tome","player_choice":"Ignored","floor":20.0,"gold_loss":0.0,"damage_taken":0.0},{"damage_healed":0,"gold_gain":0,"player_choice":"Upgraded","damage_taken":0,"max_hp_gain":0,"max_hp_loss":0,"event_name":"Upgrade Shrine","floor":24,"gold_loss":0,"cards_upgraded":["InnerPeace"]}],"is_beta":false,"boss_relics":[{"not_picked":["Ectoplasm","Philosopher\u0027s Stone"],"picked":"Sozu"}],"items_purged_floors":[4],"is_endless":false,"potions_floor_spawned":[2,3,14,19,25,27,29,31],"killed_by":"Champ","ascension_level":20}}