{"host":"1183f001whnzd7mj","time":1609900018,"event":{"mods":["AchievementEnabler","BaseMod","Beaked The Cultist","BetterRewards","Conspire","Downfall","Friendly Minions","Highlight Path","Infinite Spire","Mimic Mod","Minty Spire (QoL Compilation)","Permanent Neow","Quick Restart","Replay The Spire","Shop Mod","StSLib","The Bug Knight","The Mystic"],"gold_per_floor":[116,41,41,53,64,64,93,108,108,108,118,135,135,149,149,244,244,260,185,198,198,198,198],"floor_reached":22,"playtime":1373,"items_purged":["HollowMod:NailStrikeStart"],"score":188,"play_id":"2710cfb4-6956-4963-9315-b2f6affa974d","local_time":"20210106022658","is_ascension_mode":false,"campfire_choices":[{"data":"HollowMod:MantisMark","floor":6,"key":"SMITH"},{"data":"HollowMod:CycloneSlash","floor":13,"key":"SMITH"},{"data":"HollowMod:CycloneSlash","floor":15,"key":"SMITH"}],"circlet_count":0,"master_deck":["HollowMod:NailStrikeStart","HollowMod:QuickDashStart","HollowMod:QuickDashStart","HollowMod:QuickDashStart","HollowMod:FocusHealStart","HollowMod:PogoStrike","HollowMod:CycloneSlash+1","HollowMod:MantisMark+1","HollowMod:CycloneSlash+1","HollowMod:GoodIntentions+1","HollowMod:CloakDash","HollowMod:DescendingDark","HollowMod:DoubleDash","HollowMod:LordofShades","HollowMod:GoodIntentions+1","HollowMod:SharpenedShadows","RitualDagger"],"relics":["HollowMod:VesselMask","Replay:Bottled Flurry","ChewingGum"],"acts_visited":["Exordium","TheCity"],"potions_floor_usage":[20,22],"damage_taken":[{"damage":0,"enemies":"Small Slimes","floor":1,"turns":5},{"damage":1,"enemies":"Cultist","floor":4,"turns":3},{"damage":1,"enemies":"2 Louse","floor":5,"turns":2},{"damage":18,"enemies":"3 Sentries","floor":7,"turns":4},{"damage":5,"enemies":"Looter","floor":8,"turns":3},{"damage":6,"enemies":"conspire:2 RoseBushes","floor":11,"turns":3},{"damage":0,"enemies":"Gremlin Gang","floor":12,"turns":1},{"damage":0,"enemies":"3 Louse","floor":14,"turns":2},{"damage":33,"enemies":"Fading Forest","floor":16,"turns":11},{"damage":62,"enemies":"Chosen","floor":18,"turns":10},{"damage":17,"enemies":"Shell Parasite","floor":20,"turns":13},{"damage":10,"enemies":"Centurion and Healer","floor":22,"turns":2}],"seed_played":"2766404154095377635","potions_obtained":[{"floor":1,"key":"Fire Potion"},{"floor":8,"key":"GamblersBrew"},{"floor":14,"key":"Venom Potion"},{"floor":20,"key":"Toxic Potion"}],"is_trial":false,"path_per_floor":["M","$","?","M","M","R","E","M","T","?","M","M","R","M","R","B",null,"M","?","M","?","M"],"character_chosen":"THE_BUGKNIGHT","items_purchased":[],"campfire_rested":0,"item_purchase_floors":[],"current_hp_per_floor":[64,64,64,69,68,68,60,55,55,55,49,49,49,49,49,34,75,17,17,12,6,0,0],"gold":198,"neow_bonus":"REMOVE_TWO","is_daily":false,"chose_seed":false,"campfire_upgraded":3,"win_rate":0.0,"timestamp":1609900018,"path_taken":["M","$","?","M","M","R","E","?","T","?","M","M","R","?","R","BOSS","M","?","M","?","M"],"items_purchased_type":[],"build_version":"2020-12-22","purchased_purges":1,"victory":false,"max_hp_per_floor":[75,75,75,75,75,75,75,75,75,75,75,75,75,75,75,75,75,75,75,75,75,75,75],"card_choices":[{"not_picked":["HollowMod:HeavyBlow","HollowMod:InfectedCysts"],"picked":"HollowMod:CycloneSlash","floor":1},{"not_picked":["HollowMod:ChannelNail","HollowMod:NewLittleFool"],"picked":"HollowMod:CycloneSlash","floor":4},{"not_picked":["HollowMod:ZotesMagnificence","HollowMod:ShadowDash"],"picked":"HollowMod:GoodIntentions","floor":5},{"not_picked":["HollowMod:SoulSplash","HollowMod:ChannelNail"],"picked":"HollowMod:CloakDash","floor":7},{"not_picked":["HollowMod:SoulSplash","HollowMod:NewGlowingWomb"],"picked":"HollowMod:DescendingDark","floor":8},{"not_picked":["HollowMod:DashSlash","HollowMod:SiblingsSouls","HollowMod:MothsMistake"],"picked":"SKIP","floor":11},{"not_picked":["HollowMod:CornifersMapStart","HollowMod:theNailsmith"],"picked":"HollowMod:DoubleDash","floor":12},{"not_picked":["HollowMod:CycloneSlash","HollowMod:LifebloodCocoon"],"picked":"HollowMod:MonarchWings","floor":14},{"not_picked":["HollowMod:HornetsHelp","HollowMod:VoidDash"],"picked":"HollowMod:LordofShades","floor":16},{"not_picked":["HollowMod:MawleksShell","HollowMod:NewLittleFool+1"],"picked":"HollowMod:GoodIntentions+1","floor":18},{"not_picked":["HollowMod:CrystalDash","HollowMod:CornifersMapStart+1"],"picked":"HollowMod:SharpenedShadows","floor":20}],"player_experience":101810,"relics_obtained":[{"floor":7,"key":"Replay:Bottled Flurry"}],"event_choices":[{"damage_healed":0,"gold_gain":0,"cards_transformed":["HollowMod:NailStrikeStart"],"player_choice":"Transformed","damage_taken":0,"max_hp_gain":0,"max_hp_loss":0,"event_name":"Transmorgrifier","floor":3,"gold_loss":0,"cards_obtained":["HollowMod:MantisMark"]},{"damage_healed":0,"gold_gain":0,"player_choice":"Forge","damage_taken":0,"max_hp_gain":0,"max_hp_loss":0,"event_name":"Accursed Blacksmith","floor":10,"gold_loss":0,"cards_upgraded":["HollowMod:GoodIntentions"]},{"cards_removed":["HollowMod:MonarchWings"],"damage_healed":0,"gold_gain":0,"player_choice":"Gave Gold","damage_taken":0,"max_hp_gain":0,"max_hp_loss":0,"event_name":"Beggar","floor":19,"gold_loss":75},{"damage_healed":0,"gold_gain":0,"player_choice":"Joined the Cult","damage_taken":6,"max_hp_gain":0,"max_hp_loss":0,"event_name":"Nest","floor":21,"gold_loss":0,"cards_obtained":["RitualDagger"]}],"is_beta":false,"boss_relics":[{"not_picked":["Fusion Hammer","Kintsugi"],"picked":"ChewingGum"}],"items_purged_floors":[2],"is_endless":false,"potions_floor_spawned":[1,8,14,20],"killed_by":"Centurion and Healer","ascension_level":0}}