{"host":"gkh5j5k5w4qf7k7n","time":1609976909,"event":{"mods":["2.2 Compatiblity","AchievementEnabler","BaseMod","Colored Map","Colored Powertips","Downfall","GifTheSpireLib","Keyboard Shortcuts","Minty Spire (QoL Compilation)","Quick Restart","StSLib","SuperFastMode","¡¼?Úª?ø«¡½REMEMod"],"gold_per_floor":[99,110,20,40,40,50,76,76,86,121,296,328,348,359,378,482,482,482,493,493,253,263,290,290,305,318,333,258,258,258,135,154,254,254,179,199,212,232,246,273,273,283,283,108,128,53,69,84,104,104,104,137,69,69,99],"floor_reached":56,"playtime":2393,"items_purged":["Slimebound:SplotLeeching","Slimebound:SplotBruiser","Doubt","Slimebound:Defend_Slimebound","Slimebound:Gluttony"],"score":1526,"play_id":"1e0dce7a-0691-463b-97bc-ebfa37f81955","local_time":"20210107084829","is_ascension_mode":true,"campfire_choices":[{"data":"Slimebound:CorrosiveSpit","floor":1.0,"key":"SMITH"},{"data":"Ragnarok","floor":8.0,"key":"SMITH"},{"data":"Slimebound:DuplicatedForm","floor":18.0,"key":"SMITH"},{"data":"Slimebound:Recycling","floor":28.0,"key":"SMITH"},{"floor":30.0,"key":"RECALL"},{"data":"Slimebound:ProtectTheBoss","floor":35.0,"key":"SMITH"},{"data":"Slimebound:LevelUp","floor":46,"key":"SMITH"},{"data":"Slimebound:DuplicatedForm","floor":54,"key":"SMITH"}],"circlet_count":0,"master_deck":["Slimebound:Defend_Slimebound","Slimebound:Defend_Slimebound","Slimebound:Split+1","Slimebound:CorrosiveSpit+1","Ragnarok+1","Slimebound:SamplingLick","Slimebound:OneTwoCombo","Slimebound:SplitAcid","Slimebound:Recollect","Slimebound:HauntingLick","Slimebound:Recycling+1","Slimebound:DuplicatedForm+1","Slimebound:FirmFortitude+1","Slimebound:PressTheAttack+1","Slimebound:Gluttony+1","Slimebound:SplitMire+1","Slimebound:LeechLife","Slimebound:ComboTackle+1","Slimebound:SplitBruiser","Slimebound:GoopSpray+1","Slimebound:SplitBruiser+1","Slimebound:OneTwoCombo","Slimebound:ProtectTheBoss+1","Slimebound:MinionMaster","Slimebound:DuplicatedForm+1","Slimebound:SlimeBrawl+1","Slimebound:LevelUp+1","Slimebound:ProtectTheBoss","Slimebound:Replication+1","Slimebound:SpikyOuterGoop+1","Slimebound:SpikyOuterGoop"],"relics":["Slimebound:AbsorbEndCombat","REME_ComplimentaryCards","Guardian:PocketSentry","Tiny Chest","Boot","Astrolabe","Slimebound:MaxSlimesRelic","downfall:HeartBlessingBlue","Bag of Preparation","Cursed Key","downfall:HeartBlessingRed","Anchor","downfall:HeartBlessingGreen","Oddly Smooth Stone"],"acts_visited":["Exordium","TheCity","TheBeyond","TheEnding"],"potions_floor_usage":[55,55,55,55,55],"damage_taken":[{"damage":13.0,"enemies":"Cultist","floor":2.0,"turns":4.0},{"damage":8.0,"enemies":"downfall:FleeingMerchant","floor":3.0,"turns":4.0},{"damage":0.0,"enemies":"Jaw Worm","floor":4.0,"turns":1.0},{"damage":7.0,"enemies":"2 Louse","floor":6.0,"turns":3.0},{"damage":16.0,"enemies":"Exordium Wildlife","floor":9.0,"turns":3.0},{"damage":12.0,"enemies":"Lagavulin","floor":10.0,"turns":4.0},{"damage":12.0,"enemies":"Gremlin Nob","floor":12.0,"turns":2.0},{"damage":13.0,"enemies":"Red Slaver","floor":13.0,"turns":2.0},{"damage":8.0,"enemies":"2 Fungi Beasts","floor":14.0,"turns":2.0},{"damage":12.0,"enemies":"Large Slime","floor":15.0,"turns":3.0},{"damage":48.0,"enemies":"downfall:Silent","floor":16.0,"turns":5.0},{"damage":26.0,"enemies":"3 Byrds","floor":19.0,"turns":4.0},{"damage":36.0,"enemies":"downfall:FleeingMerchant","floor":21.0,"turns":4.0},{"damage":8.0,"enemies":"Spheric Guardian","floor":22.0,"turns":3.0},{"damage":19.0,"enemies":"Book of Stabbing","floor":23.0,"turns":3.0},{"damage":41.0,"enemies":"Cultist and Chosen","floor":25.0,"turns":4.0},{"damage":32.0,"enemies":"3 Cultists","floor":26.0,"turns":4.0},{"damage":16.0,"enemies":"Centurion and Healer","floor":27.0,"turns":4.0},{"damage":38.0,"enemies":"downfall:FleeingMerchant","floor":31.0,"turns":3.0},{"damage":32.0,"enemies":"Shelled Parasite and Fungi","floor":32.0,"turns":3.0},{"damage":40.0,"enemies":"downfall:Ironclad","floor":33.0,"turns":4.0},{"damage":20.0,"enemies":"Orb Walker","floor":36.0,"turns":2.0},{"damage":13.0,"enemies":"3 Shapes","floor":37.0,"turns":2.0},{"damage":23.0,"enemies":"3 Darklings","floor":38.0,"turns":3.0},{"damage":16.0,"enemies":"Writhing Mass","floor":39.0,"turns":2.0},{"damage":24.0,"enemies":"Giant Head","floor":40.0,"turns":6.0},{"damage":78,"enemies":"Transient","floor":42,"turns":5},{"damage":16,"enemies":"Jaw Worm Horde","floor":45,"turns":2},{"damage":46,"enemies":"Spire Growth","floor":47,"turns":3},{"damage":12,"enemies":"Sphere and 2 Shapes","floor":48,"turns":3},{"damage":4,"enemies":"Writhing Mass","floor":49,"turns":2},{"damage":58,"enemies":"downfall:Watcher","floor":50,"turns":3},{"damage":65,"enemies":"downfall:CharBossMerchant","floor":52,"turns":6},{"damage":68,"enemies":"downfall:NeowBoss","floor":55,"turns":12}],"seed_played":"7820131565268114940","potions_obtained":[{"floor":4.0,"key":"champ:CounterPotion"},{"floor":12.0,"key":"SkillPotion"},{"floor":13.0,"key":"Strength Potion"},{"floor":15.0,"key":"EntropicBrew"},{"floor":16.0,"key":"FairyPotion"},{"floor":20.0,"key":"CultistPotion"},{"floor":36.0,"key":"DistilledChaos"},{"floor":38.0,"key":"DuplicationPotion"},{"floor":48,"key":"EntropicBrew"}],"is_trial":false,"path_per_floor":["R","M","$","M","?","M","T","R","M","E","?","E","M","M","M","B",null,"R","M","?","$","M","E","T","M","M","M","R","?","R","$","M","B",null,"R","M","M","M","M","E","T","M","T","$","M","R","M","M","M","B",null,"E","$","R","B",null],"character_chosen":"SLIMEBOUND","items_purchased":["Bag of Preparation","Slimebound:OneTwoCombo","Slimebound:ProtectTheBoss","Slimebound:SpikyOuterGoop"],"campfire_rested":0,"item_purchase_floors":[31,31,31,53],"current_hp_per_floor":[60,53,57,60,60,55,55,55,57,60,60,60,55,60,60,38,60,60,52,52,58,60,60,60,60,54,58,68,68,68,70,70,64,70,70,70,70,68,70,70,70,70,70,70,70,70,70,70,70,70,70,70,70,70,70],"gold":99,"neow_bonus":"UPGRADE_CARD","is_daily":false,"chose_seed":false,"campfire_upgraded":7,"win_rate":0.0,"timestamp":1609976909,"path_taken":["R","M","?","M","?","?","T","R","M","E","?","E","M","M","M","BOSS","R","M","?","$","M","E","T","M","M","M","R","?","R","$","M","BOSS","R","M","M","M","M","E","T","M","?","$","M","R","?","M","M","BOSS","E","$","R","BOSS"],"items_purchased_type":["Relic","Card","Card","Card"],"build_version":"2020-12-22","purchased_purges":5,"victory":true,"max_hp_per_floor":[60,60,60,60,60,60,60,60,60,60,60,60,60,60,60,60,60,60,60,60,60,60,60,60,60,60,60,70,70,70,70,70,70,70,70,70,70,70,70,70,70,70,70,70,70,70,70,70,70,70,70,70,70,70,70],"card_choices":[{"not_picked":["Slimebound:FirmFortitude","Slimebound:SplitBruiser"],"picked":"Slimebound:SamplingLick","floor":2.0},{"not_picked":["Slimebound:Schlurp","Slimebound:HauntingLick"],"picked":"Slimebound:OneTwoCombo","floor":3.0},{"not_picked":["Slimebound:RollThrough","Slimebound:Schlurp","Slimebound:ItLooksTasty"],"picked":"SKIP","floor":4.0},{"not_picked":["Slimebound:SamplingLick","Slimebound:LeechingTouch"],"picked":"Slimebound:Gluttony","floor":6.0},{"not_picked":["Slimebound:TongueLash","Slimebound:Schlurp"],"picked":"Slimebound:SplitAcid","floor":9.0},{"not_picked":["Slimebound:RejuvenatingLick","Slimebound:PressTheAttack"],"picked":"Slimebound:Recollect","floor":10.0},{"not_picked":["Slimebound:GoopSpray","Slimebound:SlimeBrawl","Slimebound:Gluttony"],"picked":"SKIP","floor":12.0},{"not_picked":["Slimebound:RainOfGoop","Slimebound:BestDefense"],"picked":"Slimebound:HauntingLick","floor":13.0},{"not_picked":["Slimebound:SlimeBarrage","Slimebound:SplitMire"],"picked":"Slimebound:Recycling","floor":14.0},{"not_picked":["Slimebound:Grow","Slimebound:AcidTongue","Slimebound:RollThrough"],"picked":"SKIP","floor":15.0},{"not_picked":["Slimebound:Overexert","Slimebound:OozeBath"],"picked":"Slimebound:DuplicatedForm","floor":16.0},{"not_picked":["Slimebound:SlimeSpikes+1","Slimebound:BestDefense+1"],"picked":"Slimebound:SplitMire+1","floor":19.0},{"not_picked":["Slimebound:GrowthPunch","Slimebound:GoopSpray+1"],"picked":"Slimebound:LeechLife","floor":21.0},{"not_picked":["Slimebound:FinishingTackle","Slimebound:GrowthPunch","Slimebound:SamplingLick"],"picked":"SKIP","floor":22.0},{"not_picked":["Slimebound:SplitAcid","Slimebound:DouseInSlime"],"picked":"Slimebound:ComboTackle+1","floor":23.0},{"not_picked":["Slimebound:SlimeSpikes","Slimebound:ViciousTackle"],"picked":"Slimebound:SplitBruiser","floor":25.0},{"not_picked":["Slimebound:SplitMire","Slimebound:Grow"],"picked":"Slimebound:GoopSpray+1","floor":26.0},{"not_picked":["Slimebound:SplitMire","Slimebound:CheckThePlaybook"],"picked":"Slimebound:SplitBruiser+1","floor":27.0},{"not_picked":["Slimebound:SamplingLick","Slimebound:GrowthPunch","Slimebound:SplitMire"],"picked":"SKIP","floor":31.0},{"not_picked":["Slimebound:RollThrough","Slimebound:PressTheAttack","Slimebound:Grow"],"picked":"SKIP","floor":32.0},{"not_picked":["Slimebound:WasteNot","Slimebound:DouseInSlime"],"picked":"Slimebound:MinionMaster","floor":33.0},{"not_picked":["Slimebound:LeechingTouch","Slimebound:LeechEnergy","Slimebound:SplitBruiser"],"picked":"SKIP","floor":36.0},{"not_picked":["Slimebound:ViciousTackle","Slimebound:RollThrough","Slimebound:DisruptingSlam"],"picked":"SKIP","floor":37.0},{"not_picked":["Slimebound:Gluttony+1","Slimebound:Grow+1","Slimebound:Repurpose"],"picked":"SKIP","floor":38.0},{"not_picked":["Slimebound:ViciousTackle+1","Slimebound:Schlurp+1"],"picked":"Slimebound:DuplicatedForm","floor":39.0},{"not_picked":["Slimebound:RejuvenatingLick","Slimebound:LeechEnergy"],"picked":"Slimebound:SlimeBrawl+1","floor":40.0},{"not_picked":["Slimebound:LeechingTouch","Slimebound:BestDefense+1","Slimebound:PressTheAttack"],"picked":"SKIP","floor":42},{"not_picked":["Slimebound:Schlurp+1","Slimebound:LivingWall+1"],"picked":"Slimebound:LevelUp","floor":45},{"not_picked":["Slimebound:SplitBruiser+1","Slimebound:SplitAcid"],"picked":"Slimebound:ProtectTheBoss","floor":47},{"not_picked":["Slimebound:ComboTackle","Slimebound:GrowthPunch+1"],"picked":"Slimebound:Replication+1","floor":48},{"not_picked":["Slimebound:MegaLick","Slimebound:SplitLeeching+1"],"picked":"Slimebound:SpikyOuterGoop+1","floor":49},{"not_picked":["Slimebound:Schlurp+1","Slimebound:Equalize","Slimebound:DuplicatedForm"],"picked":"SKIP","floor":52}],"player_experience":746005,"relics_obtained":[{"floor":7.0,"key":"Guardian:PocketSentry"},{"floor":10.0,"key":"Tiny Chest"},{"floor":12.0,"key":"Boot"},{"floor":23.0,"key":"Slimebound:MaxSlimesRelic"},{"floor":40.0,"key":"Anchor"},{"floor":52,"key":"Oddly Smooth Stone"}],"event_choices":[{"cards_removed":["Slimebound:Strike_Slimebound"],"damage_healed":0.0,"max_hp_gain":0.0,"max_hp_loss":0.0,"gold_gain":0.0,"event_name":"Purifier","player_choice":"Purged","floor":5.0,"gold_loss":0.0,"damage_taken":0.0}],"is_beta":false,"boss_relics":[{"not_picked":["REME_DemonsWealth","Velvet Choker"],"picked":"Astrolabe"},{"not_picked":["SacredBark","REME_DuelDisc"],"picked":"Cursed Key"}],"items_purged_floors":[3,21,21,31,44],"is_endless":false,"potions_floor_spawned":[4,12,13,15,16,22,25,32,33,36,38,42,47,48,52],"ascension_level":3}}