{"host":"07w92xc562nr1xn4","time":1609943625,"event":{"mods":["BaseMod","Colored Map","Colored Powertips","Minty Spire (QoL Compilation)","Quick Restart","Replay The Spire","StSLib","The Senshi"],"gold_per_floor":[117,292,308,320,334,334,334,334],"floor_reached":7,"playtime":509,"items_purged":[],"score":45,"play_id":"69c9b965-e503-41b9-af3c-c50e0ac9e951","local_time":"20210106093345","is_ascension_mode":true,"campfire_choices":[{"data":"theSenshi:CrisisMakeUp","floor":6,"key":"SMITH"}],"circlet_count":0,"master_deck":["theSenshi:SailorKick","theSenshi:SailorKick","theSenshi:SailorKick","theSenshi:SailorKick","theSenshi:SailorBlock","theSenshi:SailorBlock","theSenshi:SailorBlock","theSenshi:SailorBlock","theSenshi:RoseThrow","theSenshi:MoonPrismPowerMakeUp","theSenshi:SailorMercuryAssists","Doubt","theSenshi:CrisisMakeUp+1","theSenshi:UranusStrength","theSenshi:EncouragingSpeech"],"relics":["theSenshi:TransformationBroochRelic"],"acts_visited":["Exordium"],"potions_floor_usage":[7],"damage_taken":[{"damage":1.0,"enemies":"Jaw Worm","floor":1.0,"turns":6.0},{"damage":5.0,"enemies":"2 Louse","floor":3.0,"turns":3.0},{"damage":0.0,"enemies":"Small Slimes","floor":4.0,"turns":5.0},{"damage":7,"enemies":"2 Fungi Beasts","floor":5,"turns":8},{"damage":79,"enemies":"3 Sentries","floor":7,"turns":10}],"seed_played":"8131342797811541949","potions_obtained":[{"floor":4.0,"key":"DistilledChaos"}],"is_trial":false,"path_per_floor":["M","?","M","M","M","R","E"],"character_chosen":"THE_SENSHI","items_purchased":[],"campfire_rested":0,"item_purchase_floors":[],"current_hp_per_floor":[81,81,76,76,69,69,0,0],"gold":334,"neow_bonus":"TEN_PERCENT_HP_BONUS","is_daily":false,"chose_seed":false,"campfire_upgraded":1,"win_rate":0.0,"timestamp":1609943625,"path_taken":["M","?","M","M","M","R","E"],"items_purchased_type":[],"build_version":"2020-12-22","purchased_purges":0,"victory":false,"max_hp_per_floor":[82,82,82,82,82,82,82,82],"card_choices":[{"not_picked":["theSenshi:SchoolBag","theSenshi:TallSilhouette"],"picked":"theSenshi:SailorMercuryAssists","floor":1.0},{"not_picked":["theSenshi:MoonPower","theSenshi:LateForSchool"],"picked":"theSenshi:CrisisMakeUp","floor":3.0},{"not_picked":["theSenshi:TuxedoSmokingBomber","theSenshi:TuxedoMaskAssists"],"picked":"theSenshi:UranusStrength","floor":4.0},{"not_picked":["theSenshi:SailorStarMakerAssists","theSenshi:KlutzyLuck"],"picked":"theSenshi:EncouragingSpeech","floor":5}],"player_experience":618974,"relics_obtained":[],"event_choices":[{"damage_healed":0.0,"max_hp_gain":0.0,"max_hp_loss":0.0,"gold_gain":175.0,"event_name":"Liars Game","player_choice":"AGREE","floor":2.0,"gold_loss":0.0,"damage_taken":0.0,"cards_obtained":["Doubt"]}],"is_beta":false,"boss_relics":[],"items_purged_floors":[],"is_endless":false,"potions_floor_spawned":[4],"killed_by":"3 Sentries","ascension_level":1}}