{"host":"wj90f2q0h2omert0","time":1609950759,"event":{"mods":["BaseMod","Beaked The Cultist","Better Third Choice","ChefMod","Clawfect","Colored Map","DeckTracker","Downfall","Gremlin Mod","Hubris","JesterMod","Minty Spire (QoL Compilation)","READ ME - Guardian Mod","Relic Stats","Robot Space Explorer","Shade Mod","StSLib","The Animator","The Blackbeard","The Bug Knight","The Caster","The Construct","The Dragon Tamer","The Druid","The Servant 0.9.4","TheLocksmith","TheSwordswoman"],"gold_per_floor":[99,99,99,24,24,24,93,112,112,134,159,159,159,63,80,175,175,175,186,286,286,286,126,175,175,194,203,226,255,255,284,284,284],"floor_reached":32,"playtime":1836,"items_purged":["sneckomod:TailWhip","Regret"],"score":232,"play_id":"56914e87-6fc4-4f53-810a-8942e03a78ab","local_time":"20210106113239","is_ascension_mode":false,"campfire_choices":[{"data":"sneckomod:Unknown","floor":1,"key":"SMITH"},{"data":"sneckomod:UnknownRarePower","floor":9,"key":"SMITH"},{"floor":13,"key":"REST"},{"data":"sneckomod:MasterEye","floor":18,"key":"SMITH"}],"circlet_count":0,"master_deck":["sneckomod:SnekBite","sneckomod:Unknown+1","sneckomod:Unknown","sneckomod:UnknownClassGUARDIAN","sneckomod:UnknownClassTHE_ANIMATOR","sneckomod:UnknownRarePower+1","sneckomod:Nope","sneckomod:UnknownClassRED","sneckomod:UnknownClassBEAKED_YELLOW+1","sneckomod:UnknownClassBLACKBEARD_BLACK","sneckomod:MasterEye+1","sneckomod:UnknownClassCONSTRUCTMOD","sneckomod:UnknownRareAttack","sneckomod:UnlimitedRolls","sneckomod:UnknownClassDT_ORANGE","sneckomod:DefensiveFlair","sneckomod:Nope","sneckomod:UnknownClassCASTER_COLOR","sneckomod:UnknownCommonAttack+1","sneckomod:UnknownClassSWORDSWOMAN_COLOR","sneckomod:UnknownUncommonPower","sneckomod:UnknownClassSHADE_COLOR+1","Slimebound:CheckThePlaybook","sneckomod:UnknownClassTHE_UNNAMED","sneckomod:UnknownClassBUGKNIGHT_GRAY_COLOR+1"],"relics":["sneckomod:SneckoSoul","downfall:HeartsMalice","Mercury Hourglass","Odd Mushroom","Bronze Scales","Pandora\u0027s Box","CaptainsWheel","construct:FoamFinger","hubris:Icosahedron","Lantern","CeramicFish","Nilry\u0027s Codex","Akabeko","FaceOfCleric"],"acts_visited":["Exordium","TheCity"],"potions_floor_usage":[11,29],"damage_taken":[{"damage":0,"enemies":"Small Slimes","floor":2,"turns":1},{"damage":0,"enemies":"Cultist","floor":3,"turns":1},{"damage":0,"enemies":"downfall:FleeingMerchant","floor":4,"turns":1},{"damage":11,"enemies":"Jaw Worm","floor":8,"turns":3},{"damage":0,"enemies":"The Mushroom Lair","floor":10,"turns":5},{"damage":32,"enemies":"Lagavulin","floor":11,"turns":7},{"damage":10,"enemies":"downfall:FleeingMerchant","floor":14,"turns":4},{"damage":4,"enemies":"3 Louse","floor":15,"turns":4},{"damage":18,"enemies":"downfall:Watcher","floor":16,"turns":6},{"damage":8,"enemies":"Chosen","floor":19,"turns":5},{"damage":0,"enemies":"Colosseum Nobs","floor":20,"turns":3},{"damage":6,"enemies":"downfall:FleeingMerchant","floor":23,"turns":4},{"damage":14,"enemies":"Spheric Guardian","floor":26,"turns":5},{"damage":24,"enemies":"Snake Plant","floor":29,"turns":2},{"damage":17,"enemies":"Shelled Parasite and Fungi","floor":31,"turns":4},{"damage":22,"enemies":"Cultist and Chosen","floor":32,"turns":2}],"seed_played":"4278774518862093300","potions_obtained":[{"floor":8,"key":"Ancient Potion"},{"floor":10,"key":"Energy Potion"},{"floor":15,"key":"Block Potion"},{"floor":16,"key":"sneckomod:DiceRollPotion"},{"floor":29,"key":"Fire Potion"},{"floor":31,"key":"Regen Potion"}],"is_trial":false,"path_per_floor":["R","M","M","$","?","?","T","M","R","?","E","?","R","$","M","B",null,"R","M","?","?","?","$","T","?","M","?","T","M","?","M","M"],"character_chosen":"THE_SNECKO","items_purchased":["sneckomod:MasterEye","Lantern"],"campfire_rested":1,"item_purchase_floors":[14,23],"current_hp_per_floor":[90,91,92,93,93,93,93,82,82,83,52,52,80,71,68,51,100,100,93,94,94,94,89,89,73,60,60,60,37,37,22,0,0],"gold":284,"neow_bonus":"THREE_ENEMY_KILL","is_daily":false,"chose_seed":false,"campfire_upgraded":3,"win_rate":0.0,"timestamp":1609950759,"path_taken":["R","M","M","$","?","?","T","?","R","?","E","?","R","$","M","BOSS","R","M","?","?","?","$","T","?","?","?","?","M","?","M","M"],"items_purchased_type":["Card","Relic"],"build_version":"2020-12-22","purchased_purges":2,"victory":false,"max_hp_per_floor":[90,91,92,93,93,93,93,93,93,94,95,95,95,96,97,98,100,100,101,102,102,102,103,103,103,104,94,94,95,95,97,97,97],"relic_stats":{"FaceOfCleric":1,"counters":[16,53],"Bronze Scales":[94],"CeramicFish":36,"Pandora\u0027s Box":["sneckomod:UnlimitedRolls","sneckomod:UnknownClassDT_ORANGE","sneckomod:DefensiveFlair","sneckomod:Nope","sneckomod:UnknownClassCASTER_COLOR"],"obtain_stats":[{"Lantern":23,"construct:FoamFinger":20,"Nilry\u0027s Codex":25,"CeramicFish":24,"downfall:HeartsMalice":0,"construct:LongRangeLance":29,"Odd Mushroom":10,"sneckomod:SneckoSoul":0,"Akabeko":28,"Mercury Hourglass":7,"CaptainsWheel":20,"hubris:Icosahedron":22,"FaceOfCleric":30,"Bronze Scales":11,"Pandora\u0027s Box":17},{"Lantern":12,"construct:FoamFinger":11,"Nilry\u0027s Codex":12,"CeramicFish":12,"downfall:HeartsMalice":0,"construct:LongRangeLance":14,"Odd Mushroom":5,"sneckomod:SneckoSoul":0,"Akabeko":13,"Mercury Hourglass":3,"CaptainsWheel":11,"hubris:Icosahedron":11,"FaceOfCleric":14,"Bronze Scales":6,"Pandora\u0027s Box":9},{"Lantern":40,"construct:FoamFinger":36,"Nilry\u0027s Codex":40,"CeramicFish":40,"downfall:HeartsMalice":0,"construct:LongRangeLance":47,"Odd Mushroom":8,"sneckomod:SneckoSoul":0,"Akabeko":45,"Mercury Hourglass":0,"CaptainsWheel":36,"hubris:Icosahedron":36,"FaceOfCleric":47,"Bronze Scales":15,"Pandora\u0027s Box":29}],"Mercury Hourglass":[166]},"card_choices":[{"not_picked":["sneckomod:DiceBlock","sneckomod:UnknownVulnerable"],"picked":"sneckomod:UnknownClassGUARDIAN","floor":2},{"not_picked":["sneckomod:UnknownCommonAttack","sneckomod:DiceCrush"],"picked":"sneckomod:UnknownClassTHE_ANIMATOR","floor":3},{"not_picked":["sneckomod:UnknownClassCONSTRUCTMOD","sneckomod:UnknownClassGREMLIN"],"picked":"sneckomod:UnknownRarePower","floor":4},{"not_picked":["sneckomod:DiceCrush","sneckomod:DiceBlock"],"picked":"sneckomod:Nope","floor":8},{"not_picked":["sneckomod:DiceBlock","sneckomod:QuickMove"],"picked":"sneckomod:UnknownClassRED","floor":10},{"not_picked":["sneckomod:QuickBite","sneckomod:UnknownVulnerable"],"picked":"sneckomod:UnknownClassBEAKED_YELLOW","floor":11},{"not_picked":["sneckomod:IronFang","sneckomod:UnknownVulnerable"],"picked":"sneckomod:UnknownClassBLACKBEARD_BLACK","floor":14},{"not_picked":["sneckomod:QuickBite","sneckomod:UnknownCommonAttack"],"picked":"sneckomod:UnknownClassCONSTRUCTMOD","floor":15},{"not_picked":["sneckomod:DangerNoodle","sneckomod:SerpentMind"],"picked":"sneckomod:UnknownRareAttack","floor":16},{"not_picked":["sneckomod:SoulRoll+1","sneckomod:WideSting"],"picked":"sneckomod:UnknownCommonAttack+1","floor":19},{"not_picked":["sneckomod:CheapStock","sneckomod:DiceCrush+1"],"picked":"sneckomod:UnknownClassSWORDSWOMAN_COLOR","floor":20},{"not_picked":["sneckomod:DiceCrush","sneckomod:UnknownStrike+1"],"picked":"sneckomod:UnknownUncommonPower","floor":23},{"not_picked":["sneckomod:UnknownBlock","sneckomod:UnknownVulnerable"],"picked":"sneckomod:UnknownClassSHADE_COLOR+1","floor":26},{"not_picked":["sneckomod:UnknownStrike","sneckomod:UnknownClassCHEF_COLOR"],"picked":"sneckomod:UnknownClassTHE_UNNAMED","floor":29},{"not_picked":["sneckomod:SoulRoll","sneckomod:DiceBoulder"],"picked":"sneckomod:UnknownClassBUGKNIGHT_GRAY_COLOR+1","floor":31}],"player_experience":705295,"relics_obtained":[{"floor":7,"key":"Mercury Hourglass"},{"floor":10,"key":"Odd Mushroom"},{"floor":11,"key":"Bronze Scales"},{"floor":20,"key":"CaptainsWheel"},{"floor":20,"key":"construct:FoamFinger"},{"floor":24,"key":"CeramicFish"},{"floor":25,"key":"Nilry\u0027s Codex"},{"floor":28,"key":"Akabeko"}],"event_choices":[{"damage_healed":0,"gold_gain":0,"player_choice":"Fought Mushrooms","damage_taken":0,"max_hp_gain":0,"max_hp_loss":0,"event_name":"Mushrooms","floor":10,"gold_loss":0},{"damage_healed":0,"gold_gain":0,"player_choice":"Trade","damage_taken":0,"relics_obtained":["FaceOfCleric"],"max_hp_gain":0,"max_hp_loss":0,"event_name":"FaceTrader","floor":30,"gold_loss":0}],"is_beta":false,"boss_relics":[{"not_picked":["Empty Cage","Busted Crown"],"picked":"Pandora\u0027s Box"}],"items_purged_floors":[4,23],"is_endless":false,"potions_floor_spawned":[8,10,15,16,20,29,31],"killed_by":"Cultist and Chosen","ascension_level":0}}