{"host":"zksvs3x2ysy9npnz","time":1609974333,"event":{"mods":["Aspiration","BaseMod","Beaked The Cultist","BetterRewards","Clockwork Mod","Colored Map","Conspire","Downfall","Duelist Mod","Ekko","Halation","Highlight Path","Hubris","Hunter ??","Infinite Spire","Jedi Mod","JesterMod","Minty Spire (QoL Compilation)","Permanent Neow","Quick Restart","Relic Stats","Replay The Spire","Retaliation","Shade Mod","Shop Mod","StSLib"],"gold_per_floor":[99,111,129,147,147,175,224,224,25,113,125,125,140,151,164,242,242,242,262,279,279,40,40,67,80,108,108,108,126,126,139,150,224,224,224,242,259,279,296,308,388,388,388,408,408,408],"floor_reached":45,"playtime":3001,"items_purged":["Slimebound:Strike_Slimebound"],"score":756,"play_id":"ca356f64-8089-429a-8a94-46e6724901f7","local_time":"20210107000533","is_ascension_mode":true,"campfire_choices":[{"data":"Slimebound:CorrosiveSpit","floor":1.0,"key":"SMITH"},{"data":"Slimebound:Split","floor":8.0,"key":"SMITH"},{"data":"expansioncontent:DashGenerateEvil","floor":12.0,"key":"SMITH"},{"floor":18.0,"key":"RECALL"},{"data":"Slimebound:FormOfPuddle","floor":28.0,"key":"SMITH"},{"data":"Slimebound:SamplingLick","floor":30.0,"key":"SMITH"},{"data":"Slimebound:OozeBath","floor":35.0,"key":"SMITH"},{"data":"Slimebound:OneTwoCombo","floor":42,"key":"SMITH"}],"circlet_count":0,"master_deck":["AscendersBane","Slimebound:Strike_Slimebound","Slimebound:Strike_Slimebound","Slimebound:Tackle","Slimebound:Defend_Slimebound","Slimebound:Defend_Slimebound","Slimebound:Defend_Slimebound","Slimebound:Defend_Slimebound","Slimebound:Split+1","Slimebound:CorrosiveSpit+1","Slimebound:SlimeSpikes","Slimebound:SlimeSpikes","Slimebound:GrowthPunch","expansioncontent:DashGenerateEvil+1","Slimebound:SamplingLick+1","Slimebound:SlimeSpikes","Slimebound:FormOfPuddle+1","Slimebound:OozeBath+1","Slimebound:FinishingTackle","Slimebound:OneTwoCombo+1","Slimebound:OozeBath+1","Slimebound:RejuvenatingLick+1","Slimebound:SlimeSpikes","Slimebound:Nibble+1"],"relics":["Slimebound:AbsorbEndCombat","Oddly Smooth Stone","hubris:Towel","hubris:TenFootPole","hubris:RunicObelisk","jedi:cryingmask","ReplayTheSpireMod:Lightbulb","infinitespire:Beetle Shell","jedi:battlestandard","hubris:Metronome"],"acts_visited":["Exordium","TheCity","TheBeyond"],"potions_floor_usage":[45],"damage_taken":[{"damage":13.0,"enemies":"Cultist","floor":2.0,"turns":4.0},{"damage":5.0,"enemies":"Small Slimes","floor":3.0,"turns":4.0},{"damage":14.0,"enemies":"Jaw Worm","floor":4.0,"turns":2.0},{"damage":53.0,"enemies":"3 Sentries","floor":6.0,"turns":9.0},{"damage":13.0,"enemies":"downfall:FleeingMerchant","floor":9.0,"turns":4.0},{"damage":18.0,"enemies":"Exordium Wildlife","floor":11.0,"turns":6.0},{"damage":0.0,"enemies":"Blue Slaver","floor":13.0,"turns":4.0},{"damage":22.0,"enemies":"Exordium Thugs","floor":14.0,"turns":4.0},{"damage":10.0,"enemies":"Exordium Wildlife","floor":15.0,"turns":4.0},{"damage":19.0,"enemies":"downfall:Ironclad","floor":16.0,"turns":10.0},{"damage":10.0,"enemies":"Shell Parasite","floor":19.0,"turns":5.0},{"damage":17.0,"enemies":"Chosen","floor":20.0,"turns":5.0},{"damage":11.0,"enemies":"downfall:FleeingMerchant","floor":22.0,"turns":4.0},{"damage":18.0,"enemies":"Snecko","floor":25.0,"turns":5.0},{"damage":17.0,"enemies":"Replay:Snechameleon","floor":26.0,"turns":5.0},{"damage":41.0,"enemies":"Chosen and Byrds","floor":29.0,"turns":6.0},{"damage":16.0,"enemies":"Centurion and Healer","floor":31.0,"turns":6.0},{"damage":52.0,"enemies":"Shelled Parasite and Fungi","floor":32.0,"turns":7.0},{"damage":61.0,"enemies":"downfall:Watcher","floor":33.0,"turns":14.0},{"damage":8.0,"enemies":"Orb Walker","floor":36.0,"turns":4.0},{"damage":5,"enemies":"3 Shapes","floor":37,"turns":4},{"damage":23,"enemies":"Maw","floor":38,"turns":7},{"damage":26,"enemies":"Writhing Mass","floor":39,"turns":7},{"damage":21,"enemies":"Spire Growth","floor":40,"turns":5},{"damage":31,"enemies":"Maw","floor":44,"turns":9},{"damage":72,"enemies":"Giant Head","floor":45,"turns":9}],"seed_played":"2856278208993299831","potions_obtained":[{"floor":2.0,"key":"Flashbang"},{"floor":4.0,"key":"Block Potion"},{"floor":6.0,"key":"LiquidMemories"},{"floor":19.0,"key":"jedi:StrikingPotion"},{"floor":20.0,"key":"Strength Potion"},{"floor":29.0,"key":"Dexterity Potion"},{"floor":39,"key":"Venom Potion"},{"floor":44,"key":"Weak Potion"}],"is_trial":false,"path_per_floor":["R","M","M","M","?","E","T","R","$","?","M","R","M","M","M","B",null,"R_BF","M","M","?","$","?","T","M","E","?","R","M","R","M","M","B",null,"R","M","M","M","M","M","T","R","?","M","E"],"character_chosen":"SLIMEBOUND","items_purchased":["expansioncontent:DashGenerateEvil","jedi:cryingmask"],"campfire_rested":0,"item_purchase_floors":[9,22],"current_hp_per_floor":[54,60,60,60,60,43,43,43,46,39,49,49,53,58,60,60,60,60,60,55,55,60,60,60,58,60,60,60,35,35,60,40,53,58,58,60,60,60,50,54,54,54,54,53,0,0],"gold":408,"neow_bonus":"RANDOM_COMMON_RELIC","is_daily":false,"chose_seed":false,"campfire_upgraded":7,"win_rate":0.0,"timestamp":1609974333,"path_taken":["R","M","M","M","?","E","T","R","$","?","M","R","M","M","M","BOSS","R_BF","M","M","?","$","?","T","?","E","?","R","M","R","M","M","BOSS","R","M","M","M","M","M","T","R","?","M","E"],"items_purchased_type":["Card","Relic"],"build_version":"2020-12-22","purchased_purges":1,"victory":false,"max_hp_per_floor":[60,60,60,60,60,60,60,60,60,60,60,60,60,60,60,60,60,60,60,60,60,60,60,60,60,60,60,60,60,60,60,60,60,60,60,60,60,60,60,60,60,60,60,60,60,60],"relic_stats":{"counters":[26,150],"obtain_stats":[{"hubris:Metronome":41,"Oddly Smooth Stone":0,"jedi:cryingmask":22,"infinitespire:Beetle Shell":26,"Slimebound:AbsorbEndCombat":0,"hubris:TenFootPole":6,"jedi:battlestandard":34,"hubris:Towel":5,"hubris:RunicObelisk":17,"ReplayTheSpireMod:Lightbulb":24},{"hubris:Metronome":24,"Oddly Smooth Stone":0,"jedi:cryingmask":13,"infinitespire:Beetle Shell":15,"Slimebound:AbsorbEndCombat":0,"hubris:TenFootPole":4,"jedi:battlestandard":19,"hubris:Towel":3,"hubris:RunicObelisk":10,"ReplayTheSpireMod:Lightbulb":13},{"hubris:Metronome":133,"Oddly Smooth Stone":0,"jedi:cryingmask":64,"infinitespire:Beetle Shell":73,"Slimebound:AbsorbEndCombat":0,"hubris:TenFootPole":19,"jedi:battlestandard":106,"hubris:Towel":10,"hubris:RunicObelisk":50,"ReplayTheSpireMod:Lightbulb":64}]},"card_choices":[{"not_picked":["Slimebound:SpikyOuterGoop","Slimebound:LeechingTouch"],"picked":"Slimebound:SlimeSpikes","floor":2.0},{"not_picked":["Slimebound:ComboTackle","Slimebound:Grow"],"picked":"Slimebound:HungryTackle","floor":3.0},{"not_picked":["Slimebound:BestDefense","Slimebound:RollThrough"],"picked":"Slimebound:SlimeSpikes","floor":4.0},{"not_picked":["Slimebound:Schlurp","Slimebound:ComboTackle"],"picked":"Slimebound:GrowthPunch","floor":6.0},{"not_picked":["Slimebound:MassRepurpose","Slimebound:SplitBruiser","Slimebound:GrowthPunch"],"picked":"SKIP","floor":9.0},{"not_picked":["Slimebound:ComboTackle","Slimebound:GrowthPunch"],"picked":"Slimebound:SamplingLick","floor":10.0},{"not_picked":["Slimebound:LevelUp","Slimebound:ViciousTackle"],"picked":"Slimebound:SlimeSpikes","floor":10.0},{"not_picked":["Slimebound:FirmFortitude","Slimebound:LeechEnergy"],"picked":"Slimebound:FormOfPuddle","floor":10.0},{"not_picked":["Slimebound:Dissolve","Slimebound:FirmFortitude","Slimebound:SamplingLick"],"picked":"SKIP","floor":11.0},{"not_picked":["Slimebound:SplitBruiser","Slimebound:PrepareCrush","Slimebound:ViciousTackle"],"picked":"SKIP","floor":13.0},{"not_picked":["Slimebound:ItLooksTasty","Slimebound:ViciousTackle","Slimebound:DisruptingSlam"],"picked":"SKIP","floor":14.0},{"not_picked":["Slimebound:LeechEnergy","Slimebound:Schlurp","Slimebound:PrepareCrush"],"picked":"SKIP","floor":15.0},{"not_picked":["Slimebound:DouseInSlime","Slimebound:MassFeed"],"picked":"Slimebound:OozeBath","floor":16.0},{"not_picked":["Slimebound:SamplingLick","Slimebound:RollThrough","Slimebound:ItLooksTasty"],"picked":"SKIP","floor":19.0},{"not_picked":["Slimebound:LivingWall+1","Slimebound:GoopTackle+1"],"picked":"Slimebound:FinishingTackle","floor":20.0},{"not_picked":["Slimebound:GoopSpray","Slimebound:GrowthPunch","Slimebound:SplitAcid"],"picked":"SKIP","floor":22.0},{"not_picked":["Slimebound:Prepare","Slimebound:RollThrough","Slimebound:FinishingTackle"],"picked":"SKIP","floor":25.0},{"not_picked":["Slimebound:SplitLeeching","Slimebound:ViciousTackle"],"picked":"Slimebound:OneTwoCombo","floor":26.0},{"not_picked":["Slimebound:GoopSpray","Slimebound:ViciousTackle","Slimebound:PressTheAttack"],"picked":"SKIP","floor":29.0},{"not_picked":["Slimebound:SlimeSpikes","Slimebound:SlimeBrawl","Slimebound:HungryTackle"],"picked":"SKIP","floor":31.0},{"not_picked":["Slimebound:SlimeSpikes","Slimebound:ViciousTackle","Slimebound:SplitAcid"],"picked":"SKIP","floor":32.0},{"not_picked":["Slimebound:LeechLife","Slimebound:DouseInSlime"],"picked":"Slimebound:OozeBath","floor":33.0},{"not_picked":["Slimebound:SplitMire","Slimebound:Equalize","Slimebound:FinishingTackle"],"picked":"SKIP","floor":36},{"not_picked":["Slimebound:ViciousTackle","Slimebound:GrowthPunch+1","Slimebound:RollThrough"],"picked":"SKIP","floor":37},{"not_picked":["Slimebound:SplitBruiser","Slimebound:HauntingLick","Slimebound:GoopSpray"],"picked":"SKIP","floor":38},{"not_picked":["Slimebound:GoopSpray+1","Slimebound:SplitMire"],"picked":"Slimebound:RejuvenatingLick+1","floor":39},{"not_picked":["Slimebound:ViciousTackle","Slimebound:LeechEnergy"],"picked":"Slimebound:SlimeSpikes","floor":40},{"not_picked":["Slimebound:SplitMire+1","Slimebound:SplitLeeching"],"picked":"Slimebound:Nibble+1","floor":44}],"player_experience":1783422,"relics_obtained":[{"floor":6.0,"key":"hubris:TenFootPole"},{"floor":24.0,"key":"ReplayTheSpireMod:Lightbulb"},{"floor":26.0,"key":"infinitespire:Beetle Shell"},{"floor":41,"key":"hubris:Metronome"}],"event_choices":[{"damage_healed":0.0,"max_hp_gain":0.0,"max_hp_loss":0.0,"gold_gain":0.0,"event_name":"conspire:Investor","player_choice":"Leave","floor":21.0,"gold_loss":0.0,"damage_taken":0.0},{"damage_healed":0.0,"max_hp_gain":0.0,"max_hp_loss":0.0,"gold_gain":0.0,"event_name":"Vampires","player_choice":"Ignored","floor":23.0,"gold_loss":0.0,"damage_taken":0.0},{"damage_healed":0.0,"max_hp_gain":0.0,"max_hp_loss":0.0,"gold_gain":0.0,"event_name":"Upgrade Shrine","player_choice":"Upgraded","floor":27.0,"gold_loss":0.0,"damage_taken":0.0,"cards_upgraded":["Slimebound:OozeBath"]},{"cards_removed":["Slimebound:HungryTackle"],"damage_healed":0,"gold_gain":0,"player_choice":"Purged","damage_taken":0,"max_hp_gain":0,"max_hp_loss":0,"event_name":"Purifier","floor":43,"gold_loss":0}],"is_beta":false,"boss_relics":[{"not_picked":["Runic Dome","hubris:GrandSneckoEye"],"picked":"hubris:RunicObelisk"},{"not_picked":["halation:MonkeysPaw","ReplayTheSpireMod:DimensionalGlitch"],"picked":"jedi:battlestandard"}],"items_purged_floors":[22],"is_endless":false,"potions_floor_spawned":[2,4,6,11,15,19,20,29,39,44],"killed_by":"Giant Head","ascension_level":13}}