{"host":"d87lowmkmbc7rbf5","time":1609953807,"event":{"mods":["BaseMod","Beaked The Cultist","Challenge The Spire","Conspire","Downfall","Infinite Spire","Minty Spire (QoL Compilation)","Rare Cards Sparkle","Replay The Spire","Shop Mod","StSLib","The Cursed"],"gold_per_floor":[99,144,189,234,16,16,16,103,103,148,193,193,368,112,161,486,486,486,535,535,385,434,434,434,57,155,204,253,302,627,725,774,1099,1262,1262,1311,1157,1206,1206,1206,1206,1255,1317,1366,1415,1513,1562,1637,1686,1686],"floor_reached":51,"playtime":4074,"items_purged":["conspire:Blindness"],"score":1138,"play_id":"95daee4a-96c2-45b8-9dfb-bd00889865bc","local_time":"20210106122327","daily_mods":["Cursed Run","Hoarder","Midas"],"is_ascension_mode":false,"campfire_choices":[{"floor":1,"key":"RECALL"},{"floor":9,"key":"REST"},{"floor":23,"key":"REST"},{"floor":35,"key":"REST"}],"circlet_count":0,"master_deck":["beaked:Strike_Y","beaked:Strike_Y","beaked:Strike_Y","beaked:Strike_Y","beaked:Strike_Y","beaked:Strike_Y","beaked:Defend_Y","beaked:Defend_Y","beaked:Defend_Y","beaked:Defend_Y","beaked:Ceremony","beaked:Ceremony","beaked:Ceremony","beaked:WarriorEssence","beaked:WarriorEssence","beaked:WarriorEssence","beaked:Struggle","beaked:Struggle+1","beaked:Struggle","beaked:DigDeep","beaked:DigDeep","beaked:DigDeep","beaked:Tweet","beaked:Tweet","beaked:Tweet","beaked:RitualOfBody+1","beaked:RitualOfBody+1","beaked:RitualOfBody+1","beaked:Evade","beaked:Evade","beaked:Evade","Guardian:Aged","Guardian:Aged","Guardian:Aged","hexamod:Haunted","hexamod:Haunted","hexamod:Haunted","TheCursedMod:Dregs","TheCursedMod:Dregs","TheCursedMod:Dregs","beaked:VigorBurst","beaked:VigorBurst","beaked:VigorBurst","beaked:Windmill","beaked:Windmill","beaked:Windmill","beaked:WindBringer","beaked:WindBringer","beaked:WindBringer","Injury","Injury","Injury","Doubt","Doubt","Doubt","beaked:BounceBack","beaked:BounceBack","beaked:BounceBack","The Bomb","The Bomb","The Bomb","TheCursedMod:SpitefulPray","TheCursedMod:SpitefulPray","TheCursedMod:SpitefulPray","Parasite","Parasite","Parasite","Phantasmal Killer","Phantasmal Killer","Phantasmal Killer","beaked:CrazyRituals","beaked:CrazyRituals","beaked:CrazyRituals","Replay:BluntJabs+1","Replay:BluntJabs+1","Replay:BluntJabs+1","Replay:UnknownCurse","Replay:UnknownCurse","Replay:UnknownCurse","conspire:Blindness","conspire:Blindness","infinitespire:UltimateForm","infinitespire:UltimateForm","infinitespire:UltimateForm","sneckomod:QuickMove","sneckomod:QuickMove","sneckomod:QuickMove+1","Injury","Injury","Injury","Slimebound:SamplingLick","Slimebound:SamplingLick","Slimebound:SamplingLick","beaked:BraceForImpact","beaked:BraceForImpact","beaked:BraceForImpact","Dodge and Roll","Dodge and Roll","Dodge and Roll","Worship","Worship","Worship","Seeing Red+1","Seeing Red+1","Seeing Red+1","champ:Devastate","champ:Devastate","champ:Devastate","beaked:BraceForImpact","beaked:BraceForImpact","beaked:BraceForImpact","Consecrate+1","Consecrate+1","Consecrate+1","TheCursedMod:CircleOfFlame+1","TheCursedMod:CircleOfFlame+1","TheCursedMod:CircleOfFlame+1","Perfected Strike+1","Perfected Strike+1","Perfected Strike+1","Regret","Regret","Regret","hexamod:ApocalypseNow","hexamod:ApocalypseNow","hexamod:ApocalypseNow","Coolheaded","Coolheaded","Coolheaded","Slimebound:LeechEnergy","Slimebound:LeechEnergy","Slimebound:LeechEnergy","Slimebound:RejuvenatingLick","Slimebound:RejuvenatingLick","Slimebound:RejuvenatingLick","champ:PerfectedStrike+1","champ:PerfectedStrike+1","champ:PerfectedStrike+1","beaked:SacrificialScars","beaked:SacrificialScars","beaked:SacrificialScars","beaked:HuntressSpirit+1","beaked:HuntressSpirit+1","beaked:HuntressSpirit+1","Replay:SS_forest_5","Replay:SS_forest_5","Replay:SS_forest_5","TheCursedMod:AbyssShockwave+1","TheCursedMod:AbyssShockwave+1","TheCursedMod:AbyssShockwave+1","TheCursedMod:Hemoplague","TheCursedMod:Hemoplague","TheCursedMod:Hemoplague","expansioncontent:LastStand","expansioncontent:LastStand","expansioncontent:LastStand","Replay:SS_hec_4","Replay:SS_hec_4","Replay:SS_hec_4","expansioncontent:GuardianWhirl","expansioncontent:GuardianWhirl","expansioncontent:GuardianWhirl","ReplayTheSpireMod:Black Plague","ReplayTheSpireMod:Black Plague","ReplayTheSpireMod:Black Plague","infinitespire:UltimateForm+1","infinitespire:UltimateForm+1","infinitespire:UltimateForm+1","Guardian:Aged","Guardian:Aged","Guardian:Aged","Finesse+1","Finesse+1","Finesse+1","Guardian:ShieldCharger+1","Guardian:ShieldCharger+1","Guardian:ShieldCharger+1","Clothesline","Clothesline","Clothesline","champ:ShieldThrow","champ:ShieldThrow","champ:ShieldThrow","TheCursedMod:FleshFromBone","TheCursedMod:FleshFromBone","TheCursedMod:FleshFromBone","Wallop+1","Wallop+1","Wallop+1","sneckomod:WideSting+1","sneckomod:WideSting+1","sneckomod:WideSting+1","SignatureMove","SignatureMove","SignatureMove","Replay:AtTheReady","Replay:AtTheReady","Replay:AtTheReady","champ:ShieldWall+1","champ:ShieldWall+1","champ:ShieldWall+1","Decay","Decay","Decay","ThirdEye","ThirdEye","ThirdEye","Aggregate+1","Aggregate+1","Aggregate+1","Replay:UnknownCurse","Replay:UnknownCurse","Replay:UnknownCurse"],"relics":["Cursed Key","Darkstone Periapt","Du-Vu Doll","Membership Card","Ring of Fury","Ring of Panic","Replay:Arrowhead","Golden Idol","Nunchaku","PrismaticShard","SlaversCollar","infinitespire:Bottled Soul","Pondfish Scales","champ:Barbells","Pantograph","Anchor","Shuriken","Prayer Wheel","infinitespire:Broken Mirror","Tiny House","conspire:TreasureMap","conspire:GiftBox","infinitespire:EmpoweringShard","MerchantsRug","Frozen Egg 2","Ancient Tea Set","Juzu Bracelet","Replay:Baseball","Mirror"],"acts_visited":["Exordium","TheCity","TheBeyond"],"potions_floor_usage":[27,30,30,30,33,42,42,42,46,46,47,50],"damage_taken":[{"damage":4,"enemies":"conspire:RoseBush","floor":2,"turns":10},{"damage":12,"enemies":"2 Louse","floor":3,"turns":4},{"damage":6,"enemies":"Cultist","floor":4,"turns":3},{"damage":5,"enemies":"downfall:FleeingMerchant","floor":5,"turns":4},{"damage":15,"enemies":"2 Fungi Beasts","floor":10,"turns":3},{"damage":0,"enemies":"Blue Slaver","floor":11,"turns":1},{"damage":11,"enemies":"downfall:FleeingMerchant","floor":14,"turns":4},{"damage":11,"enemies":"Exordium Wildlife","floor":15,"turns":2},{"damage":20,"enemies":"Fading Forest","floor":16,"turns":11},{"damage":44,"enemies":"conspire:FuzzyDice","floor":19,"turns":5},{"damage":12,"enemies":"Centurion and Healer","floor":22,"turns":2},{"damage":20,"enemies":"downfall:FleeingMerchant","floor":25,"turns":4},{"damage":0,"enemies":"Gremlin Leader","floor":26,"turns":2},{"damage":19,"enemies":"Chosen and Byrds","floor":27,"turns":6},{"damage":0,"enemies":"Cultist and Chosen","floor":28,"turns":3},{"damage":26,"enemies":"Snake Plant","floor":29,"turns":3},{"damage":22,"enemies":"downfall:Ironclad","floor":30,"turns":4},{"damage":52,"enemies":"conspire:SneckoGhost","floor":31,"turns":8},{"damage":0,"enemies":"Shelled Parasite and Fungi","floor":32,"turns":2},{"damage":20,"enemies":"downfall:Silent","floor":33,"turns":3},{"damage":10,"enemies":"3 Shapes","floor":36,"turns":4},{"damage":0,"enemies":"downfall:FleeingMerchant","floor":37,"turns":1},{"damage":0,"enemies":"Orb Walker","floor":38,"turns":2},{"damage":44,"enemies":"Transient","floor":42,"turns":5},{"damage":10,"enemies":"conspire:MimicChest","floor":43,"turns":2},{"damage":0,"enemies":"Jaw Worm Horde","floor":44,"turns":1},{"damage":0,"enemies":"3 Darklings","floor":45,"turns":2},{"damage":48,"enemies":"Nemesis","floor":46,"turns":5},{"damage":3,"enemies":"Transient","floor":47,"turns":5},{"damage":71,"enemies":"4 Shapes","floor":49,"turns":4},{"damage":25,"enemies":"downfall:Ironclad","floor":50,"turns":5}],"seed_played":"-5218424555718163201","potions_obtained":[{"floor":3,"key":"EssenceOfSteel"},{"floor":4,"key":"SteroidPotion"},{"floor":11,"key":"Venom Potion"},{"floor":27,"key":"Strength Potion"},{"floor":30,"key":"Dexterity Potion"},{"floor":33,"key":"Reflective Coating"},{"floor":34,"key":"Cursed Concoction"},{"floor":38,"key":"Explosive Potion"},{"floor":44,"key":"Explosive Potion"},{"floor":45,"key":"hexamod:EctoCoolerPotion"},{"floor":46,"key":"SkillPotion"},{"floor":49,"key":"Cursed Concoction"}],"is_trial":false,"path_per_floor":["R","M","M","M","$","?","T","?","R","M","M","?","?","$","M","B",null,"R","M","?","?","M","R","T","$","E","M","M","M","?","E","M","B",null,"R","M","$","M","?","AVR","T","M","?","M","M","E","M","T","M","B",null],"character_chosen":"BEAKED_THE_CULTIST","items_purchased":["Membership Card","beaked:RitualOfBody+1","beaked:Evade","Nunchaku","The Bomb","PrismaticShard","Pondfish Scales","champ:Barbells","Pantograph","beaked:BraceForImpact","conspire:TreasureMap","conspire:GiftBox","infinitespire:EmpoweringShard","MerchantsRug","beaked:HuntressSpirit+1","Replay:SS_forest_5"],"campfire_rested":3,"item_purchase_floors":[5,5,5,14,14,14,25,25,25,25,37,37,37,37,37,37],"current_hp_per_floor":[50,46,34,28,36,54,72,95,109,94,106,124,142,131,126,163,163,163,119,155,209,197,209,227,209,209,196,196,173,176,153,153,230,252,252,242,242,246,236,236,254,210,204,204,204,159,186,204,133,196],"gold":1686,"neow_bonus":"","is_daily":true,"chose_seed":false,"campfire_upgraded":0,"win_rate":0.0,"timestamp":1609953807,"path_taken":["R","M","M","M","$","?","T","?","R","M","?","?","?","?","M","BOSS","R","M","?","?","?","R","T","$","E","M","M","M","?","E","M","BOSS","R","M","$","M","?","AVR","T","M","?","M","M","E","M","?","M","BOSS"],"items_purchased_type":["Relic","Card","Card","Relic","Card","Relic","Relic","Relic","Relic","Card","Relic","Relic","Relic","Relic","Card","Card"],"build_version":"2020-12-22","purchased_purges":1,"victory":true,"max_hp_per_floor":[50,50,50,50,50,68,86,109,109,109,109,127,145,145,145,163,163,163,163,199,209,209,209,227,229,229,229,229,229,229,229,229,247,252,252,252,252,252,252,252,270,270,270,270,270,270,270,288,288,306],"card_choices":[{"not_picked":["beaked:Roost","beaked:DigDeeper"],"picked":"beaked:WarriorEssence","floor":2},{"not_picked":["beaked:Evade","beaked:Redirect"],"picked":"beaked:Struggle","floor":3},{"not_picked":["beaked:BloodRitual","beaked:DigDeeper"],"picked":"beaked:DigDeep","floor":4},{"not_picked":["beaked:Insight","beaked:Poke"],"picked":"beaked:Tweet","floor":5},{"not_picked":["beaked:MachineSpirit","ReplayTheSpireMod:Owlgaze"],"picked":"beaked:VigorBurst","floor":8},{"not_picked":["ReplayTheSpireMod:RavenHex","beaked:HuntressSpirit"],"picked":"beaked:Windmill","floor":10},{"not_picked":["beaked:DigDeep","beaked:Tweet"],"picked":"beaked:WindBringer","floor":11},{"not_picked":["beaked:Redirect","beaked:VolatileMisfortune"],"picked":"beaked:BounceBack","floor":14},{"not_picked":["Quick Slash","Slimebound:SpikyOuterGoop"],"picked":"TheCursedMod:SpitefulPray","floor":15},{"not_picked":["beaked:FullHouse","Corruption"],"picked":"Phantasmal Killer","floor":16},{"not_picked":["champ:Circumvent","hexamod:GhostLash"],"picked":"Replay:BluntJabs+1","floor":19},{"not_picked":["infinitespire:Fortify","infinitespire:SevenWalls"],"picked":"infinitespire:UltimateForm","floor":20},{"not_picked":["Riddle With Holes","Prepared"],"picked":"sneckomod:QuickMove","floor":22},{"not_picked":["beaked:Tradeoff","Quick Slash"],"picked":"Slimebound:SamplingLick","floor":25},{"not_picked":["champ:Aggression+1","Turbo"],"picked":"Dodge and Roll","floor":26},{"not_picked":["Replay:Battleflow","Underhanded Strike"],"picked":"Worship","floor":27},{"not_picked":["beaked:Tradeoff","Redo"],"picked":"Seeing Red+1","floor":28},{"not_picked":["Sunder","hexamod:SoulSteal+1"],"picked":"champ:Devastate","floor":29},{"not_picked":["Tactician","Headbutt"],"picked":"beaked:BraceForImpact","floor":30},{"not_picked":["beaked:WildInstinct","beaked:Tweet"],"picked":"Consecrate+1","floor":31},{"not_picked":["TheCursedMod:TacticalStrike","Slimebound:TongueLash"],"picked":"TheCursedMod:CircleOfFlame+1","floor":32},{"not_picked":["Ball Lightning+1","Guardian:Gem_Lightblue"],"picked":"Perfected Strike+1","floor":32},{"not_picked":["Fiend Fire","TheCursedMod:DarkBarrier"],"picked":"hexamod:ApocalypseNow","floor":33},{"not_picked":["Sweeping Beam+1","Vengeance"],"picked":"Coolheaded","floor":34},{"not_picked":["Slimebound:LivingWall+1","champ:BerserkersShout"],"picked":"Slimebound:LeechEnergy","floor":36},{"not_picked":["expansioncontent:DefensiveMode+1","ReplayTheSpireMod:Prepare the Ceremony"],"picked":"Slimebound:RejuvenatingLick","floor":36},{"not_picked":["MentalFortress+1","Backflip"],"picked":"champ:PerfectedStrike+1","floor":37},{"not_picked":["beaked:Caw","beaked:DarkPact"],"picked":"beaked:SacrificialScars","floor":37},{"not_picked":["Guardian:TemporalShield+1","Uppercut"],"picked":"TheCursedMod:AbyssShockwave+1","floor":38},{"not_picked":["CrushJoints+1","hexamod:GhostLash+1"],"picked":"TheCursedMod:Hemoplague","floor":38},{"not_picked":["expansioncontent:HyperBeam","Replay:SS_fish_1"],"picked":"expansioncontent:LastStand","floor":39},{"not_picked":["expansioncontent:GoopSpray","expansioncontent:SlimeTackle"],"picked":"Replay:SS_hec_4","floor":39},{"not_picked":["expansioncontent:Collect","expansioncontent:YouAreMine"],"picked":"expansioncontent:GuardianWhirl","floor":39},{"not_picked":["hexamod:SpectralAdrenaline+1","hexamod:CatchUp+1"],"picked":"Finesse+1","floor":42},{"not_picked":["Guardian:TemporalShield+1","FollowUp"],"picked":"Guardian:ShieldCharger+1","floor":42},{"not_picked":["Endless Agony","Acrobatics+1"],"picked":"Clothesline","floor":43},{"not_picked":["Slimebound:FinishingTackle+1","Guardian:Gem_Red"],"picked":"champ:ShieldThrow","floor":44},{"not_picked":["Replay:SS_forest_2+1","hexamod:HauntingEcho"],"picked":"TheCursedMod:FleshFromBone","floor":44},{"not_picked":["Guardian:TemporalStrike+1","sneckomod:Nope"],"picked":"Wallop+1","floor":45},{"not_picked":["Headbutt","Slimebound:GrowthPunch"],"picked":"sneckomod:WideSting+1","floor":45},{"not_picked":["Perseverance+1","hexamod:SwordOfDarkness"],"picked":"SignatureMove","floor":46},{"not_picked":["Madness+1","expansioncontent:Hexaburn"],"picked":"Replay:AtTheReady","floor":47},{"not_picked":["sneckomod:Rotation","Conserve Battery+1"],"picked":"champ:ShieldWall+1","floor":47},{"not_picked":["Warcry","beaked:DarkPact"],"picked":"ThirdEye","floor":49},{"not_picked":["sneckomod:UnknownCommonAttack+1","Gash+1"],"picked":"Aggregate+1","floor":49}],"player_experience":43577,"relics_obtained":[{"floor":6,"key":"Ring of Fury"},{"floor":6,"key":"Ring of Panic"},{"floor":8,"key":"Replay:Arrowhead"},{"floor":24,"key":"infinitespire:Bottled Soul"},{"floor":26,"key":"Anchor"},{"floor":30,"key":"Shuriken"},{"floor":30,"key":"Prayer Wheel"},{"floor":31,"key":"infinitespire:Broken Mirror"},{"floor":41,"key":"Ancient Tea Set"},{"floor":43,"key":"Juzu Bracelet"},{"floor":46,"key":"Replay:Baseball"},{"floor":48,"key":"Mirror"}],"event_choices":[{"damage_healed":0,"gold_gain":0,"player_choice":"Take Wound","damage_taken":0,"relics_obtained":["Golden Idol"],"max_hp_gain":0,"max_hp_loss":0,"event_name":"Golden Idol","floor":12,"gold_loss":0,"cards_obtained":["Injury"]},{"damage_healed":0,"gold_gain":175,"player_choice":"AGREE","damage_taken":0,"max_hp_gain":0,"max_hp_loss":0,"event_name":"Liars Game","floor":13,"gold_loss":0,"cards_obtained":["Doubt"]},{"damage_healed":0,"gold_gain":0,"player_choice":"Read","damage_taken":0,"max_hp_gain":0,"max_hp_loss":0,"event_name":"The Library","floor":18,"gold_loss":0,"cards_obtained":["beaked:CrazyRituals"]}],"is_beta":false,"boss_relics":[{"not_picked":["Runic Pyramid","beaked:MawFillet"],"picked":"SlaversCollar"},{"not_picked":["beaked:SacrificeDoll","infinitespire:Cupcake"],"picked":"Tiny House"}],"items_purged_floors":[40],"is_endless":false,"potions_floor_spawned":[3,4,11,22,27,28,30,33,38,44,45,46,49],"ascension_level":0}}