{"host":"odz7g4gpgch153rb","time":1609970401,"event":{"mods":["AchievementEnabler","BaseMod","Better Match","Better Third Choice","BetterRewards","GifTheSpireLib","Infinite Spire","Jedi Mod","Minty Spire (QoL Compilation)","Quick Restart","Replay The Spire","Spikes Relics","StSLib","Stuff the Spire","The Blue Laboratory","Trackpad"],"gold_per_floor":[119,119,119,131,6,6,22,36,59,91,103,158,158,171,171,248,298,312,329,226,226,226,226,241,261,261,261,261,261,261],"floor_reached":29,"playtime":1324,"items_purged":["Strike_B","Strike_B","Strike_B"],"score":601,"play_id":"f9051cca-f041-475a-88af-c8d2219d0674","local_time":"20210106170001","is_ascension_mode":true,"campfire_choices":[{"data":"Dualcast","floor":6,"key":"SMITH"},{"floor":15,"key":"DIG"},{"data":"Loop","floor":23,"key":"SMITH"},{"data":"StuffTheSpire:Coldhearted","floor":27,"key":"SMITH"}],"circlet_count":0,"master_deck":["AscendersBane","Defend_B","Defend_B","Defend_B","Defend_B","Zap+1","Dualcast+1","Ball Lightning","jedi:hex+1","StuffTheSpire:Coldhearted+1","Leap","Loop+1","Machine Learning","Replay:Bootleg Shield Generator"],"relics":["Cracked Core","Tiny Chest","jedi:purplefairy","Divine Protection","Emotion Chip","Vajra","Replay:Wax Seal","Ancient Tea Set","Ginger","jedi:matchstick","Tiny House","BlackRope","InkBottle"],"acts_visited":["Exordium","TheCity"],"potions_floor_usage":[11,16,19,19,29],"damage_taken":[{"damage":0,"enemies":"Small Slimes","floor":1,"turns":2},{"damage":0,"enemies":"Cultist","floor":4,"turns":3},{"damage":0,"enemies":"2 Louse","floor":7,"turns":2},{"damage":0,"enemies":"Blue Slaver","floor":8,"turns":3},{"damage":1,"enemies":"Gremlin Nob","floor":10,"turns":3},{"damage":0,"enemies":"Looter","floor":11,"turns":3},{"damage":4,"enemies":"Gremlin Gang","floor":14,"turns":4},{"damage":7,"enemies":"Slime Boss","floor":16,"turns":6},{"damage":5,"enemies":"Spheric Guardian","floor":18,"turns":4},{"damage":9,"enemies":"2 Thieves","floor":19,"turns":4},{"damage":27,"enemies":"3 Cultists","floor":24,"turns":7},{"damage":9,"enemies":"Snake Plant","floor":25,"turns":4},{"damage":12,"enemies":"Cultist and Chosen","floor":29,"turns":5}],"seed_played":"-3828921510546760063","potions_obtained":[{"floor":4,"key":"EssenceOfDarkness"},{"floor":10,"key":"blueLaboratory:FruitPunch"},{"floor":11,"key":"blueLaboratory:NullPotion"},{"floor":16,"key":"Explosive Potion"},{"floor":17,"key":"ColorlessPotion"},{"floor":25,"key":"Block Potion"}],"is_trial":false,"path_per_floor":["M","?","$","M","$","R","M","M","T","E","M","T","T","M","R","B",null,"M","M","$","?","?","R","M","M","T","R","T","M"],"character_chosen":"DEFECT","items_purchased":["Tiny Chest","Ball Lightning","Divine Protection","jedi:hex+1","Replay:Bootleg Shield Generator"],"campfire_rested":0,"item_purchase_floors":[0,0,0,0,20],"current_hp_per_floor":[22,22,22,22,22,71,71,71,71,70,72,72,72,68,68,61,75,70,61,61,61,61,66,39,30,30,35,35,23,23],"gold":261,"neow_bonus":"","is_daily":false,"chose_seed":false,"campfire_upgraded":3,"win_rate":0.0,"timestamp":1609970401,"path_taken":["M","?","$","M","$","R","M","?","T","E","M","?","?","M","R","BOSS","M","M","$","?","?","R","?","M","T","R","?","M"],"items_purchased_type":["Relic","Card","Relic","Card","Card"],"build_version":"2020-12-22","purchased_purges":3,"victory":false,"max_hp_per_floor":[71,71,71,71,71,71,71,71,71,71,73,73,73,73,73,73,78,78,78,78,78,78,78,78,78,78,78,78,78,78],"card_choices":[{"not_picked":["jedi:BurstFrost","Recycle"],"picked":"StuffTheSpire:Coldhearted","floor":1},{"not_picked":["StuffTheSpire:Plugnplay","Steam"],"picked":"Leap","floor":4},{"not_picked":["Turbo","StuffTheSpire:LoadUp","StuffTheSpire:Plugnplay"],"picked":"SKIP","floor":7},{"not_picked":["Sweeping Beam","Panic Button","Self Repair"],"picked":"SKIP","floor":8},{"not_picked":["StuffTheSpire:LoadUp","jedi:gatheringstorm","jedi:overflow"],"picked":"SKIP","floor":10},{"not_picked":["ReplaySolidLightProjector","Skim","Sunder"],"picked":"SKIP","floor":11},{"not_picked":["ReplaySort","StuffTheSpire:Plugnplay"],"picked":"Loop","floor":14},{"not_picked":["StuffTheSpire:LaunchingStrike","ReplayTheSpireMod:Fabricate Wheel"],"picked":"Machine Learning","floor":16},{"not_picked":["Redo","ReplayTheSpireMod:Repulse","Steam"],"picked":"SKIP","floor":18},{"not_picked":["jedi:gatheringstorm","jedi:blockon","Beam Cell"],"picked":"SKIP","floor":19},{"not_picked":["Gash","Turbo","ReplaySolidLightProjector"],"picked":"SKIP","floor":24},{"not_picked":["Beam Cell","Hello World","Redo"],"picked":"SKIP","floor":25}],"player_experience":999734,"relics_obtained":[{"floor":9,"key":"Vajra"},{"floor":10,"key":"Replay:Wax Seal"},{"floor":12,"key":"Ancient Tea Set"},{"floor":13,"key":"Ginger"},{"floor":15,"key":"jedi:matchstick"},{"floor":26,"key":"BlackRope"},{"floor":28,"key":"InkBottle"}],"event_choices":[{"cards_removed":["Strike_B"],"damage_healed":0,"gold_gain":0,"player_choice":"Offered Basic","damage_taken":0,"max_hp_gain":0,"max_hp_loss":0,"event_name":"Bonfire Elementals","floor":2,"gold_loss":0},{"damage_healed":0,"gold_gain":0,"player_choice":"Ignored","damage_taken":0,"max_hp_gain":0,"max_hp_loss":0,"event_name":"Vampires","floor":21,"gold_loss":0},{"damage_healed":0,"gold_gain":0,"player_choice":"Ignored","damage_taken":0,"max_hp_gain":0,"max_hp_loss":0,"event_name":"Transmorgrifier","floor":22,"gold_loss":0}],"is_beta":false,"boss_relics":[{"not_picked":["SlaversCollar","Replay:Grab Bag"],"picked":"Tiny House"}],"items_purged_floors":[0,0,5],"is_endless":false,"potions_floor_spawned":[4,10,11,16,25],"killed_by":"Cultist and Chosen","ascension_level":17}}