{"host":"raaimkojny05jekw","time":1609921866,"event":{"mods":["AchievementEnabler","BaseMod","Colored Map","Colored Powertips","DeckTracker","Minty Spire (QoL Compilation)","Quick Restart","Rare Cards Sparkle","everything is the same but u backflip on backflip"],"gold_per_floor":[10,28,43,8,20,20,38,51,51,83,83,83,83,98,98,98,98],"floor_reached":16,"playtime":614,"items_purged":[],"score":208,"play_id":"6687abe6-83b8-4958-a1ca-264287f0b95b","local_time":"20210106173106","is_ascension_mode":true,"campfire_choices":[{"data":"Venomology","floor":6,"key":"SMITH"},{"data":"Phantasmal Killer","floor":11,"key":"SMITH"},{"data":"Neutralize","floor":13,"key":"SMITH"},{"data":"Infinite Blades","floor":15,"key":"SMITH"}],"circlet_count":0,"master_deck":["AscendersBane","Strike_G","Strike_G","Strike_G","Strike_G","Strike_G","Defend_G","Defend_G","Defend_G","Defend_G","Defend_G","Survivor","Neutralize+1","Venomology+1","Infinite Blades+1","Cloak And Dagger","Flying Knee","Dagger Spray","Accuracy","Acrobatics","Phantasmal Killer+1","Dodge and Roll"],"relics":["Ring of the Snake","White Beast Statue","Ancient Tea Set"],"acts_visited":["Exordium"],"potions_floor_usage":[1,5,7,7,8,10,10,10,14,16,16,16],"damage_taken":[{"damage":6,"enemies":"Jaw Worm","floor":1,"turns":4},{"damage":8,"enemies":"2 Louse","floor":2,"turns":3},{"damage":0,"enemies":"Cultist","floor":3,"turns":4},{"damage":7,"enemies":"Blue Slaver","floor":5,"turns":4},{"damage":0,"enemies":"Red Slaver","floor":7,"turns":4},{"damage":11,"enemies":"Gremlin Gang","floor":8,"turns":4},{"damage":18,"enemies":"3 Sentries","floor":10,"turns":6},{"damage":11,"enemies":"Exordium Thugs","floor":14,"turns":3},{"damage":19,"enemies":"Hexaghost","floor":16,"turns":9}],"seed_played":"-1324910405746743241","potions_obtained":[{"floor":5,"key":"CultistPotion"},{"floor":8,"key":"DuplicationPotion"},{"floor":10,"key":"Ancient Potion"},{"floor":14,"key":"Weak Potion"}],"is_trial":false,"path_per_floor":["M","M","M","?","M","R","M","M","T","E","R","?","R","M","R","B"],"character_chosen":"THE_SILENT","items_purchased":[],"campfire_rested":0,"item_purchase_floors":[],"current_hp_per_floor":[53,45,45,61,54,54,54,43,43,25,25,25,25,14,14,0,0],"gold":98,"neow_bonus":"THREE_RARE_CARDS","is_daily":false,"chose_seed":false,"campfire_upgraded":4,"win_rate":0.0,"timestamp":1609921866,"path_taken":["M","M","M","?","M","R","M","M","T","E","R","?","R","M","R","BOSS"],"items_purchased_type":[],"build_version":"2020-12-22","purchased_purges":0,"victory":false,"max_hp_per_floor":[66,66,66,66,66,66,66,66,66,66,66,66,66,66,66,66,66],"card_choices":[{"not_picked":["Die Die Die","Burst"],"picked":"Venomology","floor":0},{"not_picked":["Bouncing Flask","Tactician"],"picked":"Infinite Blades","floor":1},{"not_picked":["Flying Knee","Dodge and Roll"],"picked":"Cloak And Dagger","floor":2},{"not_picked":["Acrobatics","Flechettes"],"picked":"Flying Knee","floor":3},{"not_picked":["Deadly Poison","Masterful Stab"],"picked":"Dagger Spray","floor":5},{"not_picked":["Corpse Explosion","Slice"],"picked":"Accuracy","floor":7},{"not_picked":["Reflex","Sucker Punch"],"picked":"Acrobatics","floor":8},{"not_picked":["Dagger Spray","Slice"],"picked":"Phantasmal Killer","floor":10},{"not_picked":["Dagger Spray","Poisoned Stab"],"picked":"Dodge and Roll","floor":14}],"player_experience":722272,"relics_obtained":[{"floor":9,"key":"White Beast Statue"},{"floor":10,"key":"Ancient Tea Set"}],"event_choices":[{"damage_healed":16,"gold_gain":0,"player_choice":"Healed","damage_taken":0,"max_hp_gain":0,"max_hp_loss":0,"event_name":"The Cleric","floor":4,"gold_loss":35},{"damage_healed":0,"gold_gain":0,"player_choice":"Ignored","damage_taken":0,"max_hp_gain":0,"max_hp_loss":0,"event_name":"Shining Light","floor":12,"gold_loss":0}],"is_beta":false,"boss_relics":[],"items_purged_floors":[],"is_endless":false,"potions_floor_spawned":[5,8,10,14],"killed_by":"Hexaghost","ascension_level":20}}