{"host":"6pfj0wha12yu6wq3","time":1609962386,"event":{"mods":["BaseMod","Colored Map","Colored Powertips","Curses Come First","DeckTracker","Minty Spire (QoL Compilation)","RNG Fix","Relic Sorter","Relic Stats","StSLib","ojb\u0027s Better Paths Mod","ojb\u0027s Info Mod"],"gold_per_floor":[119,131,143,161,161,161,194,194,220,249,265,298,317,330,330,403,403,417,437,457,469,484,484,512,251,333,366,366,105,119,152,152,227,227,246,121,134,134,134,134,165,165,165,192,207,232,74,100,100,100,100,100,100,15,47,47],"floor_reached":57,"playtime":5378,"items_purged":["Strike_G","Strike_G+1","Strike_G+1"],"score":3169,"play_id":"6f4eb3d5-0da8-4204-8ecb-11a30410f6d3","local_time":"20210106144626","is_ascension_mode":true,"campfire_choices":[{"data":"Blade Dance","floor":6.0,"key":"SMITH"},{"data":"Sucker Punch","floor":8.0,"key":"SMITH"},{"data":"Predator","floor":15.0,"key":"SMITH"},{"data":"Wraith Form v2","floor":23.0,"key":"SMITH"},{"data":"Well Laid Plans","floor":32.0,"key":"SMITH"},{"data":"Wraith Form v2","floor":40.0,"key":"SMITH"},{"data":"Bullet Time","floor":42.0,"key":"SMITH"},{"floor":49,"key":"RECALL"},{"data":"Secret Technique","floor":53,"key":"SMITH"}],"circlet_count":0,"master_deck":["AscendersBane","Strike_G+1","Strike_G+1","Defend_G+1","Defend_G+1","Defend_G+1","Defend_G+1","Defend_G+1","Survivor","Neutralize","Terror","Sucker Punch+1","Poisoned Stab","Blade Dance+1","Dagger Spray","Predator+1","Bullet Time+1","Predator","Wraith Form v2+1","Reflex","Backflip","Acrobatics","Well Laid Plans+1","Master of Strategy","Leg Sweep","Backflip","Endless Agony+1","Terror","Predator","Blade Dance+1","Wraith Form v2+1","Blade Dance+1","Secret Technique+1","Master of Strategy","Backflip+1","Acrobatics","Escape Plan"],"relics":["Ring of the Snake","Happy Flower","Nunchaku","InkBottle","Centennial Puzzle","Bag of Marbles","Orichalcum","Kunai","HoveringKite","War Paint","Bottled Tornado","Art of War","Orrery","Mercury Hourglass","Philosopher\u0027s Stone","Gremlin Horn","MealTicket","Dead Branch","Prayer Wheel","Bronze Scales"],"acts_visited":["Exordium","TheCity","TheBeyond","TheEnding"],"potions_floor_usage":[56],"damage_taken":[{"damage":1.0,"enemies":"Small Slimes","floor":1.0,"turns":5.0},{"damage":0.0,"enemies":"2 Louse","floor":2.0,"turns":4.0},{"damage":0.0,"enemies":"Cultist","floor":3.0,"turns":3.0},{"damage":2.0,"enemies":"Blue Slaver","floor":4.0,"turns":4.0},{"damage":6.0,"enemies":"Gremlin Nob","floor":7.0,"turns":3.0},{"damage":18.0,"enemies":"Lagavulin","floor":10.0,"turns":6.0},{"damage":0.0,"enemies":"Exordium Thugs","floor":11.0,"turns":3.0},{"damage":6.0,"enemies":"3 Sentries","floor":12.0,"turns":7.0},{"damage":0.0,"enemies":"3 Louse","floor":13.0,"turns":2.0},{"damage":0.0,"enemies":"2 Fungi Beasts","floor":14.0,"turns":4.0},{"damage":1.0,"enemies":"Slime Boss","floor":16.0,"turns":7.0},{"damage":2.0,"enemies":"Spheric Guardian","floor":18.0,"turns":4.0},{"damage":6.0,"enemies":"3 Byrds","floor":19.0,"turns":5.0},{"damage":12.0,"enemies":"Centurion and Healer","floor":20.0,"turns":9.0},{"damage":0.0,"enemies":"Snecko","floor":21.0,"turns":3.0},{"damage":0.0,"enemies":"3 Cultists","floor":22.0,"turns":6.0},{"damage":16.0,"enemies":"Gremlin Leader","floor":24.0,"turns":6.0},{"damage":9.0,"enemies":"Book of Stabbing","floor":27.0,"turns":6.0},{"damage":0.0,"enemies":"Centurion and Healer","floor":30.0,"turns":6.0},{"damage":0.0,"enemies":"Slavers","floor":31.0,"turns":6.0},{"damage":0.0,"enemies":"Automaton","floor":33.0,"turns":9.0},{"damage":0.0,"enemies":"Orb Walker","floor":35.0,"turns":2.0},{"damage":0.0,"enemies":"3 Shapes","floor":37.0,"turns":4.0},{"damage":1.0,"enemies":"Nemesis","floor":41.0,"turns":6.0},{"damage":0,"enemies":"Giant Head","floor":44,"turns":7},{"damage":0,"enemies":"Sphere and 2 Shapes","floor":45,"turns":4},{"damage":4,"enemies":"Mind Bloom Boss Battle","floor":46,"turns":6},{"damage":0,"enemies":"Reptomancer","floor":48,"turns":4},{"damage":7,"enemies":"Donu and Deca","floor":50,"turns":7},{"damage":36,"enemies":"Time Eater","floor":51,"turns":10},{"damage":0,"enemies":"Shield and Spear","floor":55,"turns":12},{"damage":63,"enemies":"The Heart","floor":56,"turns":9}],"seed_played":"-2169783457150060279","potions_obtained":[{"floor":1.0,"key":"EssenceOfSteel"},{"floor":2.0,"key":"FairyPotion"},{"floor":4.0,"key":"LiquidMemories"},{"floor":11.0,"key":"BlessingOfTheForge"},{"floor":27.0,"key":"AttackPotion"},{"floor":33.0,"key":"PowerPotion"}],"is_trial":false,"path_per_floor":["M","M","M","M","?","R","E","R","T","E","M","E","M","M","R","B",null,"M","M","M","M","M","R","E","$","T","E","?","$","M","E","R","B",null,"M","$","M","?","T","R","E","R","T","E","M","?","$","E","R","B","B",null,"R","$","E","B",null],"character_chosen":"THE_SILENT","items_purchased":["Master of Strategy","Orrery","Nunchaku","Escape Plan"],"campfire_rested":0,"item_purchase_floors":[25,29,47,54],"current_hp_per_floor":[58,58,58,56,56,56,50,50,50,32,32,26,26,26,26,25,56,54,48,36,36,36,36,20,20,20,11,11,11,11,11,11,11,52,52,52,52,42,42,42,41,41,41,41,41,37,52,52,52,45,9,52,52,66,66,3],"gold":47,"neow_bonus":"RANDOM_COMMON_RELIC","is_daily":false,"chose_seed":false,"campfire_upgraded":8,"win_rate":0.0,"timestamp":1609962386,"path_taken":["M","M","M","M","?","R","E","R","T","E","M","E","M","M","R","BOSS","M","?","M","?","M","R","E","$","T","E","?","$","?","E","R","BOSS","M","$","M","?","?","R","E","R","T","E","?","?","?","E","R","BOSS","BOSS","R","$","E","BOSS"],"items_purchased_type":["Card","Relic","Relic","Card"],"build_version":"2020-12-22","purchased_purges":3,"victory":true,"max_hp_per_floor":[66,66,66,66,66,66,66,66,66,66,66,66,66,66,66,66,66,66,66,66,66,66,66,66,66,66,66,66,66,66,66,66,66,66,66,66,66,66,66,66,66,66,66,66,66,66,66,66,66,66,66,66,66,66,66,66],"relic_stats":{"Happy Flower":[51],"Gremlin Horn":[8,8],"counters":[32,178],"Dead Branch":[171],"HoveringKite":[50],"Orichalcum":[354],"War Paint":["Defend_G","Defend_G"],"Mercury Hourglass":[272],"Nunchaku":[19],"Centennial Puzzle":[48],"Bronze Scales":[99],"MealTicket":29,"Prayer Wheel":0,"Art of War":[7],"Kunai":[138],"obtain_stats":[{"Happy Flower":10,"Gremlin Horn":41,"Dead Branch":44,"HoveringKite":17,"Orichalcum":9,"War Paint":24,"Bottled Tornado":26,"Mercury Hourglass":31,"Centennial Puzzle":0,"Nunchaku":47,"Bronze Scales":55,"Orrery":29,"Philosopher\u0027s Stone":34,"MealTicket":43,"Prayer Wheel":46,"Bag of Marbles":7,"Art of War":27,"Kunai":12,"InkBottle":48,"Ring of the Snake":0},{"Happy Flower":6,"Gremlin Horn":24,"Dead Branch":25,"HoveringKite":11,"Orichalcum":5,"War Paint":17,"Bottled Tornado":17,"Mercury Hourglass":20,"Centennial Puzzle":0,"Nunchaku":27,"Bronze Scales":31,"Orrery":18,"Philosopher\u0027s Stone":21,"MealTicket":24,"Prayer Wheel":27,"Bag of Marbles":5,"Art of War":18,"Kunai":8,"InkBottle":28,"Ring of the Snake":0},{"Happy Flower":25,"Gremlin Horn":120,"Dead Branch":127,"HoveringKite":48,"Orichalcum":19,"War Paint":81,"Bottled Tornado":81,"Mercury Hourglass":99,"Centennial Puzzle":0,"Nunchaku":136,"Bronze Scales":169,"Orrery":87,"Philosopher\u0027s Stone":108,"MealTicket":120,"Prayer Wheel":136,"Bag of Marbles":19,"Art of War":87,"Kunai":35,"InkBottle":140,"Ring of the Snake":0}],"InkBottle":[20],"Ring of the Snake":[64]},"card_choices":[{"not_picked":["Flying Knee","Dagger Throw"],"picked":"Terror","floor":1.0},{"not_picked":["Deflect","Quick Slash"],"picked":"Sucker Punch","floor":2.0},{"not_picked":["Concentrate","Escape Plan"],"picked":"Poisoned Stab","floor":3.0},{"not_picked":["Acrobatics","Prepared"],"picked":"Blade Dance","floor":4.0},{"not_picked":["Quick Slash","Caltrops","Sucker Punch"],"picked":"SKIP","floor":7.0},{"not_picked":["Dagger Spray","Deflect","Sucker Punch"],"picked":"SKIP","floor":10.0},{"not_picked":["Deflect","Sucker Punch"],"picked":"Dagger Spray","floor":10.0},{"not_picked":["Poisoned Stab","Riddle With Holes"],"picked":"Predator","floor":11.0},{"not_picked":["Caltrops","Flying Knee"],"picked":"Bullet Time","floor":12.0},{"not_picked":["Noxious Fumes","Deadly Poison","Escape Plan"],"picked":"SKIP","floor":13.0},{"not_picked":["Prepared","Dagger Throw"],"picked":"Predator","floor":14.0},{"not_picked":["Doppelganger","Die Die Die"],"picked":"Wraith Form v2","floor":16.0},{"not_picked":["PiercingWail","Dagger Spray"],"picked":"Reflex","floor":18.0},{"not_picked":["Dodge and Roll","Doppelganger"],"picked":"Backflip","floor":19.0},{"not_picked":["Blade Dance","Eviscerate"],"picked":"Acrobatics","floor":20.0},{"not_picked":["Accuracy","Dodge and Roll"],"picked":"Well Laid Plans","floor":21.0},{"not_picked":["Cloak And Dagger","PiercingWail","Slice"],"picked":"SKIP","floor":22.0},{"not_picked":["Crippling Poison","Caltrops","Poisoned Stab"],"picked":"SKIP","floor":24.0},{"not_picked":["Blade Dance","Deadly Poison"],"picked":"Leg Sweep","floor":27.0},{"not_picked":["Noxious Fumes","Poisoned Stab"],"picked":"Backflip","floor":29.0},{"not_picked":["Dagger Spray","Bane"],"picked":"Endless Agony+1","floor":29.0},{"not_picked":["Finisher","Poisoned Stab"],"picked":"Terror","floor":29.0},{"not_picked":["Unload","Poisoned Stab"],"picked":"Predator","floor":29.0},{"not_picked":["Poisoned Stab","Caltrops","Dagger Throw"],"picked":"SKIP","floor":30.0},{"not_picked":["Underhanded Strike","Concentrate"],"picked":"Blade Dance+1","floor":31.0},{"not_picked":["Unload","Die Die Die"],"picked":"Wraith Form v2","floor":33.0},{"not_picked":["Dagger Spray","Underhanded Strike","Finisher"],"picked":"SKIP","floor":35.0},{"not_picked":["Footwork","Dagger Spray"],"picked":"Blade Dance+1","floor":37.0},{"not_picked":["Sadistic Nature","Jack Of All Trades"],"picked":"Secret Technique","floor":38.0},{"not_picked":["Enlightenment","Finesse"],"picked":"Master of Strategy","floor":38.0},{"not_picked":["Outmaneuver","Flying Knee","Dodge and Roll"],"picked":"SKIP","floor":41.0},{"not_picked":["Sucker Punch","Underhanded Strike","Quick Slash"],"picked":"SKIP","floor":44},{"not_picked":["Infinite Blades","Prepared","Caltrops"],"picked":"SKIP","floor":45},{"not_picked":["Terror","Backstab+1"],"picked":"Backflip+1","floor":46},{"not_picked":["Cloak And Dagger","Prepared"],"picked":"Acrobatics","floor":48},{"not_picked":["Eviscerate","Dagger Spray+1","Cloak And Dagger"],"picked":"SKIP","floor":55}],"player_experience":115223,"relics_obtained":[{"floor":7.0,"key":"Bag of Marbles"},{"floor":9.0,"key":"Orichalcum"},{"floor":10.0,"key":"Happy Flower"},{"floor":12.0,"key":"Kunai"},{"floor":24.0,"key":"War Paint"},{"floor":26.0,"key":"Bottled Tornado"},{"floor":27.0,"key":"Art of War"},{"floor":31.0,"key":"Mercury Hourglass"},{"floor":41.0,"key":"Gremlin Horn"},{"floor":43.0,"key":"MealTicket"},{"floor":44,"key":"Dead Branch"},{"floor":46,"key":"Prayer Wheel"},{"floor":48,"key":"InkBottle"},{"floor":55,"key":"Bronze Scales"}],"event_choices":[{"damage_healed":0.0,"max_hp_gain":0.0,"max_hp_loss":0.0,"gold_gain":0.0,"event_name":"Liars Game","player_choice":"Ignored","floor":5.0,"gold_loss":0.0,"damage_taken":0.0},{"damage_healed":0.0,"max_hp_gain":0.0,"max_hp_loss":0.0,"gold_gain":0.0,"event_name":"Back to Basics","player_choice":"Simplicity","floor":28.0,"gold_loss":0.0,"damage_taken":0.0,"cards_upgraded":["Strike_G","Strike_G","Strike_G","Strike_G","Defend_G","Defend_G","Defend_G"]},{"damage_healed":0.0,"max_hp_gain":0.0,"max_hp_loss":0.0,"gold_gain":0.0,"event_name":"SensoryStone","player_choice":"Memory 3","floor":38.0,"gold_loss":0.0,"damage_taken":10.0},{"damage_healed":0,"gold_gain":0,"player_choice":"Fight","damage_taken":0,"max_hp_gain":0,"max_hp_loss":0,"event_name":"MindBloom","floor":46,"gold_loss":0}],"is_beta":false,"boss_relics":[{"not_picked":["SacredBark","Velvet Choker"],"picked":"HoveringKite"},{"not_picked":["WristBlade","Busted Crown"],"picked":"Philosopher\u0027s Stone"}],"items_purged_floors":[25,29,36],"is_endless":false,"potions_floor_spawned":[1,2,4,11,12,19,20,27,31,33,37,41,44,45,48],"ascension_level":20}}