{"host":"9c5kazgg71l3jb6l","time":1609926047,"event":{"mods":["Arknights The Spire","BaseMod","Minty Spire (QoL Compilation)","StSLib","Waifu the Spire"],"gold_per_floor":[114,114,114,39,58,89,105,55,55,55,55,75,250,279,279,279,279],"floor_reached":16,"playtime":388,"items_purged":["Regret"],"score":129,"play_id":"315467fb-043d-43f4-8819-df158b909681","local_time":"20210106174047","is_ascension_mode":true,"campfire_choices":[{"data":"ats:Explosion Area Strengthen","floor":10,"key":"SMITH"},{"data":"ats:Emotion Absorption","floor":15,"key":"SMITH"}],"circlet_count":0,"master_deck":["ats:Strike C","ats:Strike S","ats:Armor Crushing Shot","ats:Defend","ats:Defend","ats:Defend","ats:Defend","ats:Emotion Absorption+1","ats:Explosion Area Strengthen+1","ats:Sword Rain","ats:Poison Spread","ats:Burning Ground","ats:Charging Defense","Doubt","ats:Spore Proliferation"],"relics":["ats:Sanity","NeowsBlessing","Bag of Marbles","ats:Originium","WingedGreaves","InkBottle","Golden Idol","Odd Mushroom"],"acts_visited":["Exordium"],"potions_floor_usage":[],"damage_taken":[{"damage":0,"enemies":"Cultist","floor":1,"turns":1},{"damage":0,"enemies":"Small Slimes","floor":5,"turns":1},{"damage":0,"enemies":"Lagavulin","floor":6,"turns":1},{"damage":1,"enemies":"Jaw Worm","floor":7,"turns":3},{"damage":6,"enemies":"Blue Slaver","floor":12,"turns":4},{"damage":0,"enemies":"The Mushroom Lair","floor":14,"turns":2},{"damage":43,"enemies":"Hexaghost","floor":16,"turns":12}],"seed_played":"365444146032805049","potions_obtained":[{"floor":5,"key":"Strength Potion"},{"floor":12,"key":"ats:Emergency Sanity Potion"}],"is_trial":false,"path_per_floor":["M","?","?","$","M","E","M","?","T","R","?","M","?","?","R","B"],"character_chosen":"DOCTOR_CLASS","items_purchased":[],"campfire_rested":0,"item_purchase_floors":[],"current_hp_per_floor":[72,65,65,65,65,65,64,64,64,64,46,40,40,40,40,0,0],"gold":279,"neow_bonus":"THREE_ENEMY_KILL","is_daily":false,"chose_seed":false,"campfire_upgraded":2,"win_rate":0.0,"timestamp":1609926047,"path_taken":["M","?","?","?","?","E","M","?","T","R","?","M","?","?","R","BOSS"],"items_purchased_type":[],"build_version":"2020-12-22","purchased_purges":1,"victory":false,"max_hp_per_floor":[72,72,72,72,72,72,72,72,72,72,72,72,72,72,72,72,72],"card_choices":[{"not_picked":["ats:Assault Order","ats:Cat Scratch"],"picked":"ats:Explosion Area Strengthen","floor":1},{"not_picked":["ats:Support Order","ats:Demon Strength"],"picked":"ats:Sword Rain","floor":5},{"not_picked":["ats:Powerful Strike","ats:Assault Order"],"picked":"ats:Poison Spread","floor":6},{"not_picked":["ats:Childhood Dance","ats:Support Order"],"picked":"ats:Burning Ground","floor":7},{"not_picked":["ats:Flexible Camouflage","ats:Directed Diagnosis"],"picked":"ats:Charging Defense","floor":12},{"not_picked":["ats:Part Time Job","ats:Cat Scratch"],"picked":"ats:Spore Proliferation","floor":14}],"player_experience":1300439,"relics_obtained":[{"floor":6,"key":"ats:Originium"},{"floor":6,"key":"WingedGreaves"},{"floor":9,"key":"InkBottle"},{"floor":14,"key":"Odd Mushroom"}],"event_choices":[{"cards_removed":["ats:Strike V"],"damage_healed":0,"gold_gain":0,"player_choice":"Card Removal","damage_taken":7,"max_hp_gain":0,"max_hp_loss":0,"event_name":"Golden Wing","floor":2,"gold_loss":0},{"damage_healed":0,"gold_gain":0,"player_choice":"Box","damage_taken":0,"relics_obtained":["Bag of Marbles"],"max_hp_gain":0,"max_hp_loss":0,"event_name":"Big Fish","floor":3,"gold_loss":0,"cards_obtained":["Regret"]},{"cards_removed":["ats:Strike G"],"damage_healed":0,"gold_gain":0,"player_choice":"Card Removal","damage_taken":0,"max_hp_gain":0,"max_hp_loss":0,"event_name":"The Cleric","floor":8,"gold_loss":50},{"damage_healed":0,"gold_gain":0,"player_choice":"Take Damage","damage_taken":18,"relics_obtained":["Golden Idol"],"max_hp_gain":0,"max_hp_loss":0,"event_name":"Golden Idol","floor":11,"gold_loss":0},{"damage_healed":0,"gold_gain":175,"player_choice":"AGREE","damage_taken":0,"max_hp_gain":0,"max_hp_loss":0,"event_name":"Liars Game","floor":13,"gold_loss":0,"cards_obtained":["Doubt"]},{"damage_healed":0,"gold_gain":0,"player_choice":"Fought Mushrooms","damage_taken":0,"max_hp_gain":0,"max_hp_loss":0,"event_name":"Mushrooms","floor":14,"gold_loss":0}],"is_beta":false,"boss_relics":[],"items_purged_floors":[4],"is_endless":false,"potions_floor_spawned":[5,12],"killed_by":"Hexaghost","ascension_level":1}}