{"host":"g0j05wwvpvh6wxob","time":1609976197,"event":{"mods":["AchievementEnabler","Act Like it!","Aspiration","BaseMod","Bestiary","Better Altar","Better Match","Better Note","Better Sensory Stone","Better Skull","Better Third Choice","BetterRewards","Challenge The Spire","Colored Map","Colored Powertips","Conspire","Downfall","Energized Spire","GifTheSpireLib","Halation","Hermit","Highlight Path","Hubris","Infinite Spire","Jorbs\u0027s Wanderer Trilogy","Keyboard Shortcuts","Mad Scientist","Marked Mod","Minty Spire (QoL Compilation)","Potionbrewer","Quarter Circle Forward PUNCH!","Random Character Button","Random Character Mod","Rare Cards Sparkle","Relic Stats","Replay The Spire","Spicy Shops","StSLib","Stuff the Spire","The Blue Laboratory","The Construct","The Cursed","The Disciple","The Hierophant","The Judge","The Problem Sleuth","The Runesmith","The Spell Scribe","The Witch","TheArtist"],"gold_per_floor":[118,64,106,106,106,106,133,140,140,44,44,44],"floor_reached":11,"playtime":592,"items_purged":[],"score":69,"play_id":"2146b63b-3aca-48a8-b4ff-a0c85267f720","local_time":"20210106153637","is_ascension_mode":false,"campfire_choices":[{"data":"hierophant:CoinFling","floor":6,"key":"SMITH"}],"circlet_count":0,"master_deck":["hierophant:Strike_Hierophant","hierophant:Strike_Hierophant","hierophant:Strike_Hierophant","hierophant:Strike_Hierophant","hierophant:Punish","hierophant:Defend_Hierophant","hierophant:Defend_Hierophant","hierophant:Defend_Hierophant+1","hierophant:Defend_Hierophant","hierophant:ChurchCoffers","hierophant:Embezzle+1","hierophant:CoinFling+1","hierophant:CoinFling+1","hierophant:Doubloon","hierophant:Doubloon","hierophant:AuricBeam","StuffTheSpire:Perfection","expansioncontent:SlimeTackle","hierophant:Doubloon","hierophant:RecallFunds","hierophant:Determination","hierophant:Cornucopia","hierophant:HammerAndAnvil"],"relics":["hierophant:PropheticMaskRelic","NeowsBlessing","infinitespire:Satchel","halation:SelfBoilingWater","conspire:GiftBox"],"acts_visited":["Exordium"],"potions_floor_usage":[11,11],"damage_taken":[{"damage":0,"enemies":"Jaw Worm","floor":1,"turns":1},{"damage":0,"enemies":"conspire:MimicChest","floor":3,"turns":1},{"damage":2,"enemies":"conspire:RoseBush","floor":7,"turns":1},{"damage":60,"enemies":"Gremlin Nob","floor":8,"turns":5},{"damage":19,"enemies":"3 Sentries","floor":11,"turns":2}],"seed_played":"498894162703326190","potions_obtained":[{"floor":1,"key":"blueLaboratory:NullPotion"},{"floor":3,"key":"blueLaboratory:AbyssPotion"}],"is_trial":false,"path_per_floor":["M","$","?","?","?","R","M","E","T","$","E"],"character_chosen":"HIEROPHANT","items_purchased":["hierophant:CoinFling","conspire:GiftBox","hierophant:HammerAndAnvil"],"campfire_rested":0,"item_purchase_floors":[2,10,10],"current_hp_per_floor":[75,75,75,75,75,75,73,13,13,13,0,0],"gold":44,"neow_bonus":"THREE_ENEMY_KILL","is_daily":false,"chose_seed":false,"campfire_upgraded":1,"win_rate":0.0,"timestamp":1609976197,"path_taken":["M","$","?","?","?","R","M","E","T","$","E"],"items_purchased_type":["Card","Relic","Card"],"build_version":"2020-12-22","purchased_purges":0,"victory":false,"max_hp_per_floor":[75,75,75,75,75,75,75,75,75,75,75,75],"relic_stats":{"counters":[5,10],"obtain_stats":[{"conspire:GiftBox":10,"NeowsBlessing":0,"hierophant:PropheticMaskRelic":0,"infinitespire:Satchel":8,"halation:SelfBoilingWater":9,"aspiration:ChemicalBlood":3},{"conspire:GiftBox":4,"NeowsBlessing":0,"hierophant:PropheticMaskRelic":0,"infinitespire:Satchel":4,"halation:SelfBoilingWater":4,"aspiration:ChemicalBlood":2},{"conspire:GiftBox":8,"NeowsBlessing":0,"hierophant:PropheticMaskRelic":0,"infinitespire:Satchel":8,"halation:SelfBoilingWater":8,"aspiration:ChemicalBlood":2}]},"card_choices":[{"not_picked":["hierophant:Doubloon","hierophant:Rebuild"],"picked":"hierophant:Embezzle","floor":1},{"not_picked":["hierophant:MorningPrayer","hierophant:SealAway"],"picked":"hierophant:AuricBeam","floor":3},{"not_picked":["StuffTheSpire:CelestialWarden","StuffTheSpire:Innocence"],"picked":"StuffTheSpire:Perfection","floor":4},{"not_picked":["expansioncontent:Sear","expansioncontent:ManipulateTime"],"picked":"expansioncontent:SlimeTackle","floor":5},{"not_picked":["hierophant:Empathy","hierophant:Shelter"],"picked":"hierophant:RecallFunds","floor":7},{"not_picked":["hierophant:Doubloon","hierophant:TollTheBells"],"picked":"hierophant:Determination","floor":8},{"not_picked":["hierophant:AuricForm","hierophant:Batter"],"picked":"hierophant:Cornucopia","floor":10}],"player_experience":179965,"relics_obtained":[{"floor":3,"key":"aspiration:ChemicalBlood"},{"floor":8,"key":"infinitespire:Satchel"},{"floor":9,"key":"halation:SelfBoilingWater"}],"event_choices":[{"damage_healed":0,"gold_gain":1,"player_choice":"1","damage_taken":0,"max_hp_gain":0,"max_hp_loss":0,"event_name":"betterStone:BetterStone","floor":5,"gold_loss":0}],"is_beta":false,"boss_relics":[],"items_purged_floors":[],"is_endless":false,"potions_floor_spawned":[1,3],"killed_by":"3 Sentries","ascension_level":0}}