{"host":"ktoxvvst1mwxww91","time":1609944931,"event":{"mods":["BaseMod","Hermit","Minty Spire (QoL Compilation)","StSLib","The Hierophant","The Mystic","The Necromancer"],"gold_per_floor":[117,117,135,60,135,135,35,35,35,35,68,68,91,91,91,91,91],"floor_reached":16,"playtime":300,"items_purged":["Strike_B","Strike_B"],"score":178,"play_id":"d6a4328f-5eb7-4e6b-8bbd-3dccdc54b61d","local_time":"20210106155531","is_ascension_mode":true,"campfire_choices":[{"floor":6,"key":"REST"},{"data":"Streamline","floor":8,"key":"SMITH"},{"data":"Dualcast","floor":10,"key":"SMITH"},{"data":"Coolheaded","floor":15,"key":"SMITH"}],"circlet_count":0,"master_deck":["AscendersBane","Strike_B","Strike_B","Defend_B","Defend_B","Defend_B","Defend_B","Zap","Dualcast+1","Good Instincts","Leap","Streamline+1","Coolheaded+1","Go for the Eyes"],"relics":["Cracked Core","Golden Idol","Mummified Hand","Tiny Chest","Dream Catcher"],"acts_visited":["Exordium"],"potions_floor_usage":[16],"damage_taken":[{"damage":6,"enemies":"2 Louse","floor":1,"turns":3},{"damage":16,"enemies":"Small Slimes","floor":3,"turns":4},{"damage":24,"enemies":"Gremlin Nob","floor":11,"turns":4},{"damage":0,"enemies":"Jaw Worm","floor":13,"turns":2},{"damage":49,"enemies":"Slime Boss","floor":16,"turns":11}],"seed_played":"8772432830635334155","potions_obtained":[{"floor":11,"key":"DistilledChaos"}],"is_trial":false,"path_per_floor":["M","?","M","$","?","R","$","R","T","R","E","T","M","?","R","B"],"character_chosen":"DEFECT","items_purchased":[],"campfire_rested":1,"item_purchase_floors":[],"current_hp_per_floor":[58,58,42,42,31,50,50,50,50,50,26,26,26,47,47,0,0],"gold":91,"neow_bonus":"RANDOM_COLORLESS","is_daily":false,"chose_seed":false,"campfire_upgraded":3,"win_rate":0.0,"timestamp":1609944931,"path_taken":["M","?","M","$","?","R","?","R","T","R","E","?","M","?","R","BOSS"],"items_purchased_type":[],"build_version":"2020-12-22","purchased_purges":2,"victory":false,"max_hp_per_floor":[71,64,64,64,64,64,64,64,64,64,64,64,64,64,64,64,64],"card_choices":[{"not_picked":["Impatience","Discovery"],"picked":"Good Instincts","floor":0},{"not_picked":["FTL","Beam Cell"],"picked":"Leap","floor":1},{"not_picked":["Scrape","Doom and Gloom"],"picked":"Streamline","floor":3},{"not_picked":["Redo","Rainbow"],"picked":"Coolheaded","floor":11},{"not_picked":["Compile Driver","Ball Lightning"],"picked":"Go for the Eyes","floor":13}],"player_experience":978109,"relics_obtained":[{"floor":9,"key":"Mummified Hand"},{"floor":11,"key":"Tiny Chest"},{"floor":12,"key":"Dream Catcher"}],"event_choices":[{"damage_healed":0,"gold_gain":0,"player_choice":"Lose Max HP","damage_taken":0,"relics_obtained":["Golden Idol"],"max_hp_gain":0,"max_hp_loss":7,"event_name":"Golden Idol","floor":2,"gold_loss":0},{"damage_healed":0,"gold_gain":75,"player_choice":"Gather Gold","damage_taken":11,"max_hp_gain":0,"max_hp_loss":0,"event_name":"World of Goop","floor":5,"gold_loss":0},{"damage_healed":21,"gold_gain":0,"player_choice":"Banana","damage_taken":0,"max_hp_gain":0,"max_hp_loss":0,"event_name":"Big Fish","floor":14,"gold_loss":0}],"is_beta":false,"boss_relics":[],"items_purged_floors":[4,7],"is_endless":false,"potions_floor_spawned":[11],"killed_by":"Slime Boss","ascension_level":17}}