{"host":"pa9f0x1gh89g8gxw","time":1609919907,"event":{"mods":["BaseMod","Colored Powertips","Hubris","Infinite Spire","Minty Spire (QoL Compilation)","Replay The Spire","StSLib"],"gold_per_floor":[109,127,127,127,137,137,137,169,195,49,69,69,97,111,111,216,216,226,226,226,242,167,167,197,213,213,223,235,235,235],"floor_reached":29,"playtime":1092,"items_purged":[],"score":255,"play_id":"358a4d51-af91-4855-8ff7-868e3c0c1fd4","local_time":"20210106185827","is_ascension_mode":false,"campfire_choices":[{"data":"Eruption","floor":6,"key":"SMITH"},{"data":"DevaForm","floor":12,"key":"SMITH"},{"data":"Consecrate","floor":15,"key":"SMITH"},{"data":"BowlingBash","floor":23,"key":"SMITH"}],"circlet_count":0,"master_deck":["Strike_P+1","Strike_P","Strike_P","Strike_P","Defend_P","Defend_P","Defend_P","Defend_P","Eruption+1","Consecrate+1","JustLucky","DevaForm+1","Evaluate","BowlingBash+1","Devotion","Worship","Halt","WheelKick+1","JustLucky","SandsOfTime+1","CarveReality"],"relics":["PureWater","NeowsBlessing","Anchor","hubris:DeckOfHolding","Thread and Needle","Strawberry","Damaru","ReplayTheSpireMod:Ninjato","Black Star","MutagenicStrength","infinitespire:PuzzleCube","hubris:BottledRain","Whetstone"],"acts_visited":["Exordium","TheCity"],"potions_floor_usage":[13,13,16,24,24,24,27],"damage_taken":[{"damage":0,"enemies":"2 Louse","floor":1,"turns":1},{"damage":0,"enemies":"Small Slimes","floor":2,"turns":2},{"damage":0,"enemies":"Cultist","floor":5,"turns":1},{"damage":9,"enemies":"3 Sentries","floor":8,"turns":4},{"damage":0,"enemies":"2 Fungi Beasts","floor":11,"turns":3},{"damage":20,"enemies":"Lagavulin","floor":13,"turns":6},{"damage":0,"enemies":"Large Slime","floor":14,"turns":3},{"damage":30,"enemies":"The Guardian","floor":16,"turns":10},{"damage":6,"enemies":"Spheric Guardian","floor":18,"turns":4},{"damage":0,"enemies":"Chosen","floor":21,"turns":6},{"damage":31,"enemies":"Gremlin Leader","floor":24,"turns":3},{"damage":0,"enemies":"Centurion and Healer","floor":25,"turns":4},{"damage":8,"enemies":"Shelled Parasite and Fungi","floor":27,"turns":2},{"damage":11,"enemies":"Snake Plant","floor":28,"turns":4},{"damage":33,"enemies":"Sentry and Sphere","floor":29,"turns":3}],"seed_played":"7997325387590168094","potions_obtained":[{"floor":1,"key":"PowerPotion"},{"floor":5,"key":"SteroidPotion"},{"floor":13,"key":"BlessingOfTheForge"},{"floor":14,"key":"FearPotion"},{"floor":18,"key":"SteroidPotion"},{"floor":21,"key":"SteroidPotion"},{"floor":25,"key":"ColorlessPotion"}],"is_trial":false,"path_per_floor":["M","M","?","?","M","R","?","E","T","$","M","R","E","M","R","B",null,"M","?","?","M","?","R","E","M","T","M","M","M"],"character_chosen":"WATCHER","items_purchased":["Damaru"],"campfire_rested":0,"item_purchase_floors":[10],"current_hp_per_floor":[72,72,72,72,72,72,72,63,70,70,70,70,50,50,50,20,79,73,73,73,73,73,73,42,42,42,34,23,0,0],"gold":235,"neow_bonus":"THREE_ENEMY_KILL","is_daily":false,"chose_seed":false,"campfire_upgraded":4,"win_rate":0.0,"timestamp":1609919907,"path_taken":["M","M","?","?","M","R","?","E","T","$","?","R","E","M","R","BOSS","M","?","?","M","?","R","E","M","T","M","M","M"],"items_purchased_type":["Relic"],"build_version":"2020-12-22","purchased_purges":0,"victory":false,"max_hp_per_floor":[72,72,72,72,72,72,72,72,79,79,79,79,79,79,79,79,79,79,79,79,79,79,79,79,79,79,79,79,79,79],"card_choices":[{"not_picked":["EmptyMind","Collect","EmptyBody"],"picked":"SKIP","floor":1},{"not_picked":["Replay:BluntJabs","Replay:AtTheReady"],"picked":"Consecrate","floor":2},{"not_picked":["SignatureMove","Fasting2"],"picked":"JustLucky","floor":5},{"not_picked":["EmptyMind","WaveOfTheHand","Weave"],"picked":"SKIP","floor":8},{"not_picked":["EmptyMind","WaveOfTheHand","Weave"],"picked":"SKIP","floor":8},{"not_picked":["ClearTheMind","Replay:Cycle"],"picked":"DevaForm","floor":11},{"not_picked":["Replay:Hum","Crescendo"],"picked":"Evaluate","floor":13},{"not_picked":["Evaluate","Replay:ManipulateFuture"],"picked":"BowlingBash","floor":14},{"not_picked":["LessonLearned","Blasphemy"],"picked":"Devotion","floor":16},{"not_picked":["Replay:BluntJabs","CutThroughFate"],"picked":"Worship","floor":18},{"not_picked":["EmptyBody+1","JustLucky"],"picked":"Halt","floor":21},{"not_picked":["CutThroughFate","Crescendo"],"picked":"WheelKick","floor":24},{"not_picked":["TalkToTheHand+1","Protect"],"picked":"JustLucky","floor":25},{"not_picked":["WaveOfTheHand","TalkToTheHand"],"picked":"SandsOfTime+1","floor":27},{"not_picked":["InnerPeace","EmptyFist+1"],"picked":"CarveReality","floor":28}],"player_experience":455572,"relics_obtained":[{"floor":3,"key":"Anchor"},{"floor":8,"key":"Thread and Needle"},{"floor":9,"key":"Strawberry"},{"floor":13,"key":"ReplayTheSpireMod:Ninjato"},{"floor":24,"key":"infinitespire:PuzzleCube"},{"floor":24,"key":"hubris:BottledRain"},{"floor":26,"key":"Whetstone"}],"event_choices":[{"damage_healed":0,"gold_gain":0,"player_choice":"Box","damage_taken":0,"relics_obtained":["hubris:DeckOfHolding"],"max_hp_gain":0,"max_hp_loss":0,"event_name":"Big Fish","floor":4,"gold_loss":0,"cards_obtained":["Regret"]},{"cards_removed":["Regret"],"damage_healed":0,"gold_gain":0,"player_choice":"Removed Curses","damage_taken":0,"max_hp_gain":0,"max_hp_loss":0,"event_name":"Fountain of Cleansing","floor":7,"gold_loss":0},{"damage_healed":0,"gold_gain":0,"player_choice":"Inject Mutagens","damage_taken":0,"relics_obtained":["MutagenicStrength"],"max_hp_gain":0,"max_hp_loss":0,"event_name":"Drug Dealer","floor":19,"gold_loss":0},{"cards_removed":["Vigilance"],"damage_healed":0,"gold_gain":0,"player_choice":"Gave Gold","damage_taken":0,"max_hp_gain":0,"max_hp_loss":0,"event_name":"Beggar","floor":22,"gold_loss":75}],"is_beta":false,"boss_relics":[{"not_picked":["Ectoplasm","hubris:Stopwatch"],"picked":"Black Star"}],"items_purged_floors":[],"is_endless":false,"potions_floor_spawned":[1,5,13,14,18,21,25],"killed_by":"Sentry and Sphere","ascension_level":0}}