{"host":"n4fty02wqqi95laq","time":1609925080,"event":{"mods":["BaseMod","Highlight Path","Minty Spire (QoL Compilation)","Quick Restart","Rare Cards Sparkle","StSLib"],"gold_per_floor":[117,117,134,145,165,197,197,197,197],"floor_reached":8,"playtime":303,"items_purged":[],"score":116,"play_id":"bf4063a2-d399-4287-8757-d28b1ba85bb2","local_time":"20210106172440","is_ascension_mode":true,"campfire_choices":[{"data":"Eruption","floor":7.0,"key":"SMITH"}],"circlet_count":0,"master_deck":["AscendersBane","Strike_P","Strike_P","Strike_P","Strike_P","Defend_P","Defend_P","Defend_P","Defend_P","Eruption+1","Vigilance","DevaForm","Meditate","CutThroughFate","Pray","TalkToTheHand"],"relics":["PureWater","Yang","Potion Belt"],"acts_visited":["Exordium"],"potions_floor_usage":[8],"damage_taken":[{"damage":0.0,"enemies":"Small Slimes","floor":1.0,"turns":2.0},{"damage":7.0,"enemies":"Jaw Worm","floor":3.0,"turns":4.0},{"damage":0.0,"enemies":"Cultist","floor":4.0,"turns":2.0},{"damage":9.0,"enemies":"Large Slime","floor":5.0,"turns":3.0},{"damage":8.0,"enemies":"Lagavulin","floor":6.0,"turns":10.0},{"damage":1,"enemies":"3 Sentries","floor":8,"turns":2}],"seed_played":"7580087312218846495","potions_obtained":[{"floor":4.0,"key":"Fire Potion"},{"floor":6.0,"key":"AttackPotion"}],"is_trial":false,"path_per_floor":["M","?","M","M","M","E","R","E"],"character_chosen":"WATCHER","items_purchased":[],"campfire_rested":0,"item_purchase_floors":[],"current_hp_per_floor":[43,32,25,25,16,8,8,7,7],"gold":197,"neow_bonus":"THREE_RARE_CARDS","is_daily":false,"chose_seed":false,"campfire_upgraded":1,"win_rate":0.0,"timestamp":1609925080,"path_taken":["M","?","M","M","M","E","R","E"],"items_purchased_type":[],"build_version":"2020-12-22","purchased_purges":0,"victory":false,"max_hp_per_floor":[68,68,68,68,68,68,68,68,68],"card_choices":[{"not_picked":["Omniscience","Devotion"],"picked":"DevaForm","floor":0.0},{"not_picked":["Evaluate","CutThroughFate"],"picked":"Meditate","floor":1.0},{"not_picked":["FlyingSleeves","Meditate"],"picked":"CutThroughFate","floor":3.0},{"not_picked":["TalkToTheHand","SandsOfTime"],"picked":"Pray","floor":4.0},{"not_picked":["EmptyBody","BattleHymn"],"picked":"TalkToTheHand","floor":5.0},{"not_picked":["ThirdEye","SashWhip","Evaluate"],"picked":"SKIP","floor":6.0}],"player_experience":654735,"relics_obtained":[{"floor":6.0,"key":"Potion Belt"}],"event_choices":[{"damage_healed":0.0,"max_hp_gain":0.0,"max_hp_loss":0.0,"gold_gain":0.0,"event_name":"Scrap Ooze","player_choice":"Success","floor":2.0,"gold_loss":0.0,"damage_taken":11.0,"relics_obtained":["Yang"]}],"is_beta":false,"boss_relics":[],"items_purged_floors":[],"is_endless":false,"potions_floor_spawned":[4,6],"killed_by":"3 Sentries","ascension_level":20}}