{"host":"k85tjwrh7mjrrc9a","time":1609960107,"event":{"mods":["AchievementEnabler","BaseMod","Colored Powertips","Highlight Path","Minty Spire (QoL Compilation)","Rare Cards Sparkle","StSLib"],"gold_per_floor":[359,370,370,390,315,315,342,77,77,96,96,126,143,162,162,267,267,282,207,306,322,332,64,64,77,128,145,65,65,97,97,97],"floor_reached":31,"playtime":2813,"items_purged":["Decay"],"score":257,"play_id":"af752d42-04cf-4b11-b1eb-532810114ec1","local_time":"20210106140827","is_ascension_mode":false,"campfire_choices":[{"data":"PathToVictory","floor":6,"key":"SMITH"},{"floor":15,"key":"REST"},{"floor":24,"key":"REST"}],"circlet_count":0,"master_deck":["Strike_P","Strike_P","Defend_P","Defend_P","Defend_P","Defend_P","Eruption","Vigilance","PathToVictory+1","SashWhip+1","Halt","Evaluate","Evaluate","WindmillStrike","Evaluate","Vault","Protect","DeceiveReality","Pray","Finesse","WaveOfTheHand"],"relics":["PureWater","Darkstone Periapt","Membership Card","Sundial","Damaru","Philosopher\u0027s Stone","Lizard Tail","Meat on the Bone","PreservedInsect","Orichalcum"],"acts_visited":["Exordium","TheCity"],"potions_floor_usage":[16,22,27,27,27],"damage_taken":[{"damage":14,"enemies":"2 Louse","floor":1,"turns":2},{"damage":3,"enemies":"Cultist","floor":2,"turns":3},{"damage":2,"enemies":"Small Slimes","floor":4,"turns":2},{"damage":39,"enemies":"3 Sentries","floor":7,"turns":8},{"damage":0,"enemies":"Looter","floor":10,"turns":4},{"damage":0,"enemies":"3 Louse","floor":13,"turns":3},{"damage":0,"enemies":"Exordium Wildlife","floor":14,"turns":4},{"damage":21,"enemies":"Hexaghost","floor":16,"turns":11},{"damage":6,"enemies":"Shell Parasite","floor":18,"turns":10},{"damage":26,"enemies":"Chosen","floor":21,"turns":8},{"damage":16,"enemies":"3 Cultists","floor":22,"turns":8},{"damage":38,"enemies":"Snake Plant","floor":25,"turns":6},{"damage":47,"enemies":"Cultist and Chosen","floor":27,"turns":9},{"damage":24,"enemies":"Gremlin Leader","floor":30,"turns":6},{"damage":44,"enemies":"3 Cultists","floor":31,"turns":11}],"seed_played":"-6760059445631852980","potions_obtained":[{"floor":4,"key":"BlessingOfTheForge"},{"floor":10,"key":"PowerPotion"},{"floor":13,"key":"EssenceOfSteel"},{"floor":22,"key":"BottledMiracle"},{"floor":25,"key":"Ancient Potion"}],"is_trial":false,"path_per_floor":["M","M","?","M","$","R","E","$","T","M","?","?","M","M","R","B",null,"M","?","?","M","M","$","R","M","T","M","$","?","E","M"],"character_chosen":"WATCHER","items_purchased":["Membership Card","Sundial","Lizard Tail","Meat on the Bone","Pray","Finesse"],"campfire_rested":2,"item_purchase_floors":[8,8,23,23,28,28],"current_hp_per_floor":[58,55,55,53,53,53,14,14,14,14,14,14,14,14,35,14,72,66,66,66,40,24,24,45,19,19,48,48,42,30,0,0],"gold":97,"neow_bonus":"TWO_FIFTY_GOLD","is_daily":false,"chose_seed":false,"campfire_upgraded":1,"win_rate":0.0,"timestamp":1609960107,"path_taken":["M","M","?","?","$","R","E","$","T","M","?","?","M","M","R","BOSS","M","?","?","M","M","?","R","M","T","M","?","?","E","?"],"items_purchased_type":["Relic","Relic","Relic","Relic","Card","Card"],"build_version":"2020-12-22","purchased_purges":1,"victory":false,"max_hp_per_floor":[72,72,72,72,72,72,72,72,72,72,72,72,72,72,72,72,72,72,72,72,72,72,72,72,72,72,72,72,72,72,72,72],"card_choices":[{"not_picked":["Crescendo","Protect"],"picked":"PathToVictory","floor":1},{"not_picked":["Halt","Fasting2"],"picked":"SashWhip","floor":2},{"not_picked":["CarveReality","Nirvana"],"picked":"Halt","floor":4},{"not_picked":["ClearTheMind","DeceiveReality"],"picked":"Evaluate","floor":7},{"not_picked":["CutThroughFate","Conclude"],"picked":"Evaluate","floor":10},{"not_picked":["EmptyFist","Swivel"],"picked":"WindmillStrike","floor":13},{"not_picked":["Crescendo","Sanctity"],"picked":"Evaluate","floor":14},{"not_picked":["DevaForm","Ragnarok"],"picked":"Vault","floor":16},{"not_picked":["EmptyBody","Halt+1","Meditate"],"picked":"SKIP","floor":18},{"not_picked":["CutThroughFate","EmptyFist+1","FlurryOfBlows"],"picked":"SKIP","floor":21},{"not_picked":["Halt+1","SashWhip","Indignation"],"picked":"SKIP","floor":22},{"not_picked":["FollowUp","ConjureBlade"],"picked":"Protect","floor":25},{"not_picked":["CrushJoints","Consecrate"],"picked":"DeceiveReality","floor":27},{"not_picked":["Protect","FlurryOfBlows"],"picked":"WaveOfTheHand","floor":30}],"player_experience":150372,"relics_obtained":[{"floor":7,"key":"Darkstone Periapt"},{"floor":9,"key":"Damaru"},{"floor":26,"key":"PreservedInsect"},{"floor":30,"key":"Orichalcum"}],"event_choices":[{"damage_healed":0,"gold_gain":0,"player_choice":"Upgraded","damage_taken":0,"max_hp_gain":0,"max_hp_loss":0,"event_name":"Upgrade Shrine","floor":3,"gold_loss":0,"cards_upgraded":["SashWhip"]},{"cards_removed":["Strike_P"],"damage_healed":0,"gold_gain":0,"player_choice":"Forget","damage_taken":0,"max_hp_gain":0,"max_hp_loss":0,"event_name":"Living Wall","floor":11,"gold_loss":0},{"damage_healed":0,"gold_gain":30,"player_choice":"Searched \u00271\u0027 times","damage_taken":0,"max_hp_gain":0,"max_hp_loss":0,"event_name":"Dead Adventurer","floor":12,"gold_loss":0},{"cards_removed":["Strike_P"],"damage_healed":0,"gold_gain":0,"player_choice":"Gave Gold","damage_taken":0,"max_hp_gain":0,"max_hp_loss":0,"event_name":"Beggar","floor":19,"gold_loss":75},{"damage_healed":0,"gold_gain":99,"player_choice":"Stole From Cult","damage_taken":0,"max_hp_gain":0,"max_hp_loss":0,"event_name":"Nest","floor":20,"gold_loss":0},{"damage_healed":0,"gold_gain":0,"player_choice":"","damage_taken":6,"max_hp_gain":0,"max_hp_loss":0,"event_name":"Knowing Skull","floor":29,"potions_obtained":[],"gold_loss":0,"cards_obtained":[]}],"is_beta":false,"boss_relics":[{"not_picked":["SacredBark","Runic Dome"],"picked":"Philosopher\u0027s Stone"}],"items_purged_floors":[5],"is_endless":false,"potions_floor_spawned":[4,10,13,22,25],"killed_by":"3 Cultists","ascension_level":0}}