{"host":"i9h64q9gphvrup4n","time":1609968619,"event":{"mods":["2.2 Compatiblity","AchievementEnabler","Ascension Reborn","Aspiration","Astrologer","Bard","BaseMod","Beaked The Cultist","BetterRewards","Colored Powertips","Conspire","Downfall","Gremlin Mod","Hermit","Hubris","Infinite Spire","Jorbs\u0027s Wanderer Trilogy","Minty Spire (QoL Compilation)","Replay The Spire","Shop Mod","StSLib","SuperFastMode","The Blackbeard","The Bladedancer","The Bug Knight","The Construct","The Cursed","The Disciple","The Hierophant","The Jungle","The Necromancer","The Runesmith","The Wild Card","slay the spire mod where everything is the same but ironclad has a cowboy hat","vexMod"],"gold_per_floor":[113,163,163,11,21,21,39,67,67,67,93,93,128,151,151,271,271,324,420,420,352,44,240,240,240,240],"floor_reached":25,"playtime":1068,"items_purged":["Delirium"],"score":462,"play_id":"6acb9f3f-a6c6-48b0-812d-fedf4dd411f7","local_time":"20210106153019","is_ascension_mode":true,"campfire_choices":[{"floor":6,"key":"RECALL"},{"floor":10,"key":"REST"},{"floor":12,"key":"REST"},{"floor":15,"key":"REST"},{"floor":24,"key":"REST"}],"circlet_count":0,"master_deck":["Strike_P","Strike_P","Strike_P","Strike_P","Defend_P","Defend_P","Defend_P","Eruption","Vigilance","CarveReality","Pot Of Greed","ReplayTheSpireMod:Compounding Headache","stsjorbsmod:PollutedStrike","Pot Of Greed","Weave+1","FlurryOfBlows","Establishment","Crescendo","hubris:Greed","Weave","PathToVictory","hubris:Greed","hubris:Greed","hubris:Greed","hubris:Wrath","MasterReality","Pot Of Greed","hubris:Greed","hubris:Greed","hubris:Greed","hubris:Greed","Protect+1","hubris:Greed","hubris:Greed","hubris:Greed","hubris:Greed","hubris:Greed","hubris:Greed","hubris:Greed","Pot Of Greed","hubris:Greed","hubris:Greed","stsjorbsmod:Amnesia","FollowUp","Ghostly+1","Ghostly","Ghostly","Ghostly","Ghostly","hubris:Greed","hubris:Greed","hubris:Greed","Pot Of Greed","hubris:Greed","hubris:Greed","hubris:Greed","hubris:Greed","hubris:Greed","hubris:Greed","hubris:Greed","hubris:Greed","hubris:Greed","hubris:Greed","hubris:Greed","hubris:Greed","Pot Of Greed","hubris:Greed","hubris:Greed","hubris:Disease","Replay:AtTheReady+1","hubris:Greed","hubris:Greed","hubris:Greed","hubris:Greed","hubris:Greed","hubris:Greed","hubris:Greed","hubris:Greed","hubris:Greed","Pot Of Greed","hubris:Greed","hubris:Greed"],"relics":["PureWater","NeowsBlessing","Ring of Hypnosis","Ring of Greed","Membership Card","The Courier","Grinning Jar","ReplayTheSpireMod:CursedCoin","Matryoshka","infinitespire:WardingShard","aspiration:ChemicalBlood","Gremlin Food","Bronze Scales","Replay:Bottled Steam","hubris:ToyBattleship","SlaversCollar","hubris:EmptyBottle","Strawberry","Replay:Kaleidoscope","Simple Rune","Replay:WaspNest"],"acts_visited":["Exordium","TheCity"],"potions_floor_usage":[8,13,16,16,16,18,19,19,23,23,23,25,25,25],"damage_taken":[{"damage":0.0,"enemies":"Small Slimes","floor":1.0,"turns":1.0},{"damage":0,"enemies":"Jaw Worm","floor":5,"turns":1},{"damage":0,"enemies":"infinitespire:Voidling","floor":7,"turns":1},{"damage":27,"enemies":"Lagavulin","floor":8,"turns":3},{"damage":24,"enemies":"3 Sentries","floor":11,"turns":9},{"damage":8,"enemies":"Gremlin Nob","floor":13,"turns":3},{"damage":16,"enemies":"Large Slime","floor":14,"turns":2},{"damage":44,"enemies":"Hexaghost","floor":16,"turns":8},{"damage":10,"enemies":"Spheric Guardian","floor":18,"turns":3},{"damage":61,"enemies":"3 Cultists","floor":19,"turns":6},{"damage":43,"enemies":"conspire:SneckoGhost","floor":23,"turns":10},{"damage":30,"enemies":"Book of Stabbing","floor":25,"turns":3}],"seed_played":"2110580641739090914","potions_obtained":[{"floor":1,"key":"Fire Potion"},{"floor":5,"key":"FearPotion"},{"floor":8,"key":"Dexterity Potion"},{"floor":11,"key":"sneckomod:MuddlingPotion"},{"floor":19,"key":"Death Potion"},{"floor":19,"key":"Venom Potion"},{"floor":23,"key":"PowerPotion"}],"is_trial":false,"path_per_floor":["M","?","?","$","M","R","M","E","T","R","E","R","E","M","R","B",null,"M","M","?","?","$","E","R","E"],"character_chosen":"WATCHER","items_purchased":["Grinning Jar","ReplayTheSpireMod:CursedCoin","Matryoshka","infinitespire:WardingShard","hubris:EmptyBottle","Strawberry","Replay:Kaleidoscope","Simple Rune"],"campfire_rested":4,"item_purchase_floors":[4,4,4,4,22,22,22,22],"current_hp_per_floor":[72,72,72,72,72,72,72,45,45,66,42,63,55,39,60,16,72,62,1,1,21,28,6,18,0,0],"gold":240,"neow_bonus":"THREE_ENEMY_KILL","is_daily":false,"chose_seed":false,"campfire_upgraded":0,"win_rate":0.0,"timestamp":1609968619,"path_taken":["M","?","?","$","M","R","M","E","T","R","E","R","E","?","R","BOSS","M","M","?","?","?","E","R","E"],"items_purchased_type":["Relic","Relic","Relic","Relic","Relic","Relic","Relic","Relic"],"build_version":"2020-12-22","purchased_purges":1,"victory":false,"max_hp_per_floor":[72,72,72,72,72,72,72,72,72,72,72,72,72,72,72,72,72,72,72,36,36,43,43,43,43,43],"card_choices":[{"not_picked":["Nirvana","ThirdEye"],"picked":"CarveReality","floor":1},{"not_picked":["Replay:BluntJabs","Halt"],"picked":"Weave","floor":5},{"not_picked":["SashWhip","FearNoEvil"],"picked":"FlurryOfBlows","floor":7},{"not_picked":["Study","ClearTheMind"],"picked":"Establishment","floor":8},{"not_picked":["EmptyFist","SignatureMove"],"picked":"Crescendo","floor":11},{"not_picked":["Adaptation","Scrawl"],"picked":"Weave","floor":13},{"not_picked":["Replay:ManipulateFuture","Protect"],"picked":"PathToVictory","floor":14},{"not_picked":["ConjureBlade","Omniscience"],"picked":"MasterReality","floor":16},{"not_picked":["Replay:Cycle","Crescendo"],"picked":"Protect+1","floor":18},{"not_picked":["EmptyBody+1","Evaluate"],"picked":"FollowUp","floor":19},{"not_picked":["ThirdEye","Replay:ManipulateFuture"],"picked":"Replay:AtTheReady+1","floor":23}],"player_experience":673412,"relics_obtained":[{"floor":2,"key":"Ring of Hypnosis"},{"floor":2,"key":"Ring of Greed"},{"floor":2,"key":"Membership Card"},{"floor":2,"key":"The Courier"},{"floor":8,"key":"aspiration:ChemicalBlood"},{"floor":9,"key":"Gremlin Food"},{"floor":9,"key":"Bronze Scales"},{"floor":11,"key":"Replay:Bottled Steam"},{"floor":13,"key":"hubris:ToyBattleship"},{"floor":23,"key":"Replay:WaspNest"}],"event_choices":[{"cards_removed":["Defend_P"],"damage_healed":0,"gold_gain":0,"player_choice":"Offered Basic","damage_taken":0,"max_hp_gain":0,"max_hp_loss":0,"event_name":"Bonfire Elementals","floor":3,"gold_loss":0},{"damage_healed":0,"gold_gain":0,"player_choice":"Became a Ghost","damage_taken":0,"max_hp_gain":0,"max_hp_loss":36,"event_name":"Ghosts","floor":20,"gold_loss":0,"cards_obtained":["Ghostly","Ghostly","Ghostly","Ghostly","Ghostly"]}],"is_beta":false,"boss_relics":[{"not_picked":["vexMod:TanglingVine","hubris:BlackHole"],"picked":"SlaversCollar"}],"items_purged_floors":[4],"is_endless":false,"potions_floor_spawned":[1,5,8,11,19,23],"killed_by":"Book of Stabbing","ascension_level":0}}