{"host":"hwrdjx5eod2cxh09","time":1609939473,"event":{"mods":["AchievementEnabler","BaseMod","Bestiary","Minty Spire (QoL Compilation)","Relic Stats"],"gold_per_floor":[219,231,250,269,281,310,310,310,310,327,338,356,409,434,434,534,534,546,546,217,182,182,182,182,182],"floor_reached":24,"playtime":995,"items_purged":[],"score":235,"play_id":"41c08e36-e7fd-443a-885e-9b29324677a4","local_time":"20210106222433","is_ascension_mode":false,"campfire_choices":[{"floor":8,"key":"REST"},{"data":"Go for the Eyes","floor":15,"key":"SMITH"},{"floor":23,"key":"RECALL"}],"circlet_count":0,"master_deck":["Zap","Dualcast","FTL","Go for the Eyes+1","Reinforced Body","Beam Cell","Core Surge","Scrape","Consume","Buffer","Biased Cognition","Echo Form","Cold Snap","Scrape","Glacier","Meteor Strike","Leap","Seek","Coolheaded","Ghostly","Ghostly","Ghostly","Ghostly","Ghostly","Blind","Beam Cell+1"],"relics":["Cracked Core","Potion Belt","White Beast Statue","Pen Nib","Pandora\u0027s Box","Sundial"],"acts_visited":["Exordium","TheCity"],"potions_floor_usage":[11,14],"damage_taken":[{"damage":5,"enemies":"Cultist","floor":1,"turns":4},{"damage":1,"enemies":"Jaw Worm","floor":2,"turns":4},{"damage":0,"enemies":"2 Louse","floor":3,"turns":3},{"damage":0,"enemies":"Exordium Wildlife","floor":4,"turns":3},{"damage":0,"enemies":"3 Louse","floor":5,"turns":3},{"damage":24,"enemies":"Lagavulin","floor":6,"turns":9},{"damage":2,"enemies":"Blue Slaver","floor":10,"turns":3},{"damage":0,"enemies":"Lots of Slimes","floor":11,"turns":1},{"damage":8,"enemies":"Large Slime","floor":12,"turns":5},{"damage":4,"enemies":"Gremlin Nob","floor":14,"turns":3},{"damage":40,"enemies":"Hexaghost","floor":16,"turns":12},{"damage":4,"enemies":"Spheric Guardian","floor":18,"turns":4},{"damage":0,"enemies":"2 Thieves","floor":21,"turns":5},{"damage":29,"enemies":"Gremlin Leader","floor":24,"turns":6}],"seed_played":"-4103957333299776373","potions_obtained":[{"floor":3,"key":"Explosive Potion"},{"floor":6,"key":"FearPotion"},{"floor":7,"key":"EssenceOfSteel"},{"floor":7,"key":"SteroidPotion"},{"floor":7,"key":"FairyPotion"},{"floor":11,"key":"LiquidBronze"},{"floor":14,"key":"Swift Potion"},{"floor":16,"key":"Fire Potion"}],"is_trial":false,"path_per_floor":["M","M","M","M","M","E","?","R","T","M","M","M","?","E","R","B",null,"M","?","$","M","?","R","E"],"character_chosen":"DEFECT","items_purchased":["Blind","Sundial"],"campfire_rested":1,"item_purchase_floors":[20,20],"current_hp_per_floor":[70,69,69,69,69,45,45,67,67,65,65,57,57,53,53,13,75,71,37,37,37,33,33,4,4],"gold":182,"neow_bonus":"HUNDRED_GOLD","is_daily":false,"chose_seed":false,"campfire_upgraded":1,"win_rate":0.0,"timestamp":1609939473,"path_taken":["M","M","M","M","?","E","?","R","T","M","?","M","?","E","R","BOSS","M","?","$","M","?","R","E"],"items_purchased_type":["Card","Relic"],"build_version":"2020-12-22","purchased_purges":0,"victory":false,"max_hp_per_floor":[75,75,75,75,75,75,75,75,75,75,75,75,75,75,75,75,75,75,37,37,37,42,42,42,42],"relic_stats":{"counters":[14,65],"Sundial":[2],"Pandora\u0027s Box":["Biased Cognition","Echo Form","Cold Snap","Scrape","Glacier","Meteor Strike","Leap","Seek"],"Pen Nib":[6],"obtain_stats":[{"Potion Belt":6,"Sundial":20,"Pandora\u0027s Box":17,"Pen Nib":14,"Cracked Core":0,"White Beast Statue":9},{"Potion Belt":6,"Sundial":12,"Pandora\u0027s Box":11,"Pen Nib":10,"Cracked Core":0,"White Beast Statue":6},{"Potion Belt":26,"Sundial":54,"Pandora\u0027s Box":50,"Pen Nib":38,"Cracked Core":0,"White Beast Statue":26}]},"card_choices":[{"not_picked":["Turbo","Blizzard","Heatsinks"],"picked":"SKIP","floor":1},{"not_picked":["Conserve Battery","Sweeping Beam"],"picked":"FTL","floor":2},{"not_picked":["Turbo","Barrage"],"picked":"Go for the Eyes","floor":3},{"not_picked":["Blizzard","Compile Driver"],"picked":"Reinforced Body","floor":4},{"not_picked":["Compile Driver","Stack"],"picked":"Beam Cell","floor":5},{"not_picked":["Lockon","Melter"],"picked":"Core Surge","floor":6},{"not_picked":["Rebound","Chill"],"picked":"Scrape","floor":10},{"not_picked":["Barrage","Storm","Stack"],"picked":"SKIP","floor":11},{"not_picked":["Go for the Eyes","Undo"],"picked":"Consume","floor":12},{"not_picked":["Stack","Storm","Tempest"],"picked":"SKIP","floor":14},{"not_picked":["Creative AI","Reboot"],"picked":"Buffer","floor":16},{"not_picked":["Barrage","Turbo"],"picked":"Coolheaded","floor":18},{"not_picked":["Genetic Algorithm","Conserve Battery+1"],"picked":"Beam Cell+1","floor":21}],"player_experience":180459,"relics_obtained":[{"floor":6,"key":"Potion Belt"},{"floor":9,"key":"White Beast Statue"},{"floor":14,"key":"Pen Nib"}],"event_choices":[{"damage_healed":0,"gold_gain":0,"player_choice":"Got Potions","damage_taken":0,"max_hp_gain":0,"max_hp_loss":0,"event_name":"Lab","floor":7,"gold_loss":0},{"damage_healed":0,"gold_gain":53,"player_choice":"Gained Gold","damage_taken":0,"max_hp_gain":0,"max_hp_loss":0,"event_name":"Golden Wing","floor":13,"gold_loss":0},{"damage_healed":0,"gold_gain":0,"player_choice":"Became a Ghost","damage_taken":0,"max_hp_gain":0,"max_hp_loss":38,"event_name":"Ghosts","floor":19,"gold_loss":0,"cards_obtained":["Ghostly","Ghostly","Ghostly","Ghostly","Ghostly"]},{"damage_healed":0,"gold_gain":0,"player_choice":"Shed Blood","damage_taken":9,"max_hp_gain":5,"max_hp_loss":0,"event_name":"Forgotten Altar","floor":22,"gold_loss":0}],"is_beta":false,"boss_relics":[{"not_picked":["Empty Cage","Ectoplasm"],"picked":"Pandora\u0027s Box"}],"items_purged_floors":[],"is_endless":false,"potions_floor_spawned":[3,6,10,11,12,14,16,18,21],"killed_by":"Gremlin Leader","ascension_level":0}}