{"host":"95i1gxnztdrdyvhi","time":1609964488,"event":{"mods":["100% Spire Juice","AchievementEnabler","Act Like it!","BaseMod","Minty Spire (QoL Compilation)","Quick Restart","StSLib"],"gold_per_floor":[113,113,113,126,146,180,180,197,221,235,269,29,48,58,58,158,208,225,225,225,245,50,50,65,95,95,113,127,127,127,162,162,262,262,276,96,96,0,16,47,65,93,118,28,28,40,54,64,64,64,64,64,29,55,55,55],"floor_reached":55,"playtime":5112,"items_purged":["Moonworks:Strike+1","Moonworks:Strike+1"],"score":831,"play_id":"66df0efc-3cd5-4720-9d90-a13f6d672717","local_time":"20210106202128","is_ascension_mode":false,"campfire_choices":[{"data":"Moonworks:SealedMemories","floor":7.0,"key":"SMITH"},{"data":"Moonworks:FullSpeedAlicianrone","floor":15.0,"key":"SMITH"},{"data":"Moonworks:FullSpeedAlicianrone","floor":23.0,"key":"SMITH"},{"data":"Moonworks:StarBlastingFuse","floor":32.0,"key":"SMITH"},{"floor":45,"key":"RECALL"},{"data":"Moonworks:PlushieMaster","floor":49,"key":"SMITH"},{"data":"Moonworks:MixPhenomenon","floor":52,"key":"SMITH"}],"circlet_count":0,"master_deck":["Moonworks:Defend+1","Moonworks:Defend+1","Moonworks:Defend+1","Moonworks:Ambush+1","Moonworks:LongDistanceShot+1","Moonworks:SealedMemories+1","Moonworks:FullSpeedAlicianrone+1","Moonworks:LulusLuckyEgg","Moonworks:FullSpeedAlicianrone+1","Moonworks:UnluckyCharm","Moonworks:PlushieMaster+1","Moonworks:DevilHand+1","Moonworks:SakisCookie","Moonworks:StarBlastingFuse+1","Moonworks:Dash","Moonworks:HolyNight","Moonworks:StarBlastingFuse+1","Parasite","Moonworks:MixPhenomenon+1","Moonworks:RagingMadness","Moonworks:UnpaidWork+1"],"relics":["Moonworks:BrokenBomb","Moonworks:Homemark","Nunchaku","Bag of Preparation","Oddly Smooth Stone","Tiny House","PreservedInsect","Bottled Lightning","Whetstone","SlaversCollar","Red Mask","StrikeDummy","Eternal Feather","Happy Flower"],"acts_visited":["Exordium","TheCity","TheBeyond","TheEnding"],"potions_floor_usage":[55,55],"damage_taken":[{"damage":1.0,"enemies":"Jaw Worm","floor":1.0,"turns":3.0},{"damage":2.0,"enemies":"2 Louse","floor":4.0,"turns":3.0},{"damage":0.0,"enemies":"Cultist","floor":5.0,"turns":2.0},{"damage":12.0,"enemies":"3 Sentries","floor":6.0,"turns":9.0},{"damage":0.0,"enemies":"Blue Slaver","floor":8.0,"turns":4.0},{"damage":0.0,"enemies":"Looter","floor":10.0,"turns":3.0},{"damage":8.0,"enemies":"Lagavulin","floor":11.0,"turns":7.0},{"damage":2.0,"enemies":"Exordium Thugs","floor":13.0,"turns":4.0},{"damage":10.0,"enemies":"Lots of Slimes","floor":14.0,"turns":4.0},{"damage":0.0,"enemies":"Hexaghost","floor":16.0,"turns":7.0},{"damage":18.0,"enemies":"3 Byrds","floor":18.0,"turns":5.0},{"damage":0.0,"enemies":"Shell Parasite","floor":21.0,"turns":4.0},{"damage":0.0,"enemies":"Centurion and Healer","floor":24.0,"turns":5.0},{"damage":2.0,"enemies":"Book of Stabbing","floor":25.0,"turns":5.0},{"damage":4.0,"enemies":"Snecko","floor":27.0,"turns":3.0},{"damage":0.0,"enemies":"Cultist and Chosen","floor":28.0,"turns":3.0},{"damage":22.0,"enemies":"Gremlin Leader","floor":31.0,"turns":5.0},{"damage":21.0,"enemies":"Collector","floor":33.0,"turns":12.0},{"damage":0,"enemies":"3 Darklings","floor":35,"turns":4},{"damage":4,"enemies":"3 Shapes","floor":39,"turns":4},{"damage":0,"enemies":"Nemesis","floor":40,"turns":5},{"damage":34,"enemies":"Writhing Mass","floor":41,"turns":7},{"damage":0,"enemies":"Reptomancer","floor":42,"turns":4},{"damage":0,"enemies":"3 Darklings","floor":46,"turns":3},{"damage":0,"enemies":"Jaw Worm Horde","floor":47,"turns":4},{"damage":5,"enemies":"Spire Growth","floor":48,"turns":5},{"damage":50,"enemies":"Time Eater","floor":50,"turns":11},{"damage":11,"enemies":"Shield and Spear","floor":54,"turns":5},{"damage":61,"enemies":"The Heart","floor":55,"turns":5}],"seed_played":"3656439542828543157","potions_obtained":[{"floor":4.0,"key":"SteroidPotion"},{"floor":6.0,"key":"Strength Potion"},{"floor":13.0,"key":"LiquidBronze"}],"is_trial":false,"path_per_floor":["M","?","?","M","M","E","R","M","T","M","E","$","M","M","R","B",null,"M","?","?","M","$","R","M","E","T","M","M","?","?","E","R","B",null,"M","$","?","?","M","E","M","E","T","?","R","M","M","M","R","B",null,"R","$","E","B"],"character_chosen":"THE_STARBREAKER","items_purchased":["Moonworks:RagingMadness","Moonworks:RagingMadness"],"campfire_rested":0,"item_purchase_floors":[36,53],"current_hp_per_floor":[53,53,53,51,51,39,39,39,39,39,31,31,29,19,19,23,59,41,41,41,45,45,45,49,51,51,51,55,55,55,37,37,20,59,59,59,59,59,59,59,29,37,37,37,46,50,54,53,59,13,59,59,59,52,0,0],"gold":55,"neow_bonus":"REMOVE_TWO","is_daily":false,"chose_seed":false,"campfire_upgraded":6,"win_rate":0.0,"timestamp":1609964488,"path_taken":["M","?","?","M","M","E","R","M","T","M","E","$","M","?","R","BOSS","M","?","?","?","?","R","M","E","T","M","M","?","?","E","R","BOSS","BOSS","M","$","?","?","M","E","M","E","T","?","R","M","M","?","R","BOSS","R","$","E","BOSS"],"items_purchased_type":["Card","Card"],"build_version":"2020-12-22","purchased_purges":2,"victory":false,"max_hp_per_floor":[54,54,54,54,54,54,54,54,54,54,54,54,54,54,54,54,59,59,59,59,59,59,59,59,59,59,59,59,59,59,59,59,59,59,59,59,59,59,59,59,59,59,59,59,59,59,59,59,59,59,59,59,59,59,59,59],"card_choices":[{"not_picked":["Moonworks:Assault","Moonworks:ImOnFire"],"picked":"Moonworks:SealedMemories","floor":1.0},{"not_picked":["Moonworks:BigMagnum","Moonworks:IntelligenceOfficer"],"picked":"Moonworks:FullSpeedAlicianrone","floor":4.0},{"not_picked":["Moonworks:NicePresent","Moonworks:JonathanRush"],"picked":"Moonworks:LulusLuckyEgg","floor":5.0},{"not_picked":["Moonworks:NicePresent","Moonworks:Assault"],"picked":"Moonworks:FullSpeedAlicianrone","floor":6.0},{"not_picked":["Moonworks:SealedMemories","Moonworks:EvilSpyWorkPreparation"],"picked":"Moonworks:UnluckyCharm","floor":8.0},{"not_picked":["Moonworks:LuckyCharm","Moonworks:ImOnFire"],"picked":"Moonworks:PlushieMaster","floor":10.0},{"not_picked":["Moonworks:ExtendedPhotonRifle","Moonworks:CloudOfSeagulls"],"picked":"Moonworks:DevilHand","floor":11.0},{"not_picked":["Moonworks:NicePresent","Moonworks:IndiscriminateFireSupport","Moonworks:JonathanRush"],"picked":"SKIP","floor":13.0},{"not_picked":["Moonworks:EvilSpyWorkPreparation","Moonworks:JonathanRush"],"picked":"Moonworks:SakisCookie","floor":14.0},{"not_picked":["Moonworks:AccelHyper","Moonworks:LeapThroughSpace"],"picked":"Moonworks:StarBlastingFuse","floor":16.0},{"not_picked":["Moonworks:CloudOfSeagulls","Moonworks:LulusLuckyEgg"],"picked":"Moonworks:Dash","floor":18.0},{"not_picked":["Moonworks:PlushieMaster","Moonworks:Bloodlust","Moonworks:BeyondHell+1"],"picked":"SKIP","floor":21.0},{"not_picked":["Moonworks:Assault","Moonworks:EvilSpyWorkPreparation","Moonworks:ExtendedPhotonRifle"],"picked":"SKIP","floor":24.0},{"not_picked":["Moonworks:EvilSpyWorkPreparation","Moonworks:LulusLuckyEgg","Moonworks:Assault"],"picked":"SKIP","floor":25.0},{"not_picked":["Moonworks:ImOnFire","Moonworks:IndiscriminateFireSupport+1","Moonworks:CloudOfSeagulls"],"picked":"SKIP","floor":27.0},{"not_picked":["Moonworks:ImOnFire","Moonworks:ExtendedPhotonRifle","Moonworks:UnluckyCharm"],"picked":"SKIP","floor":28.0},{"not_picked":["Moonworks:UnluckyCharm","Moonworks:LeapThroughSpace","Moonworks:BigBangBell+1"],"picked":"SKIP","floor":31.0},{"not_picked":["Moonworks:Blazing","Moonworks:WeAreWaruda"],"picked":"Moonworks:StarBlastingFuse","floor":33},{"not_picked":["Moonworks:EvilSpyWorkPreparation+1","Moonworks:ImOnFire","Moonworks:BigBangBell+1"],"picked":"SKIP","floor":35},{"not_picked":["Moonworks:CloudOfSeagulls+1","Moonworks:LulusLuckyEgg","Moonworks:IntelligenceOfficer+1"],"picked":"SKIP","floor":39},{"not_picked":["Moonworks:NicePresent+1","Moonworks:JonathanRush+1","Moonworks:SakisCookie"],"picked":"SKIP","floor":40},{"not_picked":["Moonworks:DeployBits+1","Moonworks:MiracleRedBeanIceCream+1"],"picked":"Moonworks:MixPhenomenon","floor":41},{"not_picked":["Moonworks:DeployBits+1","Moonworks:JonathanRush+1","Moonworks:EvilSpyWorkPreparation+1"],"picked":"SKIP","floor":42},{"not_picked":["Moonworks:WindyEnchantment+1","Moonworks:UnluckyCharm","Moonworks:ImOnFire"],"picked":"SKIP","floor":46},{"not_picked":["Moonworks:CloudOfSeagulls+1","Moonworks:WindyEnchantment","Moonworks:Dinner+1"],"picked":"SKIP","floor":47},{"not_picked":["Moonworks:CloudOfSeagulls+1","Moonworks:SakisCookie","Moonworks:UnluckyCharm"],"picked":"SKIP","floor":48},{"not_picked":["Moonworks:WeAreWaruda","Moonworks:BindingChains"],"picked":"Moonworks:UnpaidWork+1","floor":54}],"player_experience":628943,"relics_obtained":[{"floor":6.0,"key":"Nunchaku"},{"floor":9.0,"key":"Bag of Preparation"},{"floor":11.0,"key":"Oddly Smooth Stone"},{"floor":25.0,"key":"PreservedInsect"},{"floor":26.0,"key":"Bottled Lightning"},{"floor":31.0,"key":"Whetstone"},{"floor":40,"key":"StrikeDummy"},{"floor":42,"key":"Eternal Feather"},{"floor":54,"key":"Happy Flower"}],"event_choices":[{"damage_healed":0.0,"max_hp_gain":0.0,"max_hp_loss":0.0,"gold_gain":0.0,"event_name":"Living Wall","player_choice":"Grow","floor":2.0,"gold_loss":0.0,"damage_taken":0.0,"cards_upgraded":["Moonworks:Ambush"]},{"damage_healed":0.0,"max_hp_gain":0.0,"max_hp_loss":0.0,"gold_gain":0.0,"event_name":"The Woman in Blue","player_choice":"Bought 0 Potions","floor":3.0,"gold_loss":0.0,"damage_taken":0.0},{"damage_healed":0.0,"max_hp_gain":0.0,"max_hp_loss":0.0,"gold_gain":0.0,"event_name":"Back to Basics","player_choice":"Simplicity","floor":19.0,"gold_loss":0.0,"damage_taken":0.0,"cards_upgraded":["Moonworks:Strike","Moonworks:Strike","Moonworks:Defend","Moonworks:Defend","Moonworks:Defend"]},{"damage_healed":0.0,"max_hp_gain":0.0,"max_hp_loss":0.0,"gold_gain":0.0,"event_name":"Vampires","player_choice":"Ignored","floor":20.0,"gold_loss":0.0,"damage_taken":0.0},{"damage_healed":0.0,"max_hp_gain":0.0,"max_hp_loss":0.0,"gold_gain":0.0,"event_name":"The Library","player_choice":"Read","floor":29.0,"gold_loss":0.0,"damage_taken":0.0,"cards_obtained":["Moonworks:HolyNight"]},{"damage_healed":0.0,"max_hp_gain":0.0,"max_hp_loss":0.0,"gold_gain":0.0,"event_name":"Cursed Tome","player_choice":"Ignored","floor":30.0,"gold_loss":0.0,"damage_taken":0.0},{"cards_removed":["Moonworks:RagingMadness"],"damage_healed":0,"gold_gain":0,"player_choice":"Removed Power","damage_taken":0,"max_hp_gain":0,"max_hp_loss":0,"event_name":"Falling","floor":37,"gold_loss":0},{"damage_healed":0,"gold_gain":0,"player_choice":"Paid","damage_taken":0,"relics_obtained":["Red Mask"],"max_hp_gain":0,"max_hp_loss":0,"event_name":"Tomb of Lord Red Mask","floor":38,"gold_loss":96},{"cards_removed":["Moonworks:Strike"],"damage_healed":0,"gold_gain":0,"player_choice":"Upgrade and Remove","damage_taken":0,"max_hp_gain":0,"max_hp_loss":0,"event_name":"Designer","floor":44,"gold_loss":90,"cards_upgraded":["Moonworks:StarBlastingFuse"]}],"is_beta":false,"boss_relics":[{"not_picked":["Runic Pyramid","Astrolabe"],"picked":"Tiny House"},{"not_picked":["SacredBark","Empty Cage"],"picked":"SlaversCollar"}],"items_purged_floors":[22,36],"is_endless":false,"potions_floor_spawned":[4,6,13,14,18,21,31,35,39,40,46,47,54],"killed_by":"The Heart","ascension_level":0}}