{"host":"sav7uxregyirlf69","time":1609926660,"event":{"mods":["AchievementEnabler","BaseMod","Colored Map","DeckTracker","Keyboard Shortcuts","Minty Spire (QoL Compilation)","READ ME - Guardian Mod","StSLib","SuperFastMode"],"gold_per_floor":[112,112,112,112,162,162,187,206,206,238,238,238,238],"floor_reached":12,"playtime":140,"items_purged":[],"score":218,"play_id":"604d90a0-8768-44f3-956d-a845b745e2df","local_time":"20210106185100","is_ascension_mode":true,"campfire_choices":[{"data":"Disarm","floor":6,"key":"SMITH"},{"data":"Body Slam","floor":11,"key":"SMITH"}],"circlet_count":0,"master_deck":["AscendersBane","Strike_R","Strike_R","Strike_R","Defend_R","Defend_R","Defend_R","Defend_R","Bash","Second Wind","Disarm+1","Feel No Pain","Body Slam+1"],"relics":["Burning Blood","NeowsBlessing","Happy Flower","Turnip","Mummified Hand","Matryoshka"],"acts_visited":["Exordium"],"potions_floor_usage":[10],"damage_taken":[{"damage":0,"enemies":"Small Slimes","floor":1,"turns":1},{"damage":0,"enemies":"Lagavulin","floor":7,"turns":1},{"damage":0,"enemies":"2 Louse","floor":8,"turns":1},{"damage":43,"enemies":"Gremlin Nob","floor":10,"turns":6},{"damage":51,"enemies":"Lagavulin","floor":12,"turns":10}],"seed_played":"3977093800288609617","potions_obtained":[{"floor":1,"key":"Swift Potion"}],"is_trial":false,"path_per_floor":["M","?","?","?","T","R","E","M","T","E","R","E"],"character_chosen":"IRONCLAD","items_purchased":[],"campfire_rested":0,"item_purchase_floors":[],"current_hp_per_floor":[74,79,79,72,72,72,78,80,80,43,43,0,0],"gold":238,"neow_bonus":"THREE_ENEMY_KILL","is_daily":false,"chose_seed":false,"campfire_upgraded":2,"win_rate":0.0,"timestamp":1609926660,"path_taken":["M","?","?","?","?","R","E","M","T","E","R","E"],"items_purchased_type":[],"build_version":"2020-12-22","purchased_purges":0,"victory":false,"max_hp_per_floor":[75,80,80,80,80,80,80,80,80,80,80,80,80],"card_choices":[{"not_picked":["Bloodletting","Clothesline"],"picked":"Second Wind","floor":1},{"not_picked":["Sever Soul","Infernal Blade","Combust"],"picked":"SKIP","floor":7},{"not_picked":["Carnage","Cleave"],"picked":"Feel No Pain","floor":8},{"not_picked":["Bloodletting","Fiend Fire"],"picked":"Body Slam","floor":10}],"player_experience":1158582,"relics_obtained":[{"floor":5,"key":"Happy Flower"},{"floor":7,"key":"Turnip"},{"floor":9,"key":"Mummified Hand"},{"floor":10,"key":"Matryoshka"}],"event_choices":[{"damage_healed":0,"gold_gain":0,"player_choice":"Donut","damage_taken":0,"max_hp_gain":5,"max_hp_loss":0,"event_name":"Big Fish","floor":2,"gold_loss":0},{"damage_healed":0,"gold_gain":0,"cards_transformed":["Strike_R"],"player_choice":"Change","damage_taken":0,"max_hp_gain":0,"max_hp_loss":0,"event_name":"Living Wall","floor":3,"gold_loss":0,"cards_obtained":["Disarm"]},{"cards_removed":["Strike_R"],"damage_healed":0,"gold_gain":0,"player_choice":"Card Removal","damage_taken":7,"max_hp_gain":0,"max_hp_loss":0,"event_name":"Golden Wing","floor":4,"gold_loss":0}],"is_beta":false,"boss_relics":[],"items_purged_floors":[],"is_endless":false,"potions_floor_spawned":[1],"killed_by":"Lagavulin","ascension_level":20}}