{"host":"vknm03unwrfz4wfe","time":1609944518,"event":{"mods":["Act Like it!","BaseMod","CapriCore","Downfall","Friendly Minions","Lobotomy","Minty Spire (QoL Compilation)","Prisma Mod","Reimu¡]³Õ???¡^","Remilia¡]Á¢¦Ì²ú?¡^","StSLib","SuperFastMode","The Animator","The Cursed","The Hayseed","The Runesmith","The Servant 0.9.4","WarShipGirlsR/??¤Ö¤kR mod","Yakumo Yukari mod","Yuyuko"],"gold_per_floor":[110,110,75,75,93,108,108,133,204,234,244,244,259,259,259,356,356,376,389,218,218,228,228,262,262,262,282,282,242,242,167,167,167,167],"floor_reached":33,"playtime":2947,"items_purged":[],"score":273,"play_id":"776fa3ff-acf6-4e86-b801-2d05fc66978d","local_time":"20210106224838","is_ascension_mode":false,"campfire_choices":[{"floor":7,"key":"RECALL"},{"floor":12,"key":"REST"},{"floor":15,"key":"REST"},{"floor":23,"key":"REST"},{"floor":25,"key":"REST"},{"floor":32,"key":"REST"}],"circlet_count":0,"master_deck":["TheSimpletonMod:Strike_TheSimpleton","TheSimpletonMod:Strike_TheSimpleton","TheSimpletonMod:Strike_TheSimpleton","TheSimpletonMod:Strike_TheSimpleton","TheSimpletonMod:Defend_TheSimpleton","TheSimpletonMod:Defend_TheSimpleton","TheSimpletonMod:Defend_TheSimpleton","TheSimpletonMod:Defend_TheSimpleton","TheSimpletonMod:Haymaker","TheSimpletonMod:Ferment","TheSimpletonMod:ReapAndSquash","TheSimpletonMod:Swelter","TheSimpletonMod:Squash","TheSimpletonMod:Innovate","TheSimpletonMod:SoilSample","TheSimpletonMod:SlashAndBurn","TheSimpletonMod:Surplus","TheSimpletonMod:CrackOfDawn","TheSimpletonMod:StockTheCellar","TheSimpletonMod:Pruning+1","Magnetism","TheSimpletonMod:BumperCrop","TheSimpletonMod:PestManagement","TheSimpletonMod:GoToMarket"],"relics":["TheSimpletonMod:SpudOfTheInnocent","TheSimpletonMod:NightSoil","TheSimpletonMod:TheHarvester","Thread and Needle","MealTicket","Juzu Bracelet","CultistMask","SlaversCollar","Nilry\u0027s Codex","Tea:ReiMu","TheSimpletonMod:PicklingJar","ZunR:ReiMu"],"acts_visited":["Exordium","TheCity"],"potions_floor_usage":[10,13,16,22,24,33,33],"damage_taken":[{"damage":2,"enemies":"2 Louse","floor":1,"turns":3},{"damage":1,"enemies":"Jaw Worm","floor":5,"turns":10},{"damage":0,"enemies":"Small Slimes","floor":6,"turns":5},{"damage":48,"enemies":"Lagavulin","floor":8,"turns":16},{"damage":6,"enemies":"3 Sentries","floor":10,"turns":10},{"damage":2,"enemies":"Exordium Thugs","floor":11,"turns":6},{"damage":12,"enemies":"Lots of Slimes","floor":13,"turns":4},{"damage":54,"enemies":"The Guardian","floor":16,"turns":24},{"damage":27,"enemies":"Shell Parasite","floor":18,"turns":8},{"damage":28,"enemies":"Chosen","floor":19,"turns":7},{"damage":4,"enemies":"Shelled Parasite and Fungi","floor":22,"turns":13},{"damage":4,"enemies":"Book of Stabbing","floor":24,"turns":8},{"damage":29,"enemies":"Snake Plant","floor":27,"turns":8},{"damage":87,"enemies":"Automaton","floor":33,"turns":12}],"seed_played":"8571923586321269147","potions_obtained":[{"floor":5,"key":"SneckoOil"},{"floor":6,"key":"DistilledChaos"},{"floor":11,"key":"ZuzhouPotion:ReiMu"},{"floor":13,"key":"Fruit Juice"},{"floor":19,"key":"Dexterity Potion"},{"floor":22,"key":"EssenceOfSteel"},{"floor":24,"key":"Block Potion"}],"is_trial":false,"path_per_floor":["M","?","?","?","M","M","R","E","T","E","M","R","M","?","R","B",null,"M","M","$","?","M","R","E","R","T","M","?","?","?","?","R","B"],"character_chosen":"THE_SIMPLETON","items_purchased":["Magnetism"],"campfire_rested":5,"item_purchase_floors":[20],"current_hp_per_floor":[56,47,65,65,64,68,68,24,24,22,20,42,35,35,59,9,80,53,29,44,28,28,52,48,72,72,43,43,43,43,43,67,0,0],"gold":167,"neow_bonus":"ONE_RARE_RELIC","is_daily":false,"chose_seed":false,"campfire_upgraded":0,"win_rate":0.0,"timestamp":1609944518,"path_taken":["M","?","?","?","M","M","R","E","T","E","M","R","M","?","R","BOSS","M","M","?","?","M","R","E","R","T","M","?","?","?","?","R","BOSS"],"items_purchased_type":["Card"],"build_version":"2020-12-22","purchased_purges":0,"victory":false,"max_hp_per_floor":[75,75,75,75,75,75,75,75,75,75,75,75,80,80,80,80,80,80,80,80,80,80,80,80,80,80,80,80,80,80,80,80,80,80],"card_choices":[{"not_picked":["TheSimpletonMod:Fertilaser","TheSimpletonMod:SlashAndBurn"],"picked":"TheSimpletonMod:Ferment","floor":1},{"not_picked":["TheSimpletonMod:SlashAndBurn","TheSimpletonMod:GoToMarket"],"picked":"TheSimpletonMod:Swelter","floor":5},{"not_picked":["TheSimpletonMod:VineRipen","TheSimpletonMod:Mulch"],"picked":"TheSimpletonMod:Squash","floor":6},{"not_picked":["TheSimpletonMod:Sunchoke","TheSimpletonMod:CloseScrape"],"picked":"TheSimpletonMod:Innovate","floor":8},{"not_picked":["TheSimpletonMod:GoToMarket","TheSimpletonMod:Mulch"],"picked":"TheSimpletonMod:SoilSample","floor":10},{"not_picked":["TheSimpletonMod:StockTheCellar","TheSimpletonMod:VineRipen"],"picked":"TheSimpletonMod:SlashAndBurn","floor":11},{"not_picked":["TheSimpletonMod:Sunseed","TheSimpletonMod:ToughenUp"],"picked":"TheSimpletonMod:Surplus","floor":13},{"not_picked":["TheSimpletonMod:ResearchGrant","TheSimpletonMod:Spinach"],"picked":"TheSimpletonMod:CrackOfDawn","floor":16},{"not_picked":["TheSimpletonMod:Artichokes","TheSimpletonMod:Squash"],"picked":"TheSimpletonMod:StockTheCellar","floor":18},{"not_picked":["TheSimpletonMod:Fertilaser","TheSimpletonMod:DoubleBarrel"],"picked":"TheSimpletonMod:Pruning+1","floor":19},{"not_picked":["TheSimpletonMod:Rototilling","TheSimpletonMod:RootDown"],"picked":"TheSimpletonMod:BumperCrop","floor":22},{"not_picked":["TheSimpletonMod:Fertilaser","TheSimpletonMod:BumperCrop+1"],"picked":"TheSimpletonMod:PestManagement","floor":24},{"not_picked":["TheSimpletonMod:Mulch","TheSimpletonMod:CullingStrike"],"picked":"TheSimpletonMod:GoToMarket","floor":27}],"player_experience":235165,"relics_obtained":[{"floor":8,"key":"MealTicket"},{"floor":10,"key":"Juzu Bracelet"},{"floor":21,"key":"Nilry\u0027s Codex"},{"floor":24,"key":"Tea:ReiMu"},{"floor":26,"key":"TheSimpletonMod:PicklingJar"}],"event_choices":[{"damage_healed":18,"gold_gain":0,"player_choice":"Healed","damage_taken":0,"max_hp_gain":0,"max_hp_loss":0,"event_name":"The Cleric","floor":3,"gold_loss":35},{"damage_healed":0,"gold_gain":0,"player_choice":"Ignored","damage_taken":0,"max_hp_gain":0,"max_hp_loss":0,"event_name":"NoteForYourself","floor":4,"gold_loss":0},{"damage_healed":0,"gold_gain":0,"player_choice":"Trade","damage_taken":0,"relics_obtained":["CultistMask"],"max_hp_gain":0,"max_hp_loss":0,"event_name":"FaceTrader","floor":14,"gold_loss":0},{"damage_healed":0,"gold_gain":0,"player_choice":"Obtained Book","damage_taken":16,"max_hp_gain":0,"max_hp_loss":0,"event_name":"Cursed Tome","floor":21,"gold_loss":0},{"damage_healed":0,"gold_gain":0,"player_choice":"??¯«°s","damage_taken":0,"relics_obtained":["ZunR:ReiMu"],"max_hp_gain":0,"max_hp_loss":0,"event_name":"ZunEvent","floor":29,"gold_loss":40},{"damage_healed":0,"gold_gain":0,"cards_transformed":["Normality"],"player_choice":"Transformed","damage_taken":0,"max_hp_gain":0,"max_hp_loss":0,"event_name":"Transmorgrifier","floor":30,"gold_loss":0,"cards_obtained":["TheSimpletonMod:Nettles"]},{"cards_removed":["TheSimpletonMod:Nettles"],"damage_healed":0,"gold_gain":0,"player_choice":"Gave Gold","damage_taken":0,"max_hp_gain":0,"max_hp_loss":0,"event_name":"Beggar","floor":31,"gold_loss":75}],"is_beta":false,"boss_relics":[{"not_picked":["Philosopher\u0027s Stone","Runic Dome"],"picked":"SlaversCollar"}],"items_purged_floors":[],"is_endless":false,"potions_floor_spawned":[5,6,11,13,19,22,24],"killed_by":"Automaton","ascension_level":0}}