{"host":"5x08nt64u3vxxcfi","time":1609904545,"event":{"mods":["BaseMod","Minty Spire (QoL Compilation)","StSLib","SuperFastMode"],"gold_per_floor":[119,38,57,232,232,267,278,278,332,332,332,366,385,71,71,174,174,184,283,263,277,175,175,206,216,239,239,164,74,85,39,39,144,144,158,209,136,146,196,196,196],"floor_reached":40,"playtime":612,"items_purged":["Strike_B"],"score":500,"play_id":"7320ba7d-0c60-41f4-b87f-d5acc7e804a1","local_time":"20210106124225","is_ascension_mode":true,"campfire_choices":[{"data":"Sunder","floor":8.0,"key":"SMITH"},{"data":"Beam Cell","floor":11.0,"key":"SMITH"},{"floor":15.0,"key":"REST"},{"data":"Apotheosis","floor":23.0,"key":"SMITH"},{"floor":27.0,"key":"REST"},{"floor":32.0,"key":"REST"}],"circlet_count":0,"master_deck":["Strike_B","Defend_B","Defend_B","Defend_B","Defend_B","Beam Cell+1","Rip and Tear","Scrape+1","White Noise","Sunder+1","Sunder","Beam Cell","Apotheosis+1","Hyperbeam","Core Surge+1","Undo+1","Sweeping Beam+1","Gash","Steam","Leap+1","Rebound","Stack","Creative AI","Conserve Battery+1","Gash","Aggregate","Self Repair+1","Redo+1"],"relics":["Cracked Core","NeowsBlessing","Toy Ornithopter","Potion Belt","Bronze Scales","Empty Cage","Whetstone","Orichalcum","SlaversCollar","TungstenRod","Girya"],"acts_visited":["Exordium","TheCity","TheBeyond"],"potions_floor_usage":[36,40],"damage_taken":[{"damage":0.0,"enemies":"Small Slimes","floor":1.0,"turns":1.0},{"damage":0.0,"enemies":"2 Louse","floor":3.0,"turns":1.0},{"damage":0.0,"enemies":"Gremlin Nob","floor":6.0,"turns":1.0},{"damage":2.0,"enemies":"Jaw Worm","floor":7.0,"turns":3.0},{"damage":10.0,"enemies":"3 Sentries","floor":12.0,"turns":4.0},{"damage":8.0,"enemies":"Blue Slaver","floor":13.0,"turns":2.0},{"damage":37.0,"enemies":"The Guardian","floor":16.0,"turns":4.0},{"damage":11.0,"enemies":"Spheric Guardian","floor":18.0,"turns":3.0},{"damage":21.0,"enemies":"Shell Parasite","floor":21.0,"turns":3.0},{"damage":6.0,"enemies":"Gremlin Leader","floor":24.0,"turns":5.0},{"damage":32.0,"enemies":"Snake Plant","floor":25.0,"turns":3.0},{"damage":5.0,"enemies":"Chosen and Byrds","floor":30.0,"turns":3.0},{"damage":75.0,"enemies":"Collector","floor":33.0,"turns":9.0},{"damage":5.0,"enemies":"Orb Walker","floor":35.0,"turns":3.0},{"damage":32,"enemies":"2 Orb Walkers","floor":36,"turns":3},{"damage":17,"enemies":"3 Shapes","floor":38,"turns":5},{"damage":21,"enemies":"Mind Bloom Boss Battle","floor":39,"turns":7},{"damage":34,"enemies":"Nemesis","floor":40,"turns":2}],"seed_played":"9066427392712824914","potions_obtained":[{"floor":3.0,"key":"DistilledChaos"},{"floor":7.0,"key":"GamblersBrew"},{"floor":13.0,"key":"BlessingOfTheForge"},{"floor":16.0,"key":"SteroidPotion"},{"floor":18.0,"key":"Dexterity Potion"},{"floor":20.0,"key":"ColorlessPotion"},{"floor":30.0,"key":"LiquidMemories"},{"floor":33.0,"key":"BlessingOfTheForge"},{"floor":35.0,"key":"Energy Potion"}],"is_trial":false,"path_per_floor":["M","$","M","?","?","E","M","R","T","?","R","E","M","$","R","B",null,"M","?","?","M","$","R","E","M","T","R","?","?","M","$","R","B",null,"M","?","$","M","?","E"],"character_chosen":"DEFECT","items_purchased":["Rip and Tear","Apotheosis","Hyperbeam","Gash","Stack","Aggregate"],"campfire_rested":3,"item_purchase_floors":[2,14,14,22,31,37],"current_hp_per_floor":[75,75,75,75,75,75,73,73,73,78,78,70,62,62,80,43,80,69,69,69,48,48,48,47,15,15,39,39,39,39,39,63,8,80,75,48,48,31,20,0,0],"gold":196,"neow_bonus":"THREE_ENEMY_KILL","is_daily":false,"chose_seed":false,"campfire_upgraded":3,"win_rate":0.0,"timestamp":1609904545,"path_taken":["M","$","M","?","?","E","M","R","T","?","R","E","M","$","R","BOSS","M","?","?","?","$","R","E","M","T","R","?","?","?","$","R","BOSS","M","?","?","?","?","E"],"items_purchased_type":["Card","Card","Card","Card","Card","Card"],"build_version":"2020-12-22","purchased_purges":1,"victory":false,"max_hp_per_floor":[75,75,75,75,75,75,75,75,75,80,80,80,80,80,80,80,80,80,80,80,80,80,80,80,80,80,80,80,80,80,80,80,80,80,80,80,80,80,80,80,80],"card_choices":[{"not_picked":["Compile Driver","Heatsinks"],"picked":"Beam Cell","floor":1.0},{"not_picked":["Leap","Darkness"],"picked":"Scrape","floor":3.0},{"not_picked":["Recycle","Skim"],"picked":"White Noise","floor":6.0},{"not_picked":["Barrage","Defragment"],"picked":"Sunder","floor":7.0},{"not_picked":["Lockon","Redo"],"picked":"Sunder","floor":12.0},{"not_picked":["Turbo","Compile Driver"],"picked":"Beam Cell","floor":13.0},{"not_picked":["Biased Cognition","Machine Learning"],"picked":"Core Surge","floor":16.0},{"not_picked":["Cold Snap","Coolheaded"],"picked":"Undo+1","floor":18.0},{"not_picked":["Barrage","Steam"],"picked":"Sweeping Beam+1","floor":21.0},{"not_picked":["Compile Driver","Auto Shields+1"],"picked":"Steam","floor":24.0},{"not_picked":["Redo","Consume"],"picked":"Leap","floor":25.0},{"not_picked":["Cold Snap","Fusion"],"picked":"Rebound","floor":30.0},{"not_picked":["Electrodynamics","Core Surge"],"picked":"Creative AI","floor":33.0},{"not_picked":["Auto Shields+1","Leap"],"picked":"Conserve Battery+1","floor":35.0},{"not_picked":["Skim+1","Consume"],"picked":"Gash","floor":36},{"not_picked":["Conserve Battery+1","Double Energy"],"picked":"Self Repair+1","floor":38},{"not_picked":["Coolheaded+1","Ball Lightning"],"picked":"Redo+1","floor":39}],"player_experience":49288,"relics_obtained":[{"floor":6.0,"key":"Toy Ornithopter"},{"floor":9.0,"key":"Potion Belt"},{"floor":12.0,"key":"Bronze Scales"},{"floor":24.0,"key":"Whetstone"},{"floor":26.0,"key":"Orichalcum"},{"floor":36,"key":"TungstenRod"},{"floor":39,"key":"Girya"}],"event_choices":[{"damage_healed":0.0,"max_hp_gain":0.0,"max_hp_loss":0.0,"gold_gain":175.0,"event_name":"Liars Game","player_choice":"AGREE","floor":4.0,"gold_loss":0.0,"damage_taken":0.0,"cards_obtained":["Doubt"]},{"cards_removed":["Doubt"],"damage_healed":0.0,"max_hp_gain":0.0,"max_hp_loss":0.0,"gold_gain":0.0,"event_name":"Living Wall","player_choice":"Forget","floor":5.0,"gold_loss":0.0,"damage_taken":0.0},{"damage_healed":0.0,"max_hp_gain":5.0,"max_hp_loss":0.0,"gold_gain":0.0,"event_name":"Big Fish","player_choice":"Donut","floor":10.0,"gold_loss":0.0,"damage_taken":0.0},{"damage_healed":0.0,"max_hp_gain":0.0,"max_hp_loss":0.0,"gold_gain":99.0,"event_name":"Nest","player_choice":"Stole From Cult","floor":19.0,"gold_loss":0.0,"damage_taken":0.0},{"damage_healed":0.0,"max_hp_gain":0.0,"max_hp_loss":0.0,"gold_gain":0.0,"event_name":"The Woman in Blue","player_choice":"Bought 1 Potion","floor":20.0,"gold_loss":0.0,"damage_taken":0.0},{"cards_removed":["Strike_B"],"damage_healed":0.0,"max_hp_gain":0.0,"max_hp_loss":0.0,"gold_gain":0.0,"event_name":"Beggar","player_choice":"Gave Gold","floor":28.0,"gold_loss":75.0,"damage_taken":0.0},{"cards_removed":["Strike_B"],"damage_healed":0.0,"max_hp_gain":0.0,"max_hp_loss":0.0,"gold_gain":0.0,"event_name":"Designer","player_choice":"Upgrade and Remove","floor":29.0,"gold_loss":90.0,"damage_taken":0.0,"cards_upgraded":["Leap"]},{"damage_healed":0,"gold_gain":0,"player_choice":"Fight","damage_taken":0,"max_hp_gain":0,"max_hp_loss":0,"event_name":"Mysterious Sphere","floor":36,"gold_loss":0},{"damage_healed":0,"gold_gain":0,"player_choice":"Fight","damage_taken":0,"max_hp_gain":0,"max_hp_loss":0,"event_name":"MindBloom","floor":39,"gold_loss":0}],"is_beta":false,"boss_relics":[{"not_picked":["Nuclear Battery","Snecko Eye"],"picked":"Empty Cage"},{"not_picked":["Runic Dome","Fusion Hammer"],"picked":"SlaversCollar"}],"items_purged_floors":[22],"is_endless":false,"potions_floor_spawned":[3,7,13,16,18,30,33,35],"killed_by":"Nemesis","ascension_level":3}}