{"host":"n7mxhpjy89lltbhc","time":1609948645,"event":{"mods":["2.2 Compatiblity","Act Like it!","Bard","BaseMod","Better Match","Better Sensory Stone","Better Synergies","Better Third Choice","Better Vampires","BetterRewards","Challenge The Spire","Colored Map","Colored Powertips","Downfall","Gensokyo","Hubris","Infinite Spire","Jedi Mod","Marisa????????","Marked Mod","Minty Spire (QoL Compilation)","Permanent Neow","Rare Cards Sparkle","Relic Sorter","Relic Stats","Replay The Spire","Shop Mod","Small Relic Pack","Spicy Shops","StSLib","Strawberry Spire","The Blue Laboratory","The Disciple","The Marked","The Servant 0.9.4","Uncapped","Waifu the Spire","Wandering Minibosses","vexMod"],"gold_per_floor":[115,126,126,141,71,71,71,36,36,54,50,50,63,84,84,156,156,166,166,256,256,216,233,233,108,108,108,121,131,156,173,173,237,237,251,251,251,263,138,158,158,181,181,181,189,189,209,1015,1015,1015],"floor_reached":51,"playtime":2165,"items_purged":[],"score":1523,"play_id":"f444f892-e196-422c-b3cc-186d1713662c","local_time":"25640106225725","is_ascension_mode":true,"campfire_choices":[{"data":"Moondial","floor":6,"key":"SMITH"},{"data":"SoulSculpture","floor":15,"key":"SMITH"},{"data":"Moondial","floor":24,"key":"SMITH"},{"data":"Manipulate","floor":27,"key":"SMITH"},{"floor":32,"key":"REST"},{"data":"Duplication","floor":41,"key":"SMITH"},{"data":"Gensokyo:CrescentMoonSlash","floor":46,"key":"SMITH"}],"circlet_count":0,"master_deck":["AscendersBane","Strike_S","Strike_S","Strike_S","Strike_S","Defend_S","Defend_S+1","Defend_S","Defend_S","KidneyShot+1","Exchange","Manipulate+1","Comet+1","Gensokyo:CrescentMoonSlash+1","Moondial+1","Advance","SilverMatrix+1","Rewind","SoulSculpture+1","Sunlight+1","Flash of Steel","Moondial+1","Initiator+1","FastForward+1","Duplication+1","SilverBlades+1","PendulumOfEternity","KillingDoll","FloweringNight+1","Desolation","Embodiment+1","Gensokyo:OverchargedCore"],"relics":["Uniform","hubris:TinFlute","Garlic","relicPack:OneForAll","Toy Ornithopter","jedi:hotpepper","hubris:Potato","RomanBracelet","Gensokyo:SongOfSouls","Ancient Tea Set","ReplayTheSpireMod:TigerMarble","Frozen Egg 2","Coffee Dripper","WristBlade","vexMod:HeadHunter","jedi:purplefairy","strawberrySpire:ElefentMask","jedi:gremlinknob","Pen Nib","wanderingMiniBosses:MasterThiefsPresence"],"acts_visited":["Gensokyo:Gensokyo","Gensokyo:Gensokyoer","Gensokyo:Gensokyoest"],"potions_floor_usage":[16,31,33,47,50],"damage_taken":[{"damage":7,"enemies":"Gensokyo:Python","floor":1,"turns":4},{"damage":0,"enemies":"Gensokyo:3_Fairies","floor":2,"turns":3},{"damage":2,"enemies":"Gensokyo:Gryphon","floor":4,"turns":3},{"damage":0,"enemies":"Gensokyo:LivingMonolith","floor":10,"turns":2},{"damage":9,"enemies":"Gensokyo:3_Kodama","floor":11,"turns":6},{"damage":2,"enemies":"Gensokyo:2_Rabbits","floor":13,"turns":2},{"damage":6,"enemies":"Gensokyo:Mamizou","floor":14,"turns":7},{"damage":5,"enemies":"Gensokyo:Kokoro","floor":16,"turns":8},{"damage":0,"enemies":"Gensokyo:3_Dogs","floor":18,"turns":5},{"damage":16,"enemies":"Gensokyo:3_Dogs","floor":20,"turns":8},{"damage":0,"enemies":"Nightmare","floor":23,"turns":6},{"damage":0,"enemies":"Gensokyo:2_Gloops","floor":28,"turns":1},{"damage":0,"enemies":"Gensokyo:Wraith","floor":29,"turns":4},{"damage":13,"enemies":"Gensokyo:Tenshi","floor":30,"turns":3},{"damage":0,"enemies":"Gensokyo:Monolith_and_Dog","floor":31,"turns":2},{"damage":16,"enemies":"Gensokyo:Kaguya","floor":33,"turns":8},{"damage":0,"enemies":"Gensokyo:3_Bats","floor":35,"turns":2},{"damage":0,"enemies":"Gensokyo:AncientGuardian","floor":38,"turns":3},{"damage":0,"enemies":"Gensokyo:Doremy","floor":40,"turns":4},{"damage":0,"enemies":"Nightmare","floor":42,"turns":5},{"damage":0,"enemies":"Gensokyo:SeedOfUnknown","floor":45,"turns":2},{"damage":4,"enemies":"Gensokyo:Kasen","floor":47,"turns":4},{"damage":7,"enemies":"Gensokyo:Sharpion","floor":48,"turns":2},{"damage":0,"enemies":"Gensokyo:Yuyuko","floor":50,"turns":2}],"seed_played":"5738051027830200465","potions_obtained":[{"floor":1,"key":"Strength Potion"},{"floor":11,"key":"blueLaboratory:NullPotion"},{"floor":13,"key":"DistilledChaos"},{"floor":23,"key":"DistilledChaos"},{"floor":31,"key":"jedi:hoardpotion"},{"floor":47,"key":"champ:CounterPotion"}],"is_trial":false,"path_per_floor":["M","M","?","M","?","R","T","COS","T","M","M","?","M","E","R","B",null,"M","?","?","?","?","NM","R","?","T","R","M","M","E","M","R","B",null,"M","?","?","M","?","E","R","NM","T","?","M","R","E","M","R_BF","B",null],"character_chosen":"THE_SERVANT","items_purchased":[],"campfire_rested":1,"item_purchase_floors":[],"current_hp_per_floor":[50,50,38,36,36,36,36,36,36,36,27,27,25,19,19,19,39,39,39,23,23,23,23,23,23,23,23,23,23,10,15,28,17,38,38,38,27,27,27,27,27,27,27,14,14,24,25,18,18,18],"gold":1015,"neow_bonus":"UPGRADE_CARD","is_daily":false,"chose_seed":false,"campfire_upgraded":6,"win_rate":0.0,"timestamp":1609948645,"path_taken":["M","?","?","M","?","R","?","COS","T","M","?","?","?","E","R","BOSS","M","?","?","?","?","NM","R","?","T","R","M","?","E","M","R","BOSS","M","?","?","?","?","E","R","NM","T","?","M","R","E","?","R_BF","BOSS"],"items_purchased_type":[],"build_version":"2020-12-22","purchased_purges":0,"victory":true,"max_hp_per_floor":[60,60,60,60,60,60,60,60,60,60,60,60,60,60,60,60,45,45,45,45,45,45,45,45,45,45,45,45,45,45,45,45,45,45,45,45,27,27,27,27,27,27,27,27,27,27,27,27,27,23],"relic_stats":{"counters":[24,96],"Pen Nib":[1],"obtain_stats":[{"jedi:purplefairy":42,"jedi:gremlinknob":44,"wanderingMiniBosses:MasterThiefsPresence":48,"Pen Nib":47,"Uniform":0,"jedi:command_boss":37,"Frozen Egg 2":30,"Ancient Tea Set":23,"relicPack:OneForAll":12,"RomanBracelet":20,"jedi:hotpepper":17,"WristBlade":37,"vexMod:HeadHunter":40,"Garlic":9,"ReplayTheSpireMod:TigerMarble":26,"Coffee Dripper":34,"hubris:TinFlute":7,"Toy Ornithopter":14,"hubris:Potato":20,"strawberrySpire:ElefentMask":43,"Gensokyo:SongOfSouls":21},{"jedi:purplefairy":20,"jedi:gremlinknob":20,"wanderingMiniBosses:MasterThiefsPresence":23,"Pen Nib":22,"Uniform":0,"jedi:command_boss":17,"Frozen Egg 2":14,"Ancient Tea Set":11,"relicPack:OneForAll":5,"RomanBracelet":10,"jedi:hotpepper":8,"WristBlade":17,"vexMod:HeadHunter":19,"Garlic":3,"ReplayTheSpireMod:TigerMarble":11,"Coffee Dripper":16,"hubris:TinFlute":3,"Toy Ornithopter":7,"hubris:Potato":10,"strawberrySpire:ElefentMask":20,"Gensokyo:SongOfSouls":10},{"jedi:purplefairy":86,"jedi:gremlinknob":86,"wanderingMiniBosses:MasterThiefsPresence":94,"Pen Nib":92,"Uniform":0,"jedi:command_boss":74,"Frozen Egg 2":62,"Ancient Tea Set":54,"relicPack:OneForAll":18,"RomanBracelet":48,"jedi:hotpepper":35,"WristBlade":74,"vexMod:HeadHunter":81,"Garlic":10,"ReplayTheSpireMod:TigerMarble":54,"Coffee Dripper":72,"hubris:TinFlute":10,"Toy Ornithopter":27,"hubris:Potato":48,"strawberrySpire:ElefentMask":86,"Gensokyo:SongOfSouls":48}],"Toy Ornithopter":20},"card_choices":[{"not_picked":["DualDimension","BottledTime"],"picked":"Manipulate","floor":1},{"not_picked":["Alleviate","Ricochet"],"picked":"Comet","floor":2},{"not_picked":["TimeWarp","Revamp"],"picked":"Moondial","floor":4},{"not_picked":["BestPractice","Starlight"],"picked":"Advance","floor":10},{"not_picked":["MoonPhase+1","TimeTheft+1"],"picked":"SilverMatrix+1","floor":11},{"not_picked":["Comet","Barrier","ReturningBlade"],"picked":"SKIP","floor":11},{"not_picked":["Rearm","TimeWarp"],"picked":"Rewind","floor":13},{"not_picked":["Revamp","Luminosity"],"picked":"SoulSculpture","floor":14},{"not_picked":["TheWorld","MurderousAura"],"picked":"Sunlight","floor":16},{"not_picked":["ShatteredReality","Replace","Moonlight"],"picked":"SKIP","floor":18},{"not_picked":["expansioncontent:TimeRipple","jedi:LeechingStrike"],"picked":"Flash of Steel","floor":19},{"not_picked":["Rearm","Shuttle+1"],"picked":"Moondial","floor":23},{"not_picked":["Replace+1","Ricochet+1"],"picked":"BottledTime+1","floor":25},{"not_picked":["SilverMatrix+1","Deny+1"],"picked":"Initiator+1","floor":25},{"not_picked":["Revamp","Defy+1"],"picked":"FastForward+1","floor":28},{"not_picked":["Snipe","BottledTime"],"picked":"Duplication","floor":29},{"not_picked":["StarChef+1","Moonlight","Hightail"],"picked":"SKIP","floor":30},{"not_picked":["RealityMarble+1","DualDimension"],"picked":"SilverBlades+1","floor":31},{"not_picked":["BestPractice+1","Misdirection"],"picked":"Desolation","floor":35},{"not_picked":["Unruled","Starlight","BottledTime+1"],"picked":"SKIP","floor":38},{"not_picked":["Rearm","Potential","FastForward"],"picked":"SKIP","floor":40},{"not_picked":["Sunlight","KillingDoll"],"picked":"Embodiment","floor":42},{"not_picked":["TimeWarp","Manipulate","Reset+1"],"picked":"SKIP","floor":42},{"not_picked":["TimeWarp","BottledTime","Rewind+1"],"picked":"SKIP","floor":45},{"not_picked":["Deny","FlawlessForm","Sunlight"],"picked":"SKIP","floor":47},{"not_picked":["Potential","Replace","Revamp"],"picked":"SKIP","floor":47},{"not_picked":["WasteNot+1","StarChef+1","Foresight+1"],"picked":"SKIP","floor":48}],"player_experience":1040364,"relics_obtained":[{"floor":7,"key":"hubris:TinFlute"},{"floor":9,"key":"Garlic"},{"floor":14,"key":"Toy Ornithopter"},{"floor":20,"key":"hubris:Potato"},{"floor":20,"key":"RomanBracelet"},{"floor":23,"key":"Ancient Tea Set"},{"floor":26,"key":"ReplayTheSpireMod:TigerMarble"},{"floor":30,"key":"Frozen Egg 2"},{"floor":40,"key":"vexMod:HeadHunter"},{"floor":42,"key":"jedi:purplefairy"},{"floor":43,"key":"strawberrySpire:ElefentMask"},{"floor":47,"key":"Pen Nib"},{"floor":48,"key":"wanderingMiniBosses:MasterThiefsPresence"}],"event_choices":[{"damage_healed":0,"gold_gain":2,"player_choice":"1","damage_taken":0,"max_hp_gain":0,"max_hp_loss":0,"event_name":"betterStone:BetterStone","floor":19,"gold_loss":0},{"damage_healed":0,"gold_gain":0,"player_choice":"2","damage_taken":0,"max_hp_gain":0,"max_hp_loss":0,"event_name":"betterMatch:BetterMatch","floor":25,"gold_loss":0,"cards_obtained":["betterMatch:CommonCard","betterMatch:RareCard"]},{"damage_healed":0,"gold_gain":0,"player_choice":"2","damage_taken":0,"max_hp_gain":0,"max_hp_loss":0,"event_name":"betterMatch:BetterMatch","floor":39,"gold_loss":0,"cards_obtained":["betterMatch:RareCard"]}],"is_beta":false,"boss_relics":[{"not_picked":["MysterySword","SacredBark"],"picked":"jedi:hotpepper"},{"not_picked":["Philosopher\u0027s Stone","vexMod:RockOfEvil"],"picked":"Coffee Dripper"}],"items_purged_floors":[],"is_endless":false,"potions_floor_spawned":[1,11,13,14,23,31,47],"ascension_level":15}}