{"host":"sdjng9zhqonqi3uc","time":1609942946,"event":{"mods":["2.2 Compatiblity","AchievementEnabler","BaseMod","BetterRewards","Colored Powertips","Hero for Fun","Minty Spire (QoL Compilation)","Shop Mod","StSLib","Td1madao Mod","The Animator","The Cursed","The Servant 0.9.4"],"gold_per_floor":[21,21,21,21,21,56,56,67,67,67,84,9,38,57,57,161,161,161,161,161,161,161,161,61,61,61,61,61,61,61,61,61,61,61,61,61,61,61,61,61,61,61,61,61,61,61,61,61,61,61,61,61,61,61,61],"floor_reached":56,"playtime":381,"items_purged":["Defend_Y","Defend_Y"],"score":1823,"play_id":"505855ff-027c-459a-a78b-64967f3d8cfc","local_time":"20210106152226","is_ascension_mode":true,"campfire_choices":[{"floor":7,"key":"RECALL"},{"data":"Strike_Y","floor":15,"key":"SMITH"},{"data":"Strike_Y","floor":32,"key":"SMITH"},{"data":"Strike_Y","floor":40,"key":"SMITH"},{"floor":49,"key":"REST"},{"floor":52,"key":"REST"}],"circlet_count":0,"master_deck":["Strike_Y+1","Strike_Y","Strike_Y+1","Strike_Y","Strike_Y+1","Defend_Y","Defend_Y","Toss_Stone+1","Toss_Stone+1"],"relics":["Cape","PreservedInsect","Ectoplasm","Oddly Smooth Stone","Busted Crown","Happy Flower","Strawberry","Bronze Scales"],"acts_visited":["Exordium","TheCity","TheBeyond","TheEnding"],"potions_floor_usage":[],"damage_taken":[{"damage":0,"enemies":"2 Louse","floor":1,"turns":1},{"damage":0,"enemies":"Jaw Worm","floor":3,"turns":1},{"damage":0,"enemies":"Cultist","floor":5,"turns":1},{"damage":0,"enemies":"3 Sentries","floor":6,"turns":1},{"damage":0,"enemies":"Red Slaver","floor":8,"turns":1},{"damage":0,"enemies":"Lagavulin","floor":10,"turns":1},{"damage":0,"enemies":"Exordium Thugs","floor":11,"turns":1},{"damage":0,"enemies":"3 Sentries","floor":13,"turns":1},{"damage":0,"enemies":"Lots of Slimes","floor":14,"turns":2},{"damage":0,"enemies":"Hexaghost","floor":16,"turns":1},{"damage":0,"enemies":"Spheric Guardian","floor":18,"turns":1},{"damage":0,"enemies":"Shell Parasite","floor":20,"turns":1},{"damage":0,"enemies":"Cultist and Chosen","floor":21,"turns":1},{"damage":0,"enemies":"Snake Plant","floor":22,"turns":1},{"damage":0,"enemies":"Book of Stabbing","floor":23,"turns":1},{"damage":0,"enemies":"Snecko","floor":25,"turns":1},{"damage":0,"enemies":"3 Cultists","floor":27,"turns":1},{"damage":0,"enemies":"Cultist and Chosen","floor":28,"turns":1},{"damage":0,"enemies":"Snecko","floor":29,"turns":1},{"damage":0,"enemies":"Snake Plant","floor":31,"turns":1},{"damage":0,"enemies":"Collector","floor":33,"turns":1},{"damage":0,"enemies":"Orb Walker","floor":35,"turns":1},{"damage":0,"enemies":"3 Shapes","floor":36,"turns":1},{"damage":0,"enemies":"Spire Growth","floor":37,"turns":1},{"damage":0,"enemies":"4 Shapes","floor":38,"turns":1},{"damage":0,"enemies":"Reptomancer","floor":41,"turns":1},{"damage":0,"enemies":"Jaw Worm Horde","floor":44,"turns":1},{"damage":0,"enemies":"Maw","floor":46,"turns":1},{"damage":0,"enemies":"3 Darklings","floor":47,"turns":1},{"damage":0,"enemies":"Writhing Mass","floor":48,"turns":1},{"damage":0,"enemies":"Awakened One","floor":50,"turns":2},{"damage":0,"enemies":"Shield and Spear","floor":54,"turns":1},{"damage":0,"enemies":"The Heart","floor":55,"turns":3}],"seed_played":"6527972959584294522","potions_obtained":[{"floor":14,"key":"SmokeBomb"},{"floor":16,"key":"Dexterity Potion"},{"floor":20,"key":"AttackPotion"}],"is_trial":false,"path_per_floor":["M","?","M","T","M","E","R","M","T","E","M","$","E","M","R","B",null,"M","T","M","M","M","E","$","M","T","M","M","M","$","M","R","B",null,"M","M","M","M","?","R","E","$","T","M","?","M","M","M","R","B",null,"R","$","E","B",null],"character_chosen":"OPM","items_purchased":[],"campfire_rested":2,"item_purchase_floors":[],"current_hp_per_floor":[999,999,999,999,999,999,999,999,999,999,999,999,999,999,999,999,999,999,999,999,999,999,999,999,999,999,999,999,999,999,999,999,999,999,999,999,999,999,949,949,949,949,956,956,956,956,956,956,956,956,956,956,956,956,956],"gold":61,"neow_bonus":"REMOVE_CARD","is_daily":false,"chose_seed":false,"campfire_upgraded":3,"win_rate":0.0,"timestamp":1609942946,"path_taken":["M","?","M","?","M","E","R","M","T","E","?","$","E","M","R","BOSS","M","?","M","M","M","E","?","M","T","M","M","M","$","M","R","BOSS","M","?","M","M","?","R","E","$","T","M","?","M","M","M","R","BOSS","R","$","E","BOSS"],"items_purchased_type":[],"build_version":"2020-12-22","purchased_purges":2,"victory":true,"max_hp_per_floor":[999,999,999,999,999,999,999,999,999,999,999,999,999,999,999,999,999,999,999,999,999,999,999,999,999,999,999,999,999,999,999,999,999,999,999,999,999,999,949,949,949,949,956,956,956,956,956,956,956,956,956,956,956,956,956],"card_choices":[{"not_picked":["Ignore","Hop","Wear_Disguise"],"picked":"SKIP","floor":1},{"not_picked":["Wear_Disguise","Slap","Ignore"],"picked":"SKIP","floor":3},{"not_picked":["Normal_Punch","Side_Hop","Slap"],"picked":"SKIP","floor":5},{"not_picked":["Toss_Stone","Consecutive_Normal_Punch","Do_Nothing"],"picked":"SKIP","floor":6},{"not_picked":["Yawn","Side_Hop","Ignore"],"picked":"SKIP","floor":8},{"not_picked":["Yawn","Side_Hop","Hop"],"picked":"SKIP","floor":10},{"not_picked":["Toss_Stone","Slap","Serious_Punch"],"picked":"SKIP","floor":11},{"not_picked":["Consecutive_Normal_Punch","Ignore","Slap"],"picked":"SKIP","floor":13},{"not_picked":["Slap","Hop","Do_Nothing"],"picked":"SKIP","floor":14},{"not_picked":["Slap+1","Toss_Stone","Side_Hop"],"picked":"SKIP","floor":18},{"not_picked":["Hop+1","Consecutive_Normal_Punch","Wear_Disguise+1"],"picked":"SKIP","floor":20},{"not_picked":["Toss_Stone","Wear_Disguise","Slap"],"picked":"SKIP","floor":21},{"not_picked":["Hop+1","Side_Hop","Wear_Disguise"],"picked":"SKIP","floor":22},{"not_picked":["Side_Hop+1","Consecutive_Normal_Punch","Toss_Stone"],"picked":"SKIP","floor":23},{"not_picked":["Serious_Side_Hops","Do_Nothing","Side_Hop"],"picked":"SKIP","floor":25},{"not_picked":["Hop","Wear_Disguise"],"picked":"Toss_Stone+1","floor":27},{"not_picked":["Slap","Do_Nothing","Side_Hop"],"picked":"SKIP","floor":28},{"not_picked":["Slap","Side_Hop","Ignore"],"picked":"SKIP","floor":29},{"not_picked":["Side_Hop+1","Toss_Stone","Normal_Punch+1"],"picked":"SKIP","floor":31},{"not_picked":["Side_Hop+1"],"picked":"SKIP","floor":35},{"not_picked":["Yawn"],"picked":"SKIP","floor":36},{"not_picked":["Slap"],"picked":"SKIP","floor":37},{"not_picked":["Slap"],"picked":"SKIP","floor":38},{"not_picked":[],"picked":"Toss_Stone+1","floor":41},{"not_picked":["Yawn"],"picked":"SKIP","floor":44},{"not_picked":["Yawn+1"],"picked":"SKIP","floor":46},{"not_picked":["Normal_Punch"],"picked":"SKIP","floor":47},{"not_picked":["Normal_Punch"],"picked":"SKIP","floor":48},{"not_picked":["Side_Hop"],"picked":"SKIP","floor":54}],"player_experience":284991,"relics_obtained":[{"floor":13,"key":"PreservedInsect"},{"floor":19,"key":"Oddly Smooth Stone"},{"floor":41,"key":"Happy Flower"},{"floor":43,"key":"Strawberry"},{"floor":54,"key":"Bronze Scales"}],"event_choices":[{"damage_healed":0,"gold_gain":0,"player_choice":"Ignored","damage_taken":0,"max_hp_gain":0,"max_hp_loss":0,"event_name":"Shining Light","floor":2,"gold_loss":0},{"damage_healed":0,"gold_gain":0,"player_choice":"Max HP","damage_taken":0,"max_hp_gain":0,"max_hp_loss":50,"event_name":"Winding Halls","floor":39,"gold_loss":0},{"damage_healed":0,"gold_gain":0,"player_choice":"Bought 0 Potions","damage_taken":0,"max_hp_gain":0,"max_hp_loss":0,"event_name":"The Woman in Blue","floor":45,"gold_loss":0}],"is_beta":false,"boss_relics":[{"not_picked":["Pandora\u0027s Box","Astrolabe"],"picked":"Ectoplasm"},{"not_picked":["Sozu","Tiny House"],"picked":"Busted Crown"}],"items_purged_floors":[12,24],"is_endless":false,"potions_floor_spawned":[3,6,11,14,16,20,25,27,29,35,44,46,47,54],"ascension_level":3}}