{"host":"tzyzz5n7hg2ni9q2","time":1609932863,"event":{"mods":["BaseMod","Minty Spire (QoL Compilation)","Quick Restart"],"gold_per_floor":[114,114,132,132,146,174,201,219,219,219,249,249,281,292,292,390,390,402,417,417,327,342,342,369,369,369,369,161,196,207,234,234,332,332,344,344,344,361,440,468,468,468,468],"floor_reached":42,"playtime":1584,"items_purged":[],"score":652,"play_id":"d48ec556-3329-4679-a3bd-3591e6c9dc4f","local_time":"20210106123423","is_ascension_mode":true,"campfire_choices":[{"floor":10.0,"key":"REST"},{"floor":12.0,"key":"REST"},{"floor":15.0,"key":"DIG"},{"floor":23.0,"key":"DIG"},{"floor":25.0,"key":"DIG"},{"floor":27.0,"key":"DIG"},{"floor":32,"key":"REST"},{"floor":41,"key":"DIG"}],"circlet_count":0,"master_deck":["Strike_B","Strike_B","Strike_B","Defend_B","Defend_B","Defend_B","Defend_B","Zap","Dualcast","Ball Lightning","Cold Snap","Conserve Battery","BootSequence","Machine Learning","Sunder","Reinforced Body","Electrodynamics+1","Cold Snap+1","Chill","Genetic Algorithm","Coolheaded","FTL","Creative AI","Conserve Battery","BootSequence+1"],"relics":["Cracked Core","NeowsBlessing","Pear","Shovel","Odd Mushroom","Mango","Bottled Flame","Tiny Chest","Bottled Tornado","Velvet Choker","Gremlin Horn","Pen Nib","Cables","Mercury Hourglass","MealTicket","Centennial Puzzle","Eternal Feather","Omamori","SlaversCollar","Bag of Preparation","Blood Vial"],"acts_visited":["Exordium","TheCity","TheBeyond"],"potions_floor_usage":[35,42],"damage_taken":[{"damage":0.0,"enemies":"Jaw Worm","floor":1.0,"turns":1.0},{"damage":0.0,"enemies":"Cultist","floor":3.0,"turns":1.0},{"damage":0.0,"enemies":"Small Slimes","floor":5.0,"turns":1.0},{"damage":47.0,"enemies":"3 Sentries","floor":6.0,"turns":10.0},{"damage":0.0,"enemies":"The Mushroom Lair","floor":7.0,"turns":1.0},{"damage":20.0,"enemies":"Exordium Thugs","floor":8.0,"turns":5.0},{"damage":21.0,"enemies":"Lagavulin","floor":11.0,"turns":5.0},{"damage":14.0,"enemies":"3 Sentries","floor":13.0,"turns":6.0},{"damage":1.0,"enemies":"Looter","floor":14.0,"turns":2.0},{"damage":17.0,"enemies":"The Guardian","floor":16.0,"turns":13.0},{"damage":6.0,"enemies":"Shell Parasite","floor":18.0,"turns":6.0},{"damage":14.0,"enemies":"Spheric Guardian","floor":19.0,"turns":4.0},{"damage":9.0,"enemies":"Chosen and Byrds","floor":22.0,"turns":5.0},{"damage":3.0,"enemies":"Slavers","floor":24.0,"turns":6.0},{"damage":29.0,"enemies":"Book of Stabbing","floor":29.0,"turns":6.0},{"damage":18,"enemies":"Snake Plant","floor":30,"turns":3},{"damage":38,"enemies":"Collector","floor":33,"turns":10},{"damage":16,"enemies":"3 Shapes","floor":35,"turns":2},{"damage":10,"enemies":"Orb Walker","floor":38,"turns":4},{"damage":14,"enemies":"Reptomancer","floor":40,"turns":6},{"damage":58,"enemies":"Nemesis","floor":42,"turns":10}],"seed_played":"2790040932301658523","potions_obtained":[{"floor":3.0,"key":"Block Potion"},{"floor":6.0,"key":"AttackPotion"},{"floor":7.0,"key":"Fire Potion"},{"floor":16.0,"key":"Weak Potion"},{"floor":30,"key":"Block Potion"},{"floor":38,"key":"LiquidMemories"}],"is_trial":false,"path_per_floor":["M","?","M","$","M","E","?","M","T","R","E","R","E","M","R","B",null,"M","M","?","?","M","R","E","R","T","R","$","E","M","T","R","B",null,"M","?","?","M","T","E","R","E"],"character_chosen":"DEFECT","items_purchased":["Centennial Puzzle","Coolheaded"],"campfire_rested":3,"item_purchase_floors":[28,28],"current_hp_per_floor":[68,78,78,78,78,31,31,11,25,54,33,62,48,47,47,30,82,76,62,62,62,53,53,50,50,50,50,65,36,18,18,59,21,80,64,64,64,54,54,40,55,0,0],"gold":468,"neow_bonus":"THREE_ENEMY_KILL","is_daily":false,"chose_seed":false,"campfire_upgraded":0,"win_rate":0.0,"timestamp":1609932863,"path_taken":["M","?","M","$","?","E","?","M","T","R","E","R","E","M","R","BOSS","M","M","?","?","?","R","E","R","T","R","$","E","M","?","R","BOSS","M","?","?","?","?","E","R","E"],"items_purchased_type":["Relic","Card"],"build_version":"2020-12-22","purchased_purges":0,"victory":false,"max_hp_per_floor":[75,85,85,85,85,85,85,85,99,99,99,99,99,99,99,99,99,99,99,99,99,99,99,99,99,99,99,99,99,99,99,99,99,99,99,99,99,99,99,99,99,99,99],"card_choices":[{"not_picked":["Compile Driver","Go for the Eyes"],"picked":"Conserve Battery","floor":1.0},{"not_picked":["Steam","Storm"],"picked":"Ball Lightning","floor":3.0},{"not_picked":["Barrage","Reinforced Body"],"picked":"Cold Snap","floor":5.0},{"not_picked":["Ball Lightning","Storm"],"picked":"Conserve Battery","floor":6.0},{"not_picked":["Aggregate","Beam Cell"],"picked":"BootSequence","floor":7.0},{"not_picked":["Go for the Eyes","Hologram","Beam Cell"],"picked":"SKIP","floor":8.0},{"not_picked":["Streamline","Steam"],"picked":"Machine Learning","floor":11.0},{"not_picked":["Streamline","Gash"],"picked":"Sunder","floor":13.0},{"not_picked":["Steam Power","Turbo"],"picked":"Reinforced Body","floor":14.0},{"not_picked":["Thunder Strike","Meteor Strike"],"picked":"Electrodynamics","floor":16.0},{"not_picked":["Darkness","Barrage"],"picked":"Cold Snap+1","floor":18.0},{"not_picked":["Compile Driver","Go for the Eyes"],"picked":"Chill","floor":19.0},{"not_picked":["Lockon","Sunder","Reinforced Body"],"picked":"SKIP","floor":22.0},{"not_picked":["Hologram","Streamline"],"picked":"Genetic Algorithm","floor":24.0},{"not_picked":["Turbo+1","Redo","BootSequence"],"picked":"SKIP","floor":29},{"not_picked":["Redo","Genetic Algorithm+1"],"picked":"FTL","floor":30},{"not_picked":["Amplify","Thunder Strike"],"picked":"Creative AI","floor":33},{"not_picked":["BootSequence","Compile Driver+1","Genetic Algorithm"],"picked":"SKIP","floor":35},{"not_picked":["Barrage","Streamline+1"],"picked":"Conserve Battery","floor":38},{"not_picked":["Doom and Gloom+1","Creative AI"],"picked":"BootSequence+1","floor":40}],"player_experience":249538,"relics_obtained":[{"floor":6.0,"key":"Shovel"},{"floor":7.0,"key":"Odd Mushroom"},{"floor":9.0,"key":"Mango"},{"floor":11.0,"key":"Bottled Flame"},{"floor":13.0,"key":"Tiny Chest"},{"floor":15.0,"key":"Bottled Tornado"},{"floor":23.0,"key":"Gremlin Horn"},{"floor":24.0,"key":"Pen Nib"},{"floor":25.0,"key":"Cables"},{"floor":26.0,"key":"Mercury Hourglass"},{"floor":27.0,"key":"MealTicket"},{"floor":29,"key":"Eternal Feather"},{"floor":31,"key":"Omamori"},{"floor":40,"key":"Bag of Preparation"},{"floor":41,"key":"Blood Vial"}],"event_choices":[{"cards_removed":["Conserve Battery"],"damage_healed":0.0,"max_hp_gain":0.0,"max_hp_loss":0.0,"gold_gain":0.0,"event_name":"WeMeetAgain","player_choice":"Gave Card","floor":2.0,"gold_loss":0.0,"damage_taken":0.0,"relics_obtained":["Pear"]},{"damage_healed":0.0,"max_hp_gain":0.0,"max_hp_loss":0.0,"gold_gain":0.0,"event_name":"Mushrooms","player_choice":"Fought Mushrooms","floor":7.0,"gold_loss":0.0,"damage_taken":0.0},{"damage_healed":0.0,"max_hp_gain":0.0,"max_hp_loss":0.0,"gold_gain":0.0,"event_name":"Ghosts","player_choice":"Ignored","floor":20.0,"gold_loss":0.0,"damage_taken":0.0},{"cards_removed":["Strike_B"],"damage_healed":0.0,"max_hp_gain":0.0,"max_hp_loss":0.0,"gold_gain":0.0,"event_name":"Designer","player_choice":"Upgrade and Remove","floor":21.0,"gold_loss":90.0,"damage_taken":0.0,"cards_upgraded":["Electrodynamics"]},{"damage_healed":0,"gold_gain":0,"player_choice":"Ignored","damage_taken":0,"max_hp_gain":0,"max_hp_loss":0,"event_name":"Tomb of Lord Red Mask","floor":36,"gold_loss":0},{"damage_healed":0,"gold_gain":0,"player_choice":"Ignored","damage_taken":0,"max_hp_gain":0,"max_hp_loss":0,"event_name":"Duplicator","floor":37,"gold_loss":0}],"is_beta":false,"boss_relics":[{"not_picked":["Runic Dome","Astrolabe"],"picked":"Velvet Choker"},{"not_picked":["Runic Pyramid","Snecko Eye"],"picked":"SlaversCollar"}],"items_purged_floors":[],"is_endless":false,"potions_floor_spawned":[3,6,7,16,18,30,38],"killed_by":"Nemesis","ascension_level":6}}