{"host":"mydft8i2zzydgggw","time":1609939247,"event":{"mods":["AchievementEnabler","BaseMod","BetterRewards","Colored Map","Colored Powertips","DeckTracker","Keyboard Shortcuts","Minty Spire (QoL Compilation)","Quick Restart","Rare Cards Sparkle","StSLib","SuperFastMode","The Poker Player","everything is the same but u backflip on backflip"],"gold_per_floor":[116,116,116,41,60,100,100,118,142,317,317,317,331,31,31,159,222,236,254,3,28,103,103,103],"floor_reached":23,"playtime":504,"items_purged":["Injury","Strike_P"],"score":246,"play_id":"2215a8b4-fd87-49f4-9f82-cc1fecf73c65","local_time":"20210106222047","is_ascension_mode":true,"campfire_choices":[{"data":"MentalFortress","floor":7,"key":"SMITH"},{"data":"Eruption","floor":12,"key":"SMITH"},{"data":"Vigilance","floor":15,"key":"SMITH"}],"circlet_count":0,"master_deck":["Strike_P","Strike_P","Strike_P+1","Defend_P","Defend_P","Defend_P+1","Defend_P+1","Eruption+1","Vigilance+1","ReachHeaven","MentalFortress+1","LikeWater+1","Doubt","MasterReality","EmptyBody","WheelKick+1"],"relics":["PureWater","NeowsBlessing","Golden Idol","PreservedInsect","Bag of Marbles","Calipers","Tiny House","Lee\u0027s Waffle"],"acts_visited":["Exordium","TheCity"],"potions_floor_usage":[16,18,21,21],"damage_taken":[{"damage":0,"enemies":"Small Slimes","floor":1,"turns":1},{"damage":0,"enemies":"Jaw Worm","floor":5,"turns":1},{"damage":0,"enemies":"3 Sentries","floor":6,"turns":1},{"damage":0,"enemies":"2 Louse","floor":8,"turns":3},{"damage":4,"enemies":"Large Slime","floor":13,"turns":5},{"damage":15,"enemies":"Hexaghost","floor":16,"turns":13},{"damage":3,"enemies":"Chosen","floor":18,"turns":6},{"damage":47,"enemies":"3 Byrds","floor":19,"turns":12},{"damage":6,"enemies":"Snake Plant","floor":21,"turns":4},{"damage":76,"enemies":"Gremlin Leader","floor":23,"turns":4}],"seed_played":"4013885401686496102","potions_obtained":[{"floor":6,"key":"LiquidBronze"},{"floor":16,"key":"Energy Potion"},{"floor":17,"key":"EssenceOfSteel"},{"floor":19,"key":"LiquidBronze"},{"floor":21,"key":"Ancient Potion"}],"is_trial":false,"path_per_floor":["M","?","?","$","M","E","R","M","T","?","?","R","M","$","R","B",null,"M","M","$","M","?","E"],"character_chosen":"WATCHER","items_purchased":["Calipers","Lee\u0027s Waffle"],"campfire_rested":0,"item_purchase_floors":[14,20],"current_hp_per_floor":[72,58,58,58,58,58,58,58,58,58,58,58,54,54,54,39,77,74,27,84,78,70,0,0],"gold":103,"neow_bonus":"THREE_ENEMY_KILL","is_daily":false,"chose_seed":false,"campfire_upgraded":3,"win_rate":0.0,"timestamp":1609939247,"path_taken":["M","?","?","$","M","E","R","?","T","?","?","R","?","?","R","BOSS","M","M","$","M","?","E"],"items_purchased_type":["Relic","Relic"],"build_version":"2020-12-22","purchased_purges":2,"victory":false,"max_hp_per_floor":[72,72,72,72,72,72,72,72,72,72,72,72,72,72,72,72,77,77,77,84,84,84,84,84],"card_choices":[{"not_picked":["JustLucky","ThirdEye"],"picked":"ReachHeaven","floor":1},{"not_picked":["Meditate","SashWhip"],"picked":"MentalFortress","floor":5},{"not_picked":["ReachHeaven","ThirdEye"],"picked":"LikeWater","floor":6},{"not_picked":["ReachHeaven","Crescendo","LikeWater"],"picked":"SKIP","floor":8},{"not_picked":["Worship","BowlingBash","JustLucky"],"picked":"SKIP","floor":13},{"not_picked":["Brilliance","Alpha"],"picked":"MasterReality","floor":16},{"not_picked":["Evaluate","FlyingSleeves"],"picked":"EmptyBody","floor":17},{"not_picked":["Wallop","Worship+1","EmptyMind"],"picked":"SKIP","floor":18},{"not_picked":["Crescendo","SignatureMove"],"picked":"WheelKick+1","floor":19},{"not_picked":["FlurryOfBlows+1","ThirdEye","EmptyFist"],"picked":"SKIP","floor":21}],"player_experience":115942,"relics_obtained":[{"floor":6,"key":"PreservedInsect"},{"floor":9,"key":"Bag of Marbles"}],"event_choices":[{"damage_healed":0,"gold_gain":0,"player_choice":"Entered Light","damage_taken":14,"max_hp_gain":0,"max_hp_loss":0,"event_name":"Shining Light","floor":2,"gold_loss":0,"cards_upgraded":["Defend_P","Defend_P"]},{"damage_healed":0,"gold_gain":0,"player_choice":"Take Wound","damage_taken":0,"relics_obtained":["Golden Idol"],"max_hp_gain":0,"max_hp_loss":0,"event_name":"Golden Idol","floor":3,"gold_loss":0,"cards_obtained":["Injury"]},{"damage_healed":0,"gold_gain":175,"player_choice":"AGREE","damage_taken":0,"max_hp_gain":0,"max_hp_loss":0,"event_name":"Liars Game","floor":10,"gold_loss":0,"cards_obtained":["Doubt"]},{"damage_healed":0,"gold_gain":0,"player_choice":"Forge","damage_taken":0,"max_hp_gain":0,"max_hp_loss":0,"event_name":"Accursed Blacksmith","floor":11,"gold_loss":0,"cards_upgraded":["LikeWater"]},{"damage_healed":0,"gold_gain":75,"player_choice":"Touch","damage_taken":8,"max_hp_gain":0,"max_hp_loss":0,"event_name":"FaceTrader","floor":22,"gold_loss":0}],"is_beta":false,"boss_relics":[{"not_picked":["SlaversCollar","SacredBark"],"picked":"Tiny House"}],"items_purged_floors":[4,20],"is_endless":false,"potions_floor_spawned":[6,16,19,21],"killed_by":"Gremlin Leader","ascension_level":3}}