{"host":"p08oqmr389b4tgxi","time":1609932086,"event":{"mods":["Act Like it!","BaseMod","CapriCore","Colored Powertips","Gensokyo","Hallownest","Luminous","Minty Spire (QoL Compilation)","Quick Restart","Relic Stats","StSLib","The Immortal","UnlockEverythingMod","Yakumo Yukari mod","¡¾ÒÅÎï¿¨ÅÆ¡¿REMEMod"],"gold_per_floor":[132,142,155,6,54,54,81,130,130,130,164,190,190,200,200,296,296,341,241,241,241,301,361,397,397,444,556,556,632,642,682,682,808,808,845,845,273,273,309,362,362,376,423,451,466,532,83,116,116,116,116,116,116,149,149],"floor_reached":56,"playtime":4609,"items_purged":["AT_purpleEX","AT_purpleEX","Defend_purpleEX","Realm_recovery_purpleEX+1"],"score":1736,"play_id":"cb156196-905f-46fa-83e4-13cbefc3a59b","local_time":"20210106192126","is_ascension_mode":true,"campfire_choices":[{"data":"ContainerChange_purple","floor":6.0,"key":"SMITH"},{"data":"Observe_purple_2","floor":10.0,"key":"SMITH"},{"data":"Mirror_Drifter_purple","floor":13.0,"key":"SMITH"},{"data":"StretchesForeverDream_purple","floor":15.0,"key":"SMITH"},{"data":"OmniscientAndOmnipotent_Monster_purple","floor":25.0,"key":"SMITH"},{"floor":32.0,"key":"RECALL"},{"data":"Mirror_TwoAndThreeElementRealm_purple","floor":41.0,"key":"SMITH"},{"data":"PurpleNeedle_purple","floor":49.0,"key":"SMITH"},{"data":"Line_surface_state_purple","floor":52.0,"key":"SMITH"}],"circlet_count":0,"master_deck":["AT_purpleEX","Defend_purpleEX","Defend_purpleEX","Defend_purpleEX","Observe_purple_1+1","Observe_purple_2+1","ContainerChange_purple+1","Worldmountain_purple+1","Mirror_Drifter_purple+1","StretchesForeverDream_purple+1","Line_surface_state_purple+1","OmniscientAndOmnipotent_Monster_purple+1","PurpleNeedle_purple+1","Hallownest:attackAdjustingAction","Mirror_TwoAndThreeElementRealm_purple+1","Parasite"],"relics":["Memoryfragments_purpleEX","REME_ComplimentaryCards","REME_ChargedStone","Kunai","Darkstone Periapt","Ornamental Fan","Black Star","REME_LimitBreaker","Centennial Puzzle","MealTicket","Ancient Tea Set","Meat on the Bone","Cursed Key","REME_HandOfSuture","Lee\u0027s Waffle","Blood Vial","Boot","Dream Catcher","Mango","Frozen Egg 2","Potion Belt","Pen Nib","Singing Bowl","Happy Flower","Whetstone","REME_PuzzleBoxRelic"],"acts_visited":["Exordium","Hallownest:Greenpath","Hallownest:CityofTears","TheEnding"],"potions_floor_usage":[],"damage_taken":[{"damage":0.0,"enemies":"Hallownest:monsterHuskWarrior","floor":1.0,"turns":8.0},{"damage":10.0,"enemies":"Hallownest:monsterHuskGuard","floor":2.0,"turns":5.0},{"damage":3.0,"enemies":"Hallownest:2_MossCreeps","floor":3.0,"turns":5.0},{"damage":16.0,"enemies":"Hallownest:1_Baldur_1_Crawlid_1_Warrior","floor":5.0,"turns":13.0},{"damage":0.0,"enemies":"Hallownest:monsterAspidMother","floor":7.0,"turns":8.0},{"damage":17.0,"enemies":"Hallownest:eliteVengeflyKing","floor":8.0,"turns":7.0},{"damage":6.0,"enemies":"Hallownest:monsterFoolEater","floor":11.0,"turns":4.0},{"damage":16.0,"enemies":"Hallownest:eliteMossKnight","floor":12.0,"turns":7.0},{"damage":0.0,"enemies":"Hallownest:MossCreep_and_Mosskin","floor":14.0,"turns":5.0},{"damage":0.0,"enemies":"Hallownest:BossFalseKnight","floor":16.0,"turns":8.0},{"damage":0.0,"enemies":"Hallownest:2_Mistakes","floor":18.0,"turns":7.0},{"damage":5.0,"enemies":"Hallownest:Guard_and_Sentry","floor":22.0,"turns":14.0},{"damage":20.0,"enemies":"Hallownest:eliteSoulWarrior","floor":23.0,"turns":10.0},{"damage":2.0,"enemies":"Hallownest:Master_and_Novice","floor":24.0,"turns":6.0},{"damage":16.0,"enemies":"Hallownest:Glutton_and_Coward","floor":27.0,"turns":5.0},{"damage":21.0,"enemies":"Hallownest:eliteWatcherKnight","floor":29.0,"turns":12.0},{"damage":0.0,"enemies":"Hallownest:monsterMisterMushroom","floor":30.0,"turns":9.0},{"damage":5.0,"enemies":"Hallownest:monsterShrumalOgre","floor":31.0,"turns":4.0},{"damage":5.0,"enemies":"Hallownest:BossSoulMaster","floor":33.0,"turns":11.0},{"damage":9.0,"enemies":"Hallownest:Shield_Heavy","floor":35.0,"turns":7.0},{"damage":14.0,"enemies":"Hallownest:2_Littles","floor":39.0,"turns":4.0},{"damage":6.0,"enemies":"Hallownest:eliteCollector","floor":40.0,"turns":8.0},{"damage":11.0,"enemies":"Hallownest:monsterPrimalAspid","floor":42.0,"turns":2.0},{"damage":10.0,"enemies":"Hallownest:eliteHiveKnight","floor":44.0,"turns":4.0},{"damage":32.0,"enemies":"Hallownest:Slobbering_and_Violent","floor":45.0,"turns":5.0},{"damage":0.0,"enemies":"Hallownest:Shield_Sturdy","floor":46.0,"turns":9.0},{"damage":0.0,"enemies":"Hallownest:StalkingDevout","floor":48.0,"turns":7.0},{"damage":7.0,"enemies":"Hallownest:BossHollowKnight","floor":50.0,"turns":5.0},{"damage":0,"enemies":"Shield and Spear","floor":54,"turns":6},{"damage":52,"enemies":"The Heart","floor":55,"turns":9}],"seed_played":"5382415957378197758","potions_obtained":[{"floor":2.0,"key":"GamblersBrew"},{"floor":3.0,"key":"Weak Potion"},{"floor":14.0,"key":"BlessingOfTheForge"},{"floor":18.0,"key":"SpeedPotion"},{"floor":24.0,"key":"Fire Potion"},{"floor":27.0,"key":"Regen Potion"},{"floor":33.0,"key":"LiquidBronze"}],"is_trial":false,"path_per_floor":["M","M","M","$","M","R","M","E","T","R","M","E","R","M","R","B",null,"M","$","?","?","M","E","M","R","T","M","?","E","M","M","R","B",null,"M","?","$","?","M","E","R","M","T","E","M","M","$","E","R","B",null,"R","$","E","B",null],"character_chosen":"Youkari","items_purchased":["StretchesForeverDream_purple","REME_HandOfSuture","Lee\u0027s Waffle","Blood Vial","Potion Belt","Pen Nib"],"campfire_rested":0,"item_purchase_floors":[4,37,37,37,47,47],"current_hp_per_floor":[70,61,60,60,46,46,46,29,29,29,25,11,11,11,11,11,70,70,70,66,70,67,49,49,49,49,33,33,30,44,39,39,50,70,70,70,77,77,77,77,77,77,83,91,97,97,97,99,99,98,99,99,99,101,66],"gold":149,"neow_bonus":"BOSS_RELIC","is_daily":false,"chose_seed":false,"campfire_upgraded":8,"win_rate":0.0,"timestamp":1609932086,"path_taken":["M","M","M","?","M","R","?","E","T","R","M","E","R","M","R","BOSS","M","$","?","?","M","E","M","R","T","M","?","E","M","M","R","BOSS","M","?","$","?","M","E","R","M","T","E","M","M","$","E","R","BOSS","R","$","E","BOSS"],"items_purchased_type":["Card","Relic","Relic","Relic","Relic","Relic"],"build_version":"2020-12-22","purchased_purges":4,"victory":true,"max_hp_per_floor":[70,70,70,70,70,70,70,70,70,70,70,70,70,70,70,70,70,70,70,70,70,70,70,70,70,70,70,70,70,70,70,70,70,70,70,70,77,77,77,77,77,77,83,97,97,97,97,99,99,99,99,99,99,101,101],"relic_stats":{"Darkstone Periapt":6,"Lee\u0027s Waffle":7,"Singing Bowl":4,"Happy Flower":[6],"counters":[30,214],"Pen Nib":[8],"Whetstone":["Observe_purple_1","Worldmountain_purple"],"Cursed Key":1,"Boot":[114],"Blood Vial":2,"Centennial Puzzle":[38],"Dream Catcher":0,"Ornamental Fan":[312],"MealTicket":0,"Black Star":6,"Kunai":[81],"obtain_stats":[{"Darkstone Periapt":9,"Singing Bowl":48,"REME_ChargedStone":0,"Mango":44,"Whetstone":54,"Ancient Tea Set":29,"Cursed Key":34,"Boot":40,"Blood Vial":37,"Centennial Puzzle":23,"Dream Catcher":40,"MealTicket":26,"Kunai":8,"Potion Belt":47,"Lee\u0027s Waffle":37,"Happy Flower":48,"Pen Nib":47,"Boundary_crack":0,"REME_LimitBreaker":23,"Frozen Egg 2":44,"Ornamental Fan":12,"REME_HandOfSuture":37,"Black Star":17,"REME_PuzzleBoxRelic":54,"Memoryfragments_purpleEX":0,"REME_ComplimentaryCards":0,"Meat on the Bone":29},{"Darkstone Periapt":6,"Singing Bowl":27,"REME_ChargedStone":0,"Mango":24,"Whetstone":29,"Ancient Tea Set":16,"Cursed Key":19,"Boot":22,"Blood Vial":20,"Centennial Puzzle":13,"Dream Catcher":22,"MealTicket":14,"Kunai":6,"Potion Belt":26,"Lee\u0027s Waffle":20,"Happy Flower":27,"Pen Nib":26,"Boundary_crack":0,"REME_LimitBreaker":13,"Frozen Egg 2":24,"Ornamental Fan":8,"REME_HandOfSuture":20,"Black Star":10,"REME_PuzzleBoxRelic":29,"Memoryfragments_purpleEX":0,"REME_ComplimentaryCards":0,"Meat on the Bone":16},{"Darkstone Periapt":46,"Singing Bowl":194,"REME_ChargedStone":0,"Mango":173,"Whetstone":205,"Ancient Tea Set":124,"Cursed Key":148,"Boot":167,"Blood Vial":155,"Centennial Puzzle":101,"Dream Catcher":167,"MealTicket":107,"Kunai":46,"Potion Belt":187,"Lee\u0027s Waffle":155,"Happy Flower":194,"Pen Nib":187,"Boundary_crack":0,"REME_LimitBreaker":101,"Frozen Egg 2":173,"Ornamental Fan":57,"REME_HandOfSuture":155,"Black Star":70,"REME_PuzzleBoxRelic":205,"Memoryfragments_purpleEX":0,"REME_ComplimentaryCards":0,"Meat on the Bone":124}],"Meat on the Bone":36},"card_choices":[{"not_picked":["Realm_recovery_purpleEX","StateErode_purple"],"picked":"Worldmountain_purple","floor":1.0},{"not_picked":["Shallow_ocean_purpleEX","StateDuplicate_purple","Mirror_FormAndEmptin_purple"],"picked":"SKIP","floor":2.0},{"not_picked":["StateDuplicate_purple","Price_of_realm_purpleEX"],"picked":"Mirror_Drifter_purple","floor":3.0},{"not_picked":["MetroBOOM_purple","RealityDreamConfluencek_purple"],"picked":"Line_surface_state_purple","floor":5.0},{"not_picked":["Bait_HighSpeedFlying_purple","SfantasyHide_purple"],"picked":"OmniscientAndOmnipotent_Monster_purple","floor":7.0},{"not_picked":["RuleDissolution_purple","MeetDecomposer_purple","OmniscientAndOmnipotent_Monster_purple"],"picked":"SKIP","floor":8.0},{"not_picked":["Anti_communist_purple","Boundary_ObjectiveBoundary_purple","MetroBOOM_purple"],"picked":"SKIP","floor":11.0},{"not_picked":["ExistenceContinue_purple","CommonSense_AntiCommonSense_purple"],"picked":"PurpleNeedle_purple","floor":12.0},{"not_picked":["ExternalForce_HighSpeedFlying_purple","Photoelasticity_Doppler_Effect_purple","StateDuplicate_purple"],"picked":"SKIP","floor":14.0},{"not_picked":["SfantasyHide_purple","RuleDissolution_purple","AdvanceAttack_purple+1"],"picked":"SKIP","floor":18.0},{"not_picked":["AdvanceAttack_purple","Boundary_DreamRealityDamnation_purple+1","WingOfChimera_purple"],"picked":"SKIP","floor":22.0},{"not_picked":["Line_surface_state_purple","WeekHit_purple","Shallow_ocean_purpleEX"],"picked":"SKIP","floor":23.0},{"not_picked":["Realm_recovery_purpleEX","PurpleNeedle_purple+1","Line_surface_state_purple+1"],"picked":"SKIP","floor":24.0},{"not_picked":["Boundary_DreamRealityDamnation_purple+1","Mirror_Drifter_purple","Know_ledgeAbilityRealm_purple"],"picked":"SKIP","floor":27.0},{"not_picked":["PurpleNeedle_purple","Boundary_of_Extermination_purpleEX","StateErode_purple"],"picked":"SKIP","floor":29.0},{"not_picked":["PurpleNeedle_purple","Boundary_of_Extermination_purpleEX","StateErode_purple"],"picked":"SKIP","floor":29.0},{"not_picked":["PurpleNeedle_purple","Boundary_of_Extermination_purpleEX","StateErode_purple"],"picked":"SKIP","floor":29.0},{"not_picked":["Charmbait_purple","Umbrella_purple","MetroBOOM_purple"],"picked":"SKIP","floor":30.0},{"not_picked":["ButterflyHabitatTemple_purple+1","OmniscientAndOmnipotent_Monster_purple","ExistenceContinue_purple"],"picked":"SKIP","floor":31.0},{"not_picked":["GluttonyofRealm_purpleEX","MagicEyes_LaplaceDemon_purple"],"picked":"Mirror_TwoAndThreeElementRealm_purple","floor":33.0},{"not_picked":["StateErode_purple","StateDuplicate_purple+1"],"picked":"Realm_recovery_purpleEX+1","floor":35.0},{"not_picked":["Boundary_LightAndDark_purple+1","Worldmountain_purple+1","RealityDreamConfluencek_purple+1"],"picked":"SKIP","floor":39.0},{"not_picked":["Bait_Toxicbait_purple","StateDuplicate_purple+1","Line_surface_state_purple+1"],"picked":"SKIP","floor":40.0},{"not_picked":["DarkRealmRedLine_purple+1","Mirror_Drifter_purple+1","Fantasy_PerpetualMotionMachine_purple+1"],"picked":"SKIP","floor":42.0},{"not_picked":["RealityDreamConfluencek_purple+1","Boundary_DynamicStaticEquilibrium_purple+1","Mirror_FormAndEmptin_purple+1"],"picked":"SKIP","floor":44.0},{"not_picked":["Mirror_Drifter_purple+1","Boundary_DreamRealityDamnation_purple","MeetDecomposer_purple"],"picked":"SKIP","floor":45.0},{"not_picked":["PositiveMatter_Antimatter_Universe_purple","Mirror_Drifter_purple","AdvanceAttack_purple"],"picked":"SKIP","floor":46.0},{"not_picked":["BarrageBoundary_PipeDream_purple","ExistenceContinue_purple+1","EighthInstrument_OneDividesIntoTwo_purple+1"],"picked":"Singing Bowl","floor":48.0},{"not_picked":["Umbrella_purple","Mirror_FormAndEmptin_purple+1","StateErode_purple"],"picked":"Singing Bowl","floor":54}],"player_experience":27613,"relics_obtained":[{"floor":8.0,"key":"Kunai"},{"floor":9.0,"key":"Darkstone Periapt"},{"floor":12.0,"key":"Ornamental Fan"},{"floor":23.0,"key":"REME_LimitBreaker"},{"floor":23.0,"key":"Centennial Puzzle"},{"floor":26.0,"key":"MealTicket"},{"floor":29.0,"key":"Ancient Tea Set"},{"floor":29.0,"key":"Meat on the Bone"},{"floor":40.0,"key":"Boot"},{"floor":40.0,"key":"Dream Catcher"},{"floor":44.0,"key":"Mango"},{"floor":44.0,"key":"Frozen Egg 2"},{"floor":48.0,"key":"Singing Bowl"},{"floor":48.0,"key":"Happy Flower"},{"floor":54,"key":"Whetstone"},{"floor":54,"key":"REME_PuzzleBoxRelic"}],"event_choices":[],"is_beta":false,"boss_relics":[{"not_picked":["Sozu","Pandora\u0027s Box"],"picked":"Black Star"},{"not_picked":["Velvet Choker","Seventeenyearold_girl_Forever"],"picked":"Cursed Key"}],"items_purged_floors":[4,19,37,47],"is_endless":false,"potions_floor_spawned":[2,3,8,14,18,24,27,33,35,44],"ascension_level":3}}