{"host":"qhn6g0owdgjb77rz","time":1609942685,"event":{"mods":["BaseMod","BetterRewards","Colored Map","Minty Spire (QoL Compilation)","Relic Sorter","Replay The Spire","StSLib"],"gold_per_floor":[117,292,32,32,45,70,88,120,197,197,22,22,22,36,36,113,113,126,11,29,45,95,95,108,108,131,131,131,143,143,168,168,245,245,263,263,281,299,353,386,386,418,442,442,442,458,483,179,179,179],"floor_reached":51,"playtime":2500,"items_purged":["Doubt","Strike_G","Pain"],"score":1537,"play_id":"6620c625-663c-4f4b-a596-26b5dee473fe","local_time":"20210106231805","is_ascension_mode":true,"campfire_choices":[{"data":"Phantasmal Killer","floor":10.0,"key":"SMITH"},{"data":"Footwork","floor":12.0,"key":"SMITH"},{"data":"Footwork","floor":15.0,"key":"SMITH"},{"data":"Accuracy","floor":23.0,"key":"SMITH"},{"data":"Accuracy","floor":25.0,"key":"SMITH"},{"data":"After Image","floor":27.0,"key":"SMITH"},{"data":"Blade Dance","floor":30.0,"key":"SMITH"},{"data":"Blade Dance","floor":32.0,"key":"SMITH"},{"data":"Blade Dance","floor":41.0,"key":"SMITH"},{"data":"Footwork","floor":44.0,"key":"SMITH"},{"data":"Blade Dance","floor":49,"key":"SMITH"}],"circlet_count":0,"master_deck":["AscendersBane","Strike_G","Defend_G","Defend_G+1","Defend_G+1","Survivor","Neutralize","Footwork+1","Blade Dance+1","Dodge and Roll","Phantasmal Killer+1","Dagger Spray","Backflip","ReplayTheSpireMod:Uncanny Aura","Footwork+1","Blade Dance+1","Blade Dance+1","Dodge and Roll","ReplayTheSpireMod:The Works","After Image+1","Backstab","Slice","Accuracy+1","Blade Dance+1","Accuracy+1","Distraction+1","Endless Agony","ReplayTheSpireMod:From All Sides","ReplayTheSpireMod:Speed Training","Backflip+1","Footwork+1","Cloak And Dagger+1","ReplayTheSpireMod:Brewmster"],"relics":["Ring of the Snake","Divine Protection","Membership Card","War Paint","Du-Vu Doll","ReplayFunnel","ReplayTheSpireMod:Ninjato","Replay:Drink Me","Lee\u0027s Waffle","Orichalcum","Ancient Tea Set","Boot","Busted Crown","Vampiric Spirits","Paper Crane","Juzu Bracelet","WarpedTongs","MealTicket","Bag of Marbles","Frozen Eye"],"acts_visited":["Exordium","TheCity","TheBeyond"],"potions_floor_usage":[50,50],"damage_taken":[{"damage":0.0,"enemies":"Small Slimes","floor":1.0,"turns":4.0},{"damage":0.0,"enemies":"2 Louse","floor":5.0,"turns":3.0},{"damage":15.0,"enemies":"Gremlin Nob","floor":6.0,"turns":4.0},{"damage":0.0,"enemies":"Jaw Worm","floor":7.0,"turns":4.0},{"damage":30.0,"enemies":"Lagavulin","floor":8.0,"turns":8.0},{"damage":0.0,"enemies":"3 Louse","floor":14.0,"turns":3.0},{"damage":18.0,"enemies":"Fading Forest","floor":16.0,"turns":11.0},{"damage":0.0,"enemies":"Spheric Guardian","floor":18.0,"turns":3.0},{"damage":0.0,"enemies":"2 Thieves","floor":20.0,"turns":3.0},{"damage":0.0,"enemies":"Snake Plant","floor":21.0,"turns":5.0},{"damage":0.0,"enemies":"Centurion and Healer","floor":24.0,"turns":4.0},{"damage":0.0,"enemies":"3 Cultists","floor":29.0,"turns":3.0},{"damage":0.0,"enemies":"Book of Stabbing","floor":31.0,"turns":3.0},{"damage":0.0,"enemies":"Champ","floor":33.0,"turns":4.0},{"damage":0.0,"enemies":"3 Shapes","floor":35.0,"turns":3.0},{"damage":0.0,"enemies":"3 Darklings","floor":37.0,"turns":2.0},{"damage":0.0,"enemies":"Transient","floor":38.0,"turns":5.0},{"damage":0.0,"enemies":"R_Hoarder","floor":40.0,"turns":4.0},{"damage":0.0,"enemies":"Nemesis","floor":42.0,"turns":3.0},{"damage":0.0,"enemies":"Spire Growth","floor":46.0,"turns":2.0},{"damage":7,"enemies":"Giant Head","floor":47,"turns":5},{"damage":0,"enemies":"Replay:Hell Engine","floor":50,"turns":3}],"seed_played":"-2560427724544943602","potions_obtained":[{"floor":1.0,"key":"SteroidPotion"},{"floor":7.0,"key":"Energy Potion"},{"floor":8.0,"key":"DuplicationPotion"},{"floor":22.0,"key":"SteroidPotion"},{"floor":35.0,"key":"Dexterity Potion"}],"is_trial":false,"path_per_floor":["M","?","$","?","M","E","M","E","T","R","$","R","?","M","R","B",null,"M","$","M","M","?","R","M","R","T","R","?","M","R","E","R","B",null,"M","?","M","M","T","E","R","E","T","R","?","M","E","$","R","B",null],"character_chosen":"THE_SILENT","items_purchased":["Footwork","Divine Protection","Membership Card","War Paint","ReplayTheSpireMod:Uncanny Aura","Footwork","Blade Dance","Dodge and Roll","Backstab","Lee\u0027s Waffle","Bag of Marbles","ReplayTheSpireMod:Brewmster","Frozen Eye"],"campfire_rested":0,"item_purchase_floors":[0,0,3,3,11,11,11,11,19,19,48,48,48],"current_hp_per_floor":[63,63,63,63,63,48,48,18,18,18,18,18,11,11,11,1,40,40,60,60,60,60,60,60,60,60,60,50,50,50,50,50,50,61,61,61,61,61,61,61,61,65,65,65,65,65,58,65,65,65],"gold":179,"neow_bonus":"","is_daily":false,"chose_seed":false,"campfire_upgraded":11,"win_rate":0.0,"timestamp":1609942685,"path_taken":["M","?","$","?","M","E","M","E","T","R","?","R","?","M","R","BOSS","M","$","M","M","?","R","M","R","T","R","?","M","R","E","R","BOSS","M","?","?","M","?","E","R","E","T","R","?","M","E","$","R","BOSS"],"items_purchased_type":["Card","Relic","Relic","Relic","Card","Card","Card","Card","Card","Relic","Relic","Card","Relic"],"build_version":"2020-12-22","purchased_purges":3,"victory":true,"max_hp_per_floor":[70,70,70,70,70,70,70,70,70,70,70,70,70,70,70,70,53,53,60,60,60,60,60,60,60,60,60,65,65,65,65,65,65,65,65,65,65,65,65,65,65,65,65,65,65,65,65,65,65,65],"card_choices":[{"not_picked":["Escape Plan","Blur"],"picked":"Blade Dance","floor":1.0},{"not_picked":["Prepared","Deadly Poison"],"picked":"Dodge and Roll","floor":5.0},{"not_picked":["Eviscerate","Flechettes"],"picked":"Phantasmal Killer","floor":6.0},{"not_picked":["Dash","Deflect"],"picked":"Dagger Spray","floor":7.0},{"not_picked":["ReplayTheSpireMod:Exploit Weakness","Skewer"],"picked":"Backflip","floor":8.0},{"not_picked":["ReplayTheSpireMod:Exploit Weakness","Toxin Wave"],"picked":"ReplayTheSpireMod:The Works","floor":14.0},{"not_picked":["Venomology","ReplayTheSpireMod:Necrosis"],"picked":"After Image","floor":16.0},{"not_picked":["Dodge and Roll","Acrobatics","Choke"],"picked":"SKIP","floor":18.0},{"not_picked":["Riddle With Holes","Quick Slash"],"picked":"Slice","floor":20.0},{"not_picked":["Noxious Fumes","Poisoned Stab+1"],"picked":"Accuracy","floor":21.0},{"not_picked":["Skewer+1","Deadly Poison"],"picked":"Blade Dance","floor":22.0},{"not_picked":["Cloak And Dagger","Blade Dance"],"picked":"Accuracy","floor":22.0},{"not_picked":["Skewer","ReplayTheSpireMod:From All Sides"],"picked":"Distraction+1","floor":24.0},{"not_picked":["Deadly Poison","Hidden Blade","Sneak Up"],"picked":"SKIP","floor":29.0},{"not_picked":["Fluid Movement","Slice"],"picked":"Endless Agony","floor":31.0},{"not_picked":["Corpse Explosion","Malaise"],"picked":"ReplayTheSpireMod:From All Sides","floor":33.0},{"not_picked":["Backflip"],"picked":"SKIP","floor":35.0},{"not_picked":[],"picked":"ReplayTheSpireMod:Speed Training","floor":37.0},{"not_picked":[],"picked":"Backflip+1","floor":38.0},{"not_picked":["Expertise"],"picked":"SKIP","floor":40.0},{"not_picked":[],"picked":"Footwork","floor":42.0},{"not_picked":["Prepared"],"picked":"SKIP","floor":46.0},{"not_picked":[],"picked":"Cloak And Dagger+1","floor":47}],"player_experience":408787,"relics_obtained":[{"floor":6.0,"key":"Du-Vu Doll"},{"floor":8.0,"key":"ReplayFunnel"},{"floor":9.0,"key":"ReplayTheSpireMod:Ninjato"},{"floor":22.0,"key":"Orichalcum"},{"floor":26.0,"key":"Ancient Tea Set"},{"floor":31.0,"key":"Boot"},{"floor":40.0,"key":"Vampiric Spirits"},{"floor":42.0,"key":"Paper Crane"},{"floor":43.0,"key":"Juzu Bracelet"},{"floor":47,"key":"MealTicket"}],"event_choices":[{"damage_healed":0.0,"max_hp_gain":0.0,"max_hp_loss":0.0,"gold_gain":175.0,"event_name":"Liars Game","player_choice":"AGREE","floor":2.0,"gold_loss":0.0,"damage_taken":0.0,"cards_obtained":["Doubt"]},{"cards_removed":["Strike_G"],"damage_healed":0.0,"max_hp_gain":0.0,"max_hp_loss":0.0,"gold_gain":0.0,"event_name":"Golden Wing","player_choice":"Card Removal","floor":13.0,"gold_loss":0.0,"damage_taken":7.0},{"damage_healed":0.0,"max_hp_gain":5.0,"max_hp_loss":0.0,"gold_gain":0.0,"event_name":"Forgotten Altar","player_choice":"Shed Blood","floor":28.0,"gold_loss":0.0,"damage_taken":15.0},{"cards_removed":["ReplayTheSpireMod:Splinters"],"damage_healed":0.0,"max_hp_gain":0.0,"max_hp_loss":0.0,"gold_gain":0.0,"event_name":"Fountain of Cleansing","player_choice":"Removed Curses","floor":36.0,"gold_loss":0.0,"damage_taken":0.0},{"damage_healed":0.0,"max_hp_gain":0.0,"max_hp_loss":0.0,"gold_gain":0.0,"event_name":"Accursed Blacksmith","player_choice":"Rummage","floor":45.0,"gold_loss":0.0,"damage_taken":0.0,"relics_obtained":["WarpedTongs"],"cards_obtained":["Pain"]}],"is_beta":false,"boss_relics":[{"not_picked":["Replay:Grab Bag","Replay:Bronze Core"],"picked":"Replay:Drink Me"},{"not_picked":["Cursed Key","Snecko Eye"],"picked":"Busted Crown"}],"items_purged_floors":[3,11,48],"is_endless":false,"potions_floor_spawned":[1,7,8,14,18,24,31,35,38,40,42],"ascension_level":13}}