{"host":"foq4mrde4mssg7vt","time":1609947333,"event":{"mods":["AchievementEnabler","BaseMod","Colored Map","Colored Powertips","Highlight Path","Minty Spire (QoL Compilation)","Relic Stats","everything is the same but u backflip on backflip"],"gold_per_floor":[13,25,43,53,78,113,113,126,153,153,169,202,227,247,247,338,338,351,351,25,68,18,18,18,18,44,44,82,129,163,163,163],"floor_reached":31,"playtime":1205,"items_purged":["Strike_P+1"],"score":505,"play_id":"d13e5a64-9a27-44fe-9452-a93682d1eb98","local_time":"20210106233533","is_ascension_mode":true,"campfire_choices":[{"floor":15.0,"key":"REST"},{"floor":23.0,"key":"REST"}],"circlet_count":0,"master_deck":["AscendersBane","Strike_P+1","Strike_P+1","Strike_P+1","Defend_P+1","Defend_P+1","Defend_P+1","Defend_P+1","Eruption","Vigilance","Conclude","FollowUp","Protect","EmptyFist","TalkToTheHand","InnerPeace","SashWhip","Halt","Wish","TalkToTheHand","FlurryOfBlows","Apotheosis","FlurryOfBlows","Shame","Indignation"],"relics":["PureWater","Turnip","Regal Pillow","Pen Nib","Smiling Mask","Bloody Idol","Odd Mushroom","VioletLotus","Oddly Smooth Stone","Akabeko","Orichalcum"],"acts_visited":["Exordium","TheCity"],"potions_floor_usage":[30],"damage_taken":[{"damage":10.0,"enemies":"Cultist","floor":1.0,"turns":6.0},{"damage":0.0,"enemies":"2 Louse","floor":2.0,"turns":2.0},{"damage":7.0,"enemies":"Jaw Worm","floor":3.0,"turns":5.0},{"damage":4.0,"enemies":"Looter","floor":4.0,"turns":4.0},{"damage":16.0,"enemies":"Gremlin Nob","floor":6.0,"turns":3.0},{"damage":0.0,"enemies":"3 Louse","floor":8.0,"turns":1.0},{"damage":5.0,"enemies":"Large Slime","floor":11.0,"turns":4.0},{"damage":15.0,"enemies":"The Mushroom Lair","floor":12.0,"turns":4.0},{"damage":1.0,"enemies":"2 Fungi Beasts","floor":13.0,"turns":3.0},{"damage":0.0,"enemies":"Gremlin Gang","floor":14.0,"turns":2.0},{"damage":32.0,"enemies":"The Guardian","floor":16.0,"turns":15.0},{"damage":19.0,"enemies":"2 Thieves","floor":18.0,"turns":4.0},{"damage":18.0,"enemies":"Chosen","floor":21.0,"turns":7.0},{"damage":6.0,"enemies":"Snecko","floor":28.0,"turns":7.0},{"damage":30.0,"enemies":"Centurion and Healer","floor":29.0,"turns":11.0},{"damage":32,"enemies":"Slavers","floor":30,"turns":4},{"damage":10,"enemies":"Snake Plant","floor":31,"turns":1}],"seed_played":"-7510159398671299845","potions_obtained":[{"floor":2.0,"key":"FearPotion"},{"floor":3.0,"key":"Weak Potion"},{"floor":8.0,"key":"PowerPotion"},{"floor":18.0,"key":"BlessingOfTheForge"},{"floor":21.0,"key":"Swift Potion"},{"floor":28.0,"key":"Dexterity Potion"}],"is_trial":false,"path_per_floor":["M","M","M","M","T","E","?","M","T","?","M","?","M","M","R","B",null,"M","?","$","M","$","R","?","?","T","?","M","M","E","M"],"character_chosen":"WATCHER","items_purchased":["TalkToTheHand","FlurryOfBlows","Apotheosis"],"campfire_rested":2,"item_purchase_floors":[20,20,20],"current_hp_per_floor":[51,51,44,40,40,24,24,24,24,24,19,4,3,3,36,4,48,29,29,29,11,11,44,44,44,49,49,53,33,6,0,0],"gold":163,"neow_bonus":"ONE_RARE_RELIC","is_daily":false,"chose_seed":false,"campfire_upgraded":0,"win_rate":0.0,"timestamp":1609947333,"path_taken":["M","M","?","M","?","E","?","M","T","?","M","?","?","M","R","BOSS","M","?","$","M","$","R","?","?","T","?","M","M","E","M"],"items_purchased_type":["Card","Card","Card"],"build_version":"2020-12-22","purchased_purges":1,"victory":false,"max_hp_per_floor":[68,68,68,68,68,68,68,68,68,62,62,62,62,62,62,62,62,62,62,62,62,62,62,62,62,62,62,62,62,62,62,62],"relic_stats":{"Regal Pillow":30,"counters":[17,83],"Bloody Idol":30,"Turnip":[13],"Pen Nib":[12],"VioletLotus":[8],"Orichalcum":[6],"Smiling Mask":25,"obtain_stats":[{"Regal Pillow":5,"Golden Idol":10,"Bloody Idol":25,"Oddly Smooth Stone":24,"Turnip":0,"Pen Nib":6,"VioletLotus":17,"PureWater":0,"Odd Mushroom":12,"Orichalcum":30,"Smiling Mask":9,"Akabeko":26},{"Regal Pillow":4,"Golden Idol":6,"Bloody Idol":13,"Oddly Smooth Stone":13,"Turnip":0,"Pen Nib":5,"VioletLotus":11,"PureWater":0,"Odd Mushroom":8,"Orichalcum":16,"Smiling Mask":6,"Akabeko":13},{"Regal Pillow":17,"Golden Idol":21,"Bloody Idol":60,"Oddly Smooth Stone":60,"Turnip":0,"Pen Nib":20,"VioletLotus":49,"PureWater":0,"Odd Mushroom":29,"Orichalcum":82,"Smiling Mask":21,"Akabeko":60}]},"card_choices":[{"not_picked":["PathToVictory","Wallop"],"picked":"Conclude","floor":1.0},{"not_picked":["InnerPeace","Sanctity"],"picked":"FollowUp","floor":2.0},{"not_picked":["JustLucky","FollowUp"],"picked":"Protect","floor":3.0},{"not_picked":["Halt","FollowUp"],"picked":"EmptyFist","floor":4.0},{"not_picked":["Blasphemy","Wireheading"],"picked":"TalkToTheHand","floor":6.0},{"not_picked":["Crescendo","Consecrate"],"picked":"InnerPeace","floor":8.0},{"not_picked":["PathToVictory","SignatureMove"],"picked":"SashWhip","floor":11.0},{"not_picked":["Crescendo","SandsOfTime"],"picked":"Halt","floor":12.0},{"not_picked":["FlyingSleeves","Consecrate","EmptyFist"],"picked":"SKIP","floor":13.0},{"not_picked":["FlyingSleeves","Crescendo","JustLucky"],"picked":"SKIP","floor":14.0},{"not_picked":["Alpha","Devotion"],"picked":"Wish","floor":16.0},{"not_picked":["CrushJoints","Evaluate","ClearTheMind"],"picked":"SKIP","floor":18.0},{"not_picked":["Evaluate","FlyingSleeves"],"picked":"FlurryOfBlows","floor":21.0},{"not_picked":["Swivel","JustLucky","InnerPeace+1"],"picked":"SKIP","floor":28.0},{"not_picked":["Evaluate","FollowUp"],"picked":"Indignation","floor":29.0},{"not_picked":["Wish","WindmillStrike","Vengeance"],"picked":"SKIP","floor":30}],"player_experience":404905,"relics_obtained":[{"floor":5.0,"key":"Regal Pillow"},{"floor":6.0,"key":"Pen Nib"},{"floor":9.0,"key":"Smiling Mask"},{"floor":12.0,"key":"Odd Mushroom"},{"floor":26.0,"key":"Akabeko"},{"floor":30,"key":"Orichalcum"}],"event_choices":[{"damage_healed":0.0,"max_hp_gain":0.0,"max_hp_loss":0.0,"gold_gain":0.0,"event_name":"Shining Light","player_choice":"Ignored","floor":7.0,"gold_loss":0.0,"damage_taken":0.0},{"damage_healed":0.0,"max_hp_gain":0.0,"max_hp_loss":6.0,"gold_gain":0.0,"event_name":"Golden Idol","player_choice":"Lose Max HP","floor":10.0,"gold_loss":0.0,"damage_taken":0.0,"relics_obtained":["Golden Idol"]},{"damage_healed":0.0,"max_hp_gain":0.0,"max_hp_loss":0.0,"gold_gain":0.0,"event_name":"Mushrooms","player_choice":"Fought Mushrooms","floor":12.0,"gold_loss":0.0,"damage_taken":0.0},{"damage_healed":0.0,"max_hp_gain":0.0,"max_hp_loss":0.0,"gold_gain":0.0,"event_name":"Back to Basics","player_choice":"Simplicity","floor":19.0,"gold_loss":0.0,"damage_taken":0.0,"cards_upgraded":["Strike_P","Strike_P","Strike_P","Strike_P","Defend_P","Defend_P","Defend_P","Defend_P"]},{"damage_healed":0.0,"max_hp_gain":0.0,"max_hp_loss":0.0,"gold_gain":0.0,"event_name":"Addict","player_choice":"Stole Relic","floor":24.0,"gold_loss":0.0,"damage_taken":0.0,"relics_obtained":["Oddly Smooth Stone"],"cards_obtained":["Shame"]},{"damage_healed":0.0,"max_hp_gain":0.0,"max_hp_loss":0.0,"gold_gain":0.0,"event_name":"Forgotten Altar","player_choice":"Gave Idol","floor":25.0,"relics_lost":["Golden Idol"],"gold_loss":0.0,"damage_taken":0.0,"relics_obtained":["Bloody Idol"]},{"damage_healed":0.0,"max_hp_gain":0.0,"max_hp_loss":0.0,"gold_gain":0.0,"event_name":"The Mausoleum","player_choice":"Ignored","floor":27.0,"gold_loss":0.0,"damage_taken":0.0}],"is_beta":false,"boss_relics":[{"not_picked":["Coffee Dripper","Astrolabe"],"picked":"VioletLotus"}],"items_purged_floors":[22],"is_endless":false,"potions_floor_spawned":[2,3,8,11,18,21,28],"killed_by":"Snake Plant","ascension_level":19}}