{"host":"uxq2rly8rxtwffuf","time":1609940194,"event":{"mods":["BaseMod","Koishi","Minty Spire (QoL Compilation)","StSLib","The Judge","The Servant 0.9.4"],"gold_per_floor":[110,110,11,11,23,23,57,57,57,57,74,92,111,172,172,250,250,262,262,262],"floor_reached":19,"playtime":579,"items_purged":[],"score":326,"play_id":"9bfce4fd-d861-4d81-b5b4-e62eed317736","local_time":"20210106163634","is_ascension_mode":true,"campfire_choices":[{"floor":6,"key":"REST"},{"data":"SilverBlades","floor":8,"key":"SMITH"},{"floor":15,"key":"REST"}],"circlet_count":0,"master_deck":["AscendersBane","Strike_S","Strike_S","Strike_S","Strike_S","Defend_S","Defend_S","Defend_S","Defend_S","KidneyShot+1","Exchange","SilverBlades+1","Moonlight","Ricochet","Moonlight","InstantArmor","Moonlight","BottledTime","StarChef","TheWorld"],"relics":["Uniform","PreservedInsect","WingedGreaves","Gremlin Horn","Ornamental Fan","SlaversCollar"],"acts_visited":["Exordium","TheCity"],"potions_floor_usage":[14,18,18],"damage_taken":[{"damage":0,"enemies":"Jaw Worm","floor":1,"turns":5},{"damage":0,"enemies":"Small Slimes","floor":5,"turns":2},{"damage":10,"enemies":"Lagavulin","floor":7,"turns":5},{"damage":1,"enemies":"Cultist","floor":11,"turns":3},{"damage":6,"enemies":"Looter","floor":12,"turns":3},{"damage":2,"enemies":"Blue Slaver","floor":13,"turns":3},{"damage":0,"enemies":"Lagavulin Event","floor":14,"turns":2},{"damage":23,"enemies":"Slime Boss","floor":16,"turns":6},{"damage":11,"enemies":"2 Thieves","floor":18,"turns":4},{"damage":49,"enemies":"Chosen","floor":19,"turns":5}],"seed_played":"-1958413254373410338","potions_obtained":[{"floor":1,"key":"LiquidMemories"},{"floor":5,"key":"Energy Potion"},{"floor":14,"key":"SneckoOil"},{"floor":18,"key":"Energy Potion"}],"is_trial":false,"path_per_floor":["M","?","$","?","M","R","E","R","T","?","M","M","M","?","R","B",null,"M","M"],"character_chosen":"THE_SERVANT","items_purchased":["Moonlight","Ricochet"],"campfire_rested":2,"item_purchase_floors":[3,3],"current_hp_per_floor":[54,28,28,28,28,46,36,36,36,36,35,29,27,27,45,22,51,40,0,0],"gold":262,"neow_bonus":"UPGRADE_CARD","is_daily":false,"chose_seed":false,"campfire_upgraded":1,"win_rate":0.0,"timestamp":1609940194,"path_taken":["M","?","$","?","M","R","E","R","T","?","?","M","M","?","R","BOSS","M","M"],"items_purchased_type":["Card","Card"],"build_version":"2020-12-22","purchased_purges":0,"victory":false,"max_hp_per_floor":[60,60,60,60,60,60,60,60,60,60,60,60,60,60,60,60,60,60,60,60],"card_choices":[{"not_picked":["Shuttle","Potential"],"picked":"SilverBlades","floor":1},{"not_picked":["Desolation","RealityMarble","Defy"],"picked":"SKIP","floor":5},{"not_picked":["Spin","DoubleEdge"],"picked":"Moonlight","floor":7},{"not_picked":["BottledTime","Starlight"],"picked":"InstantArmor","floor":11},{"not_picked":["Unruled","Shuttle"],"picked":"Moonlight","floor":12},{"not_picked":["Potential","Unruled"],"picked":"BottledTime","floor":13},{"not_picked":["Unruled","InstantArmor"],"picked":"StarChef","floor":14},{"not_picked":["Deny","LightFlow"],"picked":"TheWorld","floor":16},{"not_picked":["FastForward","Rearm","Rewind"],"picked":"SKIP","floor":18}],"player_experience":1379762,"relics_obtained":[{"floor":7,"key":"WingedGreaves"},{"floor":9,"key":"Gremlin Horn"},{"floor":14,"key":"Ornamental Fan"}],"event_choices":[{"damage_healed":0,"gold_gain":0,"player_choice":"Success","damage_taken":26,"relics_obtained":["PreservedInsect"],"max_hp_gain":0,"max_hp_loss":0,"event_name":"Scrap Ooze","floor":2,"gold_loss":0},{"damage_healed":0,"gold_gain":0,"player_choice":"Ignored","damage_taken":0,"max_hp_gain":0,"max_hp_loss":0,"event_name":"Shining Light","floor":4,"gold_loss":0},{"damage_healed":0,"gold_gain":0,"player_choice":"Ignored","damage_taken":0,"max_hp_gain":0,"max_hp_loss":0,"event_name":"Liars Game","floor":10,"gold_loss":0},{"damage_healed":0,"gold_gain":30,"player_choice":"Searched \u00273\u0027 times","damage_taken":0,"max_hp_gain":0,"max_hp_loss":0,"event_name":"Dead Adventurer","floor":14,"gold_loss":0}],"is_beta":false,"boss_relics":[{"not_picked":["Astrolabe","Tiny House"],"picked":"SlaversCollar"}],"items_purged_floors":[],"is_endless":false,"potions_floor_spawned":[1,5,13,14,18],"killed_by":"Chosen","ascension_level":19}}