{"host":"9som2zyqy2qnw00t","time":1609898548,"event":{"mods":["BaseMod","Colored Map","Colored Powertips","Downfall","Googly Eyes","Highlight Path","Minty Spire (QoL Compilation)","StSLib"],"gold_per_floor":[99,119,138,313,313,313,395,413,426,445,462,462,462,462,473,573,573,448,459,471,55,69,88,88,88,38,38,38,71,21,36,46,46,46,46],"floor_reached":33,"playtime":4303,"items_purged":[],"score":286,"play_id":"be226582-6dd1-486f-bf02-43d8d4f5de53","local_time":"20210105200228","is_ascension_mode":false,"campfire_choices":[{"data":"Slimebound:Split","floor":1,"key":"SMITH"},{"floor":12,"key":"REST"},{"floor":18,"key":"RECALL"},{"data":"1","floor":26,"key":"LIFT"},{"data":"2","floor":28,"key":"LIFT"},{"floor":30,"key":"REST"}],"circlet_count":0,"master_deck":["Slimebound:Strike_Slimebound","Slimebound:Tackle","Slimebound:Defend_Slimebound","Slimebound:Defend_Slimebound","Slimebound:Defend_Slimebound","Slimebound:Defend_Slimebound","Slimebound:Split+1","Slimebound:CorrosiveSpit","Slimebound:FinishingTackle","Slimebound:RejuvenatingLick","Slimebound:Chomp","Slimebound:GrowthPunch","Slimebound:AcidTongue","Slimebound:LeechLife","Slimebound:FirmFortitude","Slimebound:Overexert","Slimebound:Gluttony+1","Slimebound:SamplingLick","Slimebound:GoopSpray","Slimebound:ItLooksTasty","Slimebound:SpikyOuterGoop","Slimebound:TongueLash+1","Slimebound:RollThrough+1","Slimebound:SplitAcid"],"relics":["Slimebound:AbsorbEndCombat","MealTicket","Slimebound:GreedOozeRelic","Bird Faced Urn","Empty Cage","downfall:HeartBlessingBlue","Girya","Blood Vial","Letter Opener","Bronze Scales"],"acts_visited":["Exordium","TheCity"],"potions_floor_usage":[20,22,29,29,32,33],"damage_taken":[{"damage":12,"enemies":"Jaw Worm","floor":2,"turns":3},{"damage":10,"enemies":"Small Slimes","floor":3,"turns":3},{"damage":14,"enemies":"2 Louse","floor":8,"turns":2},{"damage":31,"enemies":"Exordium Wildlife","floor":9,"turns":4},{"damage":14,"enemies":"2 Fungi Beasts","floor":10,"turns":3},{"damage":22,"enemies":"Blue Slaver","floor":11,"turns":3},{"damage":3,"enemies":"Exordium Wildlife","floor":15,"turns":2},{"damage":73,"enemies":"downfall:Ironclad","floor":16,"turns":9},{"damage":14,"enemies":"Chosen","floor":19,"turns":4},{"damage":29,"enemies":"Centurion and Healer","floor":20,"turns":6},{"damage":14,"enemies":"downfall:FleeingMerchant","floor":21,"turns":4},{"damage":58,"enemies":"Shelled Parasite and Fungi","floor":22,"turns":5},{"damage":50,"enemies":"Snake Plant","floor":23,"turns":4},{"damage":38,"enemies":"Book of Stabbing","floor":29,"turns":4},{"damage":13,"enemies":"Cultist and Chosen","floor":31,"turns":4},{"damage":24,"enemies":"Chosen and Byrds","floor":32,"turns":4},{"damage":94,"enemies":"downfall:Watcher","floor":33,"turns":10}],"seed_played":"7166137887007514401","potions_obtained":[{"floor":9,"key":"Slimebound:SlimyTonguePotion"},{"floor":10,"key":"champ:CounterPotion"},{"floor":16,"key":"SkillPotion"},{"floor":22,"key":"Energy Potion"},{"floor":29,"key":"Strength Potion"},{"floor":31,"key":"AttackPotion"}],"is_trial":false,"path_per_floor":["R","M","M","?","?","?","T","M","M","M","M","R","?","T","M","B",null,"R","M","M","$","M","M","T","?","R","T","R","E","R","M","M","B"],"character_chosen":"SLIMEBOUND","items_purchased":["Slimebound:ItLooksTasty","Slimebound:SpikyOuterGoop","Girya"],"campfire_rested":2,"item_purchase_floors":[21,21,21],"current_hp_per_floor":[66,65,66,66,66,59,59,59,42,42,34,53,53,53,56,24,66,76,76,76,76,58,24,24,49,49,49,49,31,53,66,64,0,0,0],"gold":46,"neow_bonus":"TEN_PERCENT_HP_BONUS","is_daily":false,"chose_seed":false,"campfire_upgraded":1,"win_rate":0.0,"timestamp":1609898548,"path_taken":["R","M","M","?","?","?","T","M","?","M","M","R","?","?","M","BOSS","R","M","M","$","M","M","T","?","R","?","R","E","R","M","M","BOSS"],"items_purchased_type":["Card","Card","Relic"],"build_version":"2020-12-22","purchased_purges":0,"victory":false,"max_hp_per_floor":[66,66,66,66,66,66,66,66,66,66,66,66,66,66,66,66,66,76,76,76,76,76,76,76,76,76,76,76,76,76,76,76,76,76,76],"card_choices":[{"not_picked":["Slimebound:ComboTackle","Slimebound:SplitLeeching"],"picked":"Slimebound:FinishingTackle","floor":2},{"not_picked":["Slimebound:LeechingTouch","Slimebound:FlameTackle"],"picked":"Slimebound:RejuvenatingLick","floor":3},{"not_picked":["Slimebound:SamplingLick","Slimebound:PressTheAttack"],"picked":"Slimebound:Chomp","floor":8},{"not_picked":["Slimebound:ComboTackle","Slimebound:GoopSpray"],"picked":"Slimebound:GrowthPunch","floor":9},{"not_picked":["Slimebound:SplitBruiser","Slimebound:FlameTackle"],"picked":"Slimebound:AcidTongue","floor":10},{"not_picked":["Slimebound:BestDefense","Slimebound:LeechEnergy"],"picked":"Slimebound:LeechLife","floor":11},{"not_picked":["Slimebound:LeechingTouch","Slimebound:SplitBruiser"],"picked":"Slimebound:FirmFortitude","floor":15},{"not_picked":["Slimebound:Teamwork","Slimebound:OneTwoCombo"],"picked":"Slimebound:Overexert","floor":16},{"not_picked":["Slimebound:DisruptingSlam+1","Slimebound:SplitLeeching"],"picked":"Slimebound:Gluttony+1","floor":19},{"not_picked":["Slimebound:Prepare+1","Slimebound:TongueLash"],"picked":"Slimebound:SamplingLick","floor":20},{"not_picked":["Slimebound:SplitAcid","Slimebound:Grow+1"],"picked":"Slimebound:GoopSpray","floor":21},{"not_picked":["Slimebound:GoopSpray","Slimebound:BestDefense","Slimebound:SplitLeeching"],"picked":"SKIP","floor":22},{"not_picked":["Slimebound:SamplingLick","Slimebound:SplitMire"],"picked":"Slimebound:TongueLash+1","floor":23},{"not_picked":["Slimebound:GoopTackle","Slimebound:PressTheAttack","Slimebound:GrowthPunch"],"picked":"SKIP","floor":29},{"not_picked":["Slimebound:GoopTackle+1","Slimebound:LeechingTouch+1"],"picked":"Slimebound:RollThrough+1","floor":31},{"not_picked":["Slimebound:FinishingTackle","Slimebound:SlimeBarrage"],"picked":"Slimebound:SplitAcid","floor":32}],"player_experience":256294,"relics_obtained":[{"floor":14,"key":"Bird Faced Urn"},{"floor":24,"key":"Blood Vial"},{"floor":27,"key":"Letter Opener"},{"floor":29,"key":"Bronze Scales"}],"event_choices":[{"cards_removed":["Doubt"],"damage_healed":0,"gold_gain":0,"player_choice":"Card Removal","damage_taken":0,"max_hp_gain":0,"max_hp_loss":0,"event_name":"The Cleric","floor":5,"gold_loss":0},{"damage_healed":0,"gold_gain":0,"player_choice":"Success","damage_taken":7,"relics_obtained":["MealTicket"],"max_hp_gain":0,"max_hp_loss":0,"event_name":"Scrap Ooze","floor":6,"gold_loss":0},{"damage_healed":25,"gold_gain":0,"player_choice":"Heal","damage_taken":0,"max_hp_gain":0,"max_hp_loss":0,"event_name":"The Library","floor":25,"gold_loss":0}],"is_beta":false,"boss_relics":[{"not_picked":["SacredBark","Fusion Hammer"],"picked":"Empty Cage"}],"items_purged_floors":[],"is_endless":false,"potions_floor_spawned":[9,10,16,19,22,29,31],"killed_by":"downfall:Watcher","ascension_level":0}}