{"host":"ur405gpummdrt5xj","time":1609916247,"event":{"mods":["BaseMod","Colored Map","Minty Spire (QoL Compilation)","Quick Restart"],"gold_per_floor":[110,110,185,202,46,46,65,93,120,151,151,151,162,15,15,118,118,130,149,167,167,177,177,177],"floor_reached":23,"playtime":782,"items_purged":["Defend_P"],"score":328,"play_id":"f0699fd8-6fdf-4643-b247-b8f44f877a1e","local_time":"20210105225727","is_ascension_mode":true,"campfire_choices":[{"data":"Eruption","floor":6,"key":"SMITH"},{"floor":11,"key":"REST"},{"data":"Ragnarok","floor":15,"key":"SMITH"}],"circlet_count":0,"master_deck":["Strike_P","Strike_P","Strike_P","Defend_P","Defend_P","Defend_P","Eruption+1","Vigilance","Ragnarok+1","DeusExMachina","Conclude","Tantrum","TalkToTheHand+1","EmptyFist"],"relics":["PureWater","Nunchaku","Centennial Puzzle","Orichalcum","Yang","Fusion Hammer"],"acts_visited":["Exordium","TheCity"],"potions_floor_usage":[],"damage_taken":[{"damage":1,"enemies":"2 Louse","floor":1,"turns":2},{"damage":2,"enemies":"Jaw Worm","floor":4,"turns":4},{"damage":5,"enemies":"Small Slimes","floor":7,"turns":2},{"damage":32,"enemies":"3 Sentries","floor":8,"turns":3},{"damage":0,"enemies":"Lagavulin","floor":10,"turns":3},{"damage":0,"enemies":"Exordium Wildlife","floor":13,"turns":2},{"damage":22,"enemies":"The Guardian","floor":16,"turns":8},{"damage":2,"enemies":"Shell Parasite","floor":18,"turns":2},{"damage":0,"enemies":"Spheric Guardian","floor":19,"turns":2},{"damage":13,"enemies":"Snake Plant","floor":20,"turns":4},{"damage":16,"enemies":"Cultist and Chosen","floor":22,"turns":2},{"damage":20,"enemies":"Gremlin Leader","floor":23,"turns":2}],"seed_played":"562145358356631734","potions_obtained":[{"floor":1,"key":"Ambrosia"},{"floor":4,"key":"Ancient Potion"},{"floor":10,"key":"ColorlessPotion"}],"is_trial":false,"path_per_floor":["M","?","?","M","$","R","M","E","T","E","R","?","M","$","R","B",null,"M","M","M","?","M","E"],"character_chosen":"WATCHER","items_purchased":["Ragnarok","Tantrum"],"campfire_rested":1,"item_purchase_floors":[5,14],"current_hp_per_floor":[64,69,58,56,56,56,51,19,19,19,42,35,35,35,35,13,61,59,59,46,32,16,0,0],"gold":177,"neow_bonus":"RANDOM_COMMON_RELIC","is_daily":false,"chose_seed":false,"campfire_upgraded":2,"win_rate":0.0,"timestamp":1609916247,"path_taken":["M","?","?","M","?","R","M","E","T","E","R","?","?","$","R","BOSS","M","M","M","?","M","E"],"items_purchased_type":["Card","Card"],"build_version":"2020-12-22","purchased_purges":1,"victory":false,"max_hp_per_floor":[72,77,77,77,77,77,77,77,77,77,77,77,77,77,77,77,77,77,77,77,82,82,82,82],"card_choices":[{"not_picked":["SandsOfTime","Prostrate","Crescendo"],"picked":"SKIP","floor":1},{"not_picked":["Perseverance","Protect","Prostrate"],"picked":"SKIP","floor":4},{"not_picked":["Pray","Evaluate","PathToVictory"],"picked":"SKIP","floor":7},{"not_picked":["Wallop","JustLucky"],"picked":"DeusExMachina","floor":8},{"not_picked":["Study","Fasting2","Crescendo"],"picked":"SKIP","floor":10},{"not_picked":["Indignation","CrushJoints"],"picked":"Conclude","floor":13},{"not_picked":["BowlingBash+1","Wallop"],"picked":"TalkToTheHand+1","floor":18},{"not_picked":["BowlingBash","Conclude","JustLucky"],"picked":"SKIP","floor":19},{"not_picked":["BowlingBash+1","FlurryOfBlows"],"picked":"EmptyFist","floor":20},{"not_picked":["EmptyMind+1","Protect+1","Tantrum"],"picked":"SKIP","floor":22}],"player_experience":529790,"relics_obtained":[{"floor":8,"key":"Centennial Puzzle"},{"floor":9,"key":"Orichalcum"},{"floor":10,"key":"Yang"}],"event_choices":[{"damage_healed":0,"gold_gain":0,"player_choice":"Donut","damage_taken":0,"max_hp_gain":5,"max_hp_loss":0,"event_name":"Big Fish","floor":2,"gold_loss":0},{"damage_healed":0,"gold_gain":75,"player_choice":"Gather Gold","damage_taken":11,"max_hp_gain":0,"max_hp_loss":0,"event_name":"World of Goop","floor":3,"gold_loss":0},{"cards_removed":["Strike_P"],"damage_healed":0,"gold_gain":0,"player_choice":"Card Removal","damage_taken":7,"max_hp_gain":0,"max_hp_loss":0,"event_name":"Golden Wing","floor":12,"gold_loss":0},{"damage_healed":0,"gold_gain":0,"player_choice":"Shed Blood","damage_taken":19,"max_hp_gain":5,"max_hp_loss":0,"event_name":"Forgotten Altar","floor":21,"gold_loss":0}],"is_beta":false,"boss_relics":[{"not_picked":["Empty Cage","Coffee Dripper"],"picked":"Fusion Hammer"}],"items_purged_floors":[14],"is_endless":false,"potions_floor_spawned":[1,4,10,19,20],"killed_by":"Gremlin Leader","ascension_level":9}}