{"host":"g01l53quoe6lrer0","time":1609969758,"event":{"mods":["2.2 Compatiblity","AchievementEnabler","BaseMod","Colored Map","Highlight Path","Keyboard Shortcuts","Minty Spire (QoL Compilation)","Permanent Neow","StSLib","SuperFastMode","everything is the same but u backflip on backflip"],"gold_per_floor":[118,293,308,327,327,327,362,376,376,387,407,407,433,455,467,575,587,615,627,639,405,405,405,437,437,437,449,449,449,449,459,459,558,558,577,134,149,161,179,179,179,179,205,224,238,252,88,88,88,88,88,88,10,36,36],"floor_reached":56,"playtime":1845,"items_purged":["Doubt","Strike_G","Strike_G"],"score":1468,"play_id":"7eda2cf0-20de-4ae6-8509-864115bbac35","local_time":"20210107064918","is_ascension_mode":true,"campfire_choices":[{"data":"Deadly Poison","floor":6.0,"key":"SMITH"},{"floor":12.0,"key":"REST"},{"floor":15.0,"key":"REST"},{"floor":23.0,"key":"REST"},{"floor":28.0,"key":"REST"},{"data":"Catalyst","floor":30.0,"key":"SMITH"},{"data":"Night Terror","floor":32.0,"key":"SMITH"},{"data":"Footwork","floor":40.0,"key":"SMITH"},{"floor":42.0,"key":"REST"},{"floor":49.0,"key":"RECALL"},{"floor":52.0,"key":"REST"}],"circlet_count":0,"master_deck":["Strike_G","Strike_G","Strike_G","Defend_G","Defend_G","Defend_G","Defend_G","Survivor","Neutralize","Dagger Spray","Crippling Poison","Deadly Poison+1","Footwork+1","Catalyst+1","Bane","Well Laid Plans+1","Noxious Fumes+1","Night Terror+1","Footwork+1","Calculated Gamble+1","PiercingWail","Bouncing Flask","Noxious Fumes+1","Dodge and Roll+1","After Image+1","Calculated Gamble","Wraith Form v2+1","Calculated Gamble+1","Noxious Fumes+1","Setup+1","Blur","Caltrops+1"],"relics":["Ring of the Snake","Bag of Preparation","Mummified Hand","Frozen Egg 2","MawBank","Runic Pyramid","Oddly Smooth Stone","White Beast Statue","Potion Belt","Philosopher\u0027s Stone","Snake Skull","Orrery","Eternal Feather"],"acts_visited":["Exordium","TheCity","TheBeyond","TheEnding"],"potions_floor_usage":[55,55,55],"damage_taken":[{"damage":8.0,"enemies":"2 Louse","floor":1.0,"turns":3.0},{"damage":0.0,"enemies":"Small Slimes","floor":3.0,"turns":2.0},{"damage":0.0,"enemies":"Cultist","floor":4.0,"turns":5.0},{"damage":31.0,"enemies":"Gremlin Nob","floor":7.0,"turns":5.0},{"damage":1.0,"enemies":"Looter","floor":8.0,"turns":4.0},{"damage":0.0,"enemies":"Exordium Thugs","floor":10.0,"turns":4.0},{"damage":3.0,"enemies":"Gremlin Gang","floor":11.0,"turns":2.0},{"damage":19.0,"enemies":"3 Sentries","floor":13.0,"turns":8.0},{"damage":0.0,"enemies":"3 Louse","floor":14.0,"turns":4.0},{"damage":8.0,"enemies":"The Guardian","floor":16.0,"turns":7.0},{"damage":5.0,"enemies":"Shell Parasite","floor":18.0,"turns":6.0},{"damage":38.0,"enemies":"Slavers","floor":24.0,"turns":6.0},{"damage":0.0,"enemies":"Chosen","floor":27.0,"turns":4.0},{"damage":6.0,"enemies":"Centurion and Healer","floor":31.0,"turns":5.0},{"damage":21.0,"enemies":"Collector","floor":33.0,"turns":4.0},{"damage":3.0,"enemies":"Orb Walker","floor":35.0,"turns":2.0},{"damage":9.0,"enemies":"3 Shapes","floor":37.0,"turns":4.0},{"damage":0.0,"enemies":"Transient","floor":38.0,"turns":5.0},{"damage":2.0,"enemies":"Spire Growth","floor":39.0,"turns":3.0},{"damage":0.0,"enemies":"Maw","floor":44.0,"turns":5.0},{"damage":0.0,"enemies":"Writhing Mass","floor":45.0,"turns":5.0},{"damage":15.0,"enemies":"Transient","floor":46.0,"turns":5.0},{"damage":16.0,"enemies":"Time Eater","floor":50.0,"turns":7.0},{"damage":1,"enemies":"Shield and Spear","floor":54,"turns":6},{"damage":22,"enemies":"The Heart","floor":55,"turns":6}],"seed_played":"-5403318757424460122","potions_obtained":[{"floor":3.0,"key":"Weak Potion"},{"floor":7.0,"key":"CunningPotion"},{"floor":13.0,"key":"FearPotion"},{"floor":14.0,"key":"SkillPotion"},{"floor":16.0,"key":"SpeedPotion"},{"floor":27.0,"key":"Energy Potion"},{"floor":31.0,"key":"Dexterity Potion"},{"floor":33.0,"key":"Ancient Potion"},{"floor":35.0,"key":"CunningPotion"},{"floor":37.0,"key":"Swift Potion"},{"floor":39.0,"key":"Strength Potion"},{"floor":44.0,"key":"PowerPotion"},{"floor":46.0,"key":"DuplicationPotion"},{"floor":54,"key":"Weak Potion"}],"is_trial":false,"path_per_floor":["M","?","M","M","?","R","E","M","T","M","M","R","E","M","R","B",null,"M","?","?","$","?","R","E","?","T","M","R","?","R","M","R","B",null,"M","$","M","M","M","R","?","R","T","M","M","M","$","?","R","B",null,"R","$","E","B",null],"character_chosen":"THE_SILENT","items_purchased":["Footwork+1","Calculated Gamble","PiercingWail","Snake Skull","Calculated Gamble","Orrery","Blur","Caltrops+1"],"campfire_rested":6,"item_purchase_floors":[21,21,21,36,36,36,47,53],"current_hp_per_floor":[55,55,55,55,37,37,6,5,5,5,2,23,4,4,25,17,57,52,39,39,39,39,61,23,23,23,23,45,85,85,79,79,58,78,75,75,66,66,64,64,64,85,85,85,85,70,70,70,70,54,77,85,85,84,62],"gold":36,"neow_bonus":"ONE_RANDOM_RARE_CARD","is_daily":false,"chose_seed":false,"campfire_upgraded":4,"win_rate":0.0,"timestamp":1609969758,"path_taken":["M","?","M","M","?","R","E","M","T","M","M","R","E","M","R","BOSS","M","?","?","$","?","R","E","?","T","?","R","?","R","M","R","BOSS","M","$","M","M","M","R","?","R","T","?","M","M","$","?","R","BOSS","R","$","E","BOSS"],"items_purchased_type":["Card","Card","Card","Relic","Card","Relic","Card","Card"],"build_version":"2020-12-22","purchased_purges":3,"victory":true,"max_hp_per_floor":[70,70,70,70,70,70,70,70,70,70,70,70,70,70,70,70,70,70,75,75,75,75,75,75,75,75,75,75,85,85,85,85,85,85,85,85,85,85,85,85,85,85,85,85,85,85,85,85,85,85,85,85,85,85,85],"card_choices":[{"not_picked":["Flying Knee","Riddle With Holes"],"picked":"Dagger Spray","floor":1.0},{"not_picked":["Acrobatics","Prepared"],"picked":"Crippling Poison","floor":3.0},{"not_picked":["Escape Plan","Dagger Throw"],"picked":"Deadly Poison","floor":4.0},{"not_picked":["Poisoned Stab","Dodge and Roll"],"picked":"Footwork","floor":7.0},{"not_picked":["Caltrops","Dagger Spray"],"picked":"Catalyst","floor":8.0},{"not_picked":["Dodge and Roll","Underhanded Strike"],"picked":"Bane","floor":10.0},{"not_picked":["Leg Sweep","Dagger Spray","Flying Knee"],"picked":"SKIP","floor":11.0},{"not_picked":["Leg Sweep","Dagger Throw"],"picked":"Well Laid Plans+1","floor":13.0},{"not_picked":["Bane","After Image+1"],"picked":"Noxious Fumes+1","floor":14.0},{"not_picked":["Bullet Time","Malaise"],"picked":"Night Terror","floor":16.0},{"not_picked":["Predator+1","Skewer","Escape Plan+1"],"picked":"SKIP","floor":18.0},{"not_picked":["Dodge and Roll","Poisoned Stab"],"picked":"Bouncing Flask","floor":24.0},{"not_picked":["Dagger Throw+1","Flying Knee+1"],"picked":"Dodge and Roll+1","floor":27.0},{"not_picked":["Dodge and Roll","Dash","Escape Plan"],"picked":"SKIP","floor":31.0},{"not_picked":["A Thousand Cuts+1","Burst"],"picked":"After Image+1","floor":33.0},{"not_picked":["Cloak And Dagger","Deadly Poison+1","Skewer+1"],"picked":"SKIP","floor":35.0},{"not_picked":["Blur","Flying Knee"],"picked":"Wraith Form v2+1","floor":36.0},{"not_picked":["Eviscerate","Backstab+1"],"picked":"Calculated Gamble+1","floor":36.0},{"not_picked":["Flying Knee+1","Riddle With Holes","Unload"],"picked":"SKIP","floor":37.0},{"not_picked":["Prepared","Backflip+1","Backstab+1"],"picked":"SKIP","floor":38.0},{"not_picked":["Dash+1","Poisoned Stab"],"picked":"Noxious Fumes+1","floor":39.0},{"not_picked":["Underhanded Strike+1","Choke"],"picked":"Setup+1","floor":44.0},{"not_picked":["Slice","Infinite Blades+1","Leg Sweep"],"picked":"SKIP","floor":45.0},{"not_picked":["PiercingWail","Sucker Punch+1","Choke"],"picked":"SKIP","floor":46.0},{"not_picked":["Finisher","Terror+1","Sucker Punch"],"picked":"SKIP","floor":54}],"player_experience":47231,"relics_obtained":[{"floor":7.0,"key":"Mummified Hand"},{"floor":9.0,"key":"Frozen Egg 2"},{"floor":13.0,"key":"MawBank"},{"floor":24.0,"key":"White Beast Statue"},{"floor":26.0,"key":"Potion Belt"},{"floor":54,"key":"Eternal Feather"}],"event_choices":[{"damage_healed":0.0,"max_hp_gain":0.0,"max_hp_loss":0.0,"gold_gain":175.0,"event_name":"Liars Game","player_choice":"AGREE","floor":2.0,"gold_loss":0.0,"damage_taken":0.0,"cards_obtained":["Doubt"]},{"damage_healed":0.0,"max_hp_gain":0.0,"max_hp_loss":0.0,"gold_gain":0.0,"event_name":"Scrap Ooze","player_choice":"Success","floor":5.0,"gold_loss":0.0,"damage_taken":18.0,"relics_obtained":["Bag of Preparation"]},{"damage_healed":0.0,"max_hp_gain":5.0,"max_hp_loss":0.0,"gold_gain":0.0,"event_name":"Forgotten Altar","player_choice":"Shed Blood","floor":19.0,"gold_loss":0.0,"damage_taken":18.0},{"damage_healed":0.0,"max_hp_gain":0.0,"max_hp_loss":0.0,"gold_gain":0.0,"event_name":"Vampires","player_choice":"Ignored","floor":20.0,"gold_loss":0.0,"damage_taken":0.0},{"damage_healed":0.0,"max_hp_gain":0.0,"max_hp_loss":0.0,"gold_gain":0.0,"event_name":"The Mausoleum","player_choice":"Opened","floor":22.0,"gold_loss":0.0,"damage_taken":0.0,"relics_obtained":["Oddly Smooth Stone"]},{"damage_healed":0.0,"max_hp_gain":0.0,"max_hp_loss":0.0,"gold_gain":0.0,"event_name":"Duplicator","player_choice":"Copied","floor":25.0,"gold_loss":0.0,"damage_taken":0.0,"cards_obtained":["Noxious Fumes"]},{"cards_removed":["Storm of Steel"],"damage_healed":30.0,"max_hp_gain":10.0,"max_hp_loss":0.0,"gold_gain":0.0,"event_name":"Bonfire Elementals","player_choice":"Offered Rare","floor":29.0,"gold_loss":0.0,"damage_taken":0.0},{"damage_healed":0.0,"max_hp_gain":0.0,"max_hp_loss":0.0,"gold_gain":0.0,"event_name":"Accursed Blacksmith","player_choice":"Forge","floor":41.0,"gold_loss":0.0,"damage_taken":0.0,"cards_upgraded":["Calculated Gamble"]},{"cards_removed":["Defend_G"],"damage_healed":0.0,"max_hp_gain":0.0,"max_hp_loss":0.0,"gold_gain":0.0,"event_name":"Falling","player_choice":"Removed Skill","floor":48.0,"gold_loss":0.0,"damage_taken":0.0}],"is_beta":false,"boss_relics":[{"not_picked":["Ectoplasm","Cursed Key"],"picked":"Runic Pyramid"},{"not_picked":["Astrolabe","Black Star"],"picked":"Philosopher\u0027s Stone"}],"items_purged_floors":[21,36,47],"is_endless":false,"potions_floor_spawned":[3,7,13,14,16,27,31,33,35,37,38,39,44,45,46,54],"ascension_level":6}}