{"host":"sbgxqx7mo4t572vt","time":1609964527,"event":{"mods":["AchievementEnabler","BaseMod","Googly Eyes","Minty Spire (QoL Compilation)","Replay The Spire","StSLib"],"gold_per_floor":[112,12,12,12,12,41,53,87,87,19,19,34,34,34,34,118,130,158,220,242,183,198,230,230,260,313,313,332,332,332,332],"floor_reached":30,"playtime":1187,"items_purged":[],"score":523,"play_id":"565acff1-96e5-40c8-85bd-b78a54ff6694","local_time":"20210106222207","is_ascension_mode":true,"campfire_choices":[{"floor":11.0,"key":"DIG"},{"floor":13.0,"key":"DIG"},{"floor":15.0,"key":"DIG"},{"floor":24.0,"key":"REST"},{"floor":27,"key":"REST"}],"circlet_count":0,"master_deck":["AscendersBane","Strike_G","Strike_G","Strike_G","Defend_G","Defend_G","Defend_G","Defend_G","Defend_G","Toxin Wave","Noxious Fumes","Poisoned Stab","Leap","Beam Cell","Bane","Cloak And Dagger","Sucker Punch","Skewer","Well Laid Plans","Atom Bomb","Hidden Blade","Sneak Up","Leg Sweep","Pot Of Greed","Pot Of Greed","Pot Of Greed","Backstab+1"],"relics":["Ring of the Snake","NeowsBlessing","Byrd Skull","Ornamental Fan","Orichalcum","Replay:Multitool","Art of War","Bottled Tornado","MawBank","ChewingGum","Grinning Jar","Molten Egg 2","Strawberry"],"acts_visited":["Exordium","TheCity"],"potions_floor_usage":[28,28],"damage_taken":[{"damage":0.0,"enemies":"Small Slimes","floor":1.0,"turns":1.0},{"damage":0.0,"enemies":"3 Sentries","floor":6.0,"turns":2.0},{"damage":0.0,"enemies":"Jaw Worm","floor":7.0,"turns":1.0},{"damage":24.0,"enemies":"Gremlin Nob","floor":8.0,"turns":4.0},{"damage":0.0,"enemies":"2 Louse","floor":12.0,"turns":2.0},{"damage":24.0,"enemies":"Hexaghost","floor":16.0,"turns":11.0},{"damage":17.0,"enemies":"Shell Parasite","floor":18.0,"turns":3.0},{"damage":0.0,"enemies":"Spheric Guardian","floor":20.0,"turns":3.0},{"damage":15.0,"enemies":"3 Cultists","floor":22.0,"turns":6.0},{"damage":1.0,"enemies":"Gremlin Leader","floor":23.0,"turns":7.0},{"damage":15,"enemies":"Replay:Snechameleon","floor":25,"turns":6},{"damage":8,"enemies":"Cultist and Chosen","floor":28,"turns":6},{"damage":0,"enemies":"Gremlin Leader","floor":30,"turns":2}],"seed_played":"1015278286525835641","potions_obtained":[{"floor":6.0,"key":"Regen Potion"},{"floor":7.0,"key":"Adrenaline Potion"},{"floor":16.0,"key":"FearPotion"},{"floor":18.0,"key":"Adrenaline Potion"},{"floor":22.0,"key":"CunningPotion"}],"is_trial":false,"path_per_floor":["M","$","?","?","?","E","M","E","T","$","R","M","R","?","R","B",null,"M","?","M","$","M","E","R","E","T","R","M","?","E"],"character_chosen":"THE_SILENT","items_purchased":["Noxious Fumes","Poisoned Stab","Skewer","Leg Sweep"],"campfire_rested":2,"item_purchase_floors":[2,2,10,21],"current_hp_per_floor":[59,59,59,59,48,48,48,36,36,36,36,36,36,36,36,12,53,36,36,36,36,21,20,39,24,31,52,44,44,44,44],"gold":332,"neow_bonus":"THREE_ENEMY_KILL","is_daily":false,"chose_seed":false,"campfire_upgraded":0,"win_rate":0.0,"timestamp":1609964527,"path_taken":["M","$","?","?","?","E","M","E","T","$","R","?","R","?","R","BOSS","M","?","?","$","M","E","R","E","T","R","M","?","E"],"items_purchased_type":["Card","Card","Card","Card"],"build_version":"2020-12-22","purchased_purges":0,"victory":false,"max_hp_per_floor":[66,66,66,66,66,66,66,66,66,66,66,66,66,66,66,66,66,66,66,66,66,66,66,66,66,73,73,73,73,73,73],"card_choices":[{"not_picked":["Cloak And Dagger","Underhanded Strike"],"picked":"Toxin Wave","floor":1.0},{"not_picked":["Expertise","PiercingWail"],"picked":"Bane","floor":6.0},{"not_picked":["Deadly Poison","PiercingWail"],"picked":"Cloak And Dagger","floor":7.0},{"not_picked":["Deflect","Well Laid Plans"],"picked":"Sucker Punch","floor":8.0},{"not_picked":["Flying Knee","Deflect"],"picked":"Well Laid Plans","floor":12.0},{"not_picked":["Grand Finale","Adrenaline"],"picked":"Atom Bomb","floor":16.0},{"not_picked":["ReplayTheSpireMod:Scrap Shanks","Predator"],"picked":"Hidden Blade","floor":18.0},{"not_picked":["Outmaneuver","Calculated Gamble"],"picked":"Sneak Up","floor":20.0},{"not_picked":["Underhanded Strike+1","Caltrops","Prepared+1"],"picked":"SKIP","floor":22.0},{"not_picked":["Caltrops","Quick Slash","Acrobatics"],"picked":"SKIP","floor":23.0},{"not_picked":["All Out Attack+1","Flying Knee+1"],"picked":"Backstab+1","floor":25},{"not_picked":["Underhanded Strike+1","Hidden Blade","Dagger Throw+1"],"picked":"SKIP","floor":28}],"player_experience":290729,"relics_obtained":[{"floor":6.0,"key":"Ornamental Fan"},{"floor":8.0,"key":"Orichalcum"},{"floor":9.0,"key":"Replay:Multitool"},{"floor":11.0,"key":"Art of War"},{"floor":13.0,"key":"Bottled Tornado"},{"floor":15.0,"key":"MawBank"},{"floor":23.0,"key":"Grinning Jar"},{"floor":25,"key":"Molten Egg 2"},{"floor":26,"key":"Strawberry"}],"event_choices":[{"damage_healed":0.0,"max_hp_gain":0.0,"max_hp_loss":0.0,"gold_gain":0.0,"event_name":"Scrap Ooze","player_choice":"Success","floor":5.0,"gold_loss":0.0,"damage_taken":11.0,"relics_obtained":["Byrd Skull"]},{"damage_healed":0.0,"max_hp_gain":0.0,"max_hp_loss":0.0,"gold_gain":0.0,"event_name":"Liars Game","player_choice":"Ignored","floor":14.0,"gold_loss":0.0,"damage_taken":0.0},{"damage_healed":0.0,"max_hp_gain":0.0,"max_hp_loss":0.0,"gold_gain":100.0,"event_name":"The Joust","player_choice":"Bet on Murderer","floor":19.0,"gold_loss":50.0,"damage_taken":0.0},{"cards_removed":["Strike_G"],"damage_healed":0,"gold_gain":0,"player_choice":"Purged","damage_taken":0,"max_hp_gain":0,"max_hp_loss":0,"event_name":"Purifier","floor":29,"gold_loss":0}],"is_beta":false,"boss_relics":[{"not_picked":["Kintsugi","Snecko Scales"],"picked":"ChewingGum"}],"items_purged_floors":[],"is_endless":false,"potions_floor_spawned":[6,7,16,18,22,25],"killed_by":"Gremlin Leader","ascension_level":15}}