{"host":"yn1175etg9ni8l0q","time":1609918827,"event":{"mods":["AchievementEnabler","BaseMod","Colored Map","Colored Powertips","DeckTracker","Minty Spire (QoL Compilation)","Rare Cards Sparkle","Relic Stats","SuperFastMode","everything is the same but u backflip on backflip"],"gold_per_floor":[114,128,143,163,174,174,188,208,231,231,231,249,249,249,249,344,344,355,375,156,156,156,156,170,170,170,181,11,31,46,60,60,157,157,167,167,187,205,221,221,232,16,41,60,60,95,111,126,126,126,126,126,55,80,80],"floor_reached":56,"playtime":1973,"items_purged":["Defend_B","Defend_B","Strike_B+1"],"score":1231,"play_id":"a2177080-56a7-4bbb-a5a1-88c5204f2e95","local_time":"20210106164027","is_ascension_mode":false,"campfire_choices":[{"data":"Zap","floor":6.0,"key":"SMITH"},{"floor":13.0,"key":"REST"},{"floor":15.0,"key":"REST"},{"data":"Consume","floor":23.0,"key":"SMITH"},{"data":"BootSequence","floor":25.0,"key":"SMITH"},{"floor":32.0,"key":"REST"},{"data":"Defragment","floor":40.0,"key":"SMITH"},{"data":"Glacier","floor":45.0,"key":"SMITH"},{"data":"Buffer","floor":49.0,"key":"SMITH"},{"data":"Coolheaded","floor":52.0,"key":"SMITH"}],"circlet_count":0,"master_deck":["Defend_B","Zap+1","Dualcast","Rebound","Sweeping Beam","Coolheaded+1","Beam Cell","BootSequence+1","Auto Shields","Glacier+1","Electrodynamics","Consume+1","Loop","Ball Lightning","Capacitor","Seek","Turbo","Go for the Eyes+1","Coolheaded+1","Defragment+1","Hologram+1","Force Field+1","Defragment+1","Finesse","Machine Learning","Buffer+1","Conserve Battery+1","White Noise+1","Chaos+1"],"relics":["Empty Cage","Bronze Scales","Inserter","Bag of Preparation","Mummified Hand","SacredBark","Vajra","Happy Flower","Shuriken"],"acts_visited":["Exordium","TheCity","TheBeyond","TheEnding"],"potions_floor_usage":[55,55],"damage_taken":[{"damage":1.0,"enemies":"Cultist","floor":1.0,"turns":4.0},{"damage":2.0,"enemies":"2 Louse","floor":2.0,"turns":2.0},{"damage":9.0,"enemies":"Small Slimes","floor":3.0,"turns":3.0},{"damage":25.0,"enemies":"Exordium Thugs","floor":4.0,"turns":4.0},{"damage":1.0,"enemies":"2 Fungi Beasts","floor":5.0,"turns":3.0},{"damage":20.0,"enemies":"Large Slime","floor":7.0,"turns":5.0},{"damage":0.0,"enemies":"Looter","floor":8.0,"turns":3.0},{"damage":0.0,"enemies":"Lots of Slimes","floor":12.0,"turns":1.0},{"damage":0.0,"enemies":"The Guardian","floor":16.0,"turns":11.0},{"damage":6.0,"enemies":"Spheric Guardian","floor":18.0,"turns":5.0},{"damage":18.0,"enemies":"3 Byrds","floor":19.0,"turns":3.0},{"damage":9.0,"enemies":"Cultist and Chosen","floor":24.0,"turns":6.0},{"damage":2.0,"enemies":"Chosen and Byrds","floor":27.0,"turns":3.0},{"damage":13.0,"enemies":"Centurion and Healer","floor":29.0,"turns":5.0},{"damage":16.0,"enemies":"Cultist and Chosen","floor":30.0,"turns":4.0},{"damage":10.0,"enemies":"Sentry and Sphere","floor":31.0,"turns":4.0},{"damage":8.0,"enemies":"Automaton","floor":33.0,"turns":8.0},{"damage":2.0,"enemies":"Orb Walker","floor":35.0,"turns":4.0},{"damage":0.0,"enemies":"3 Shapes","floor":37.0,"turns":3.0},{"damage":8.0,"enemies":"Writhing Mass","floor":38.0,"turns":8.0},{"damage":10.0,"enemies":"Transient","floor":39.0,"turns":5.0},{"damage":0.0,"enemies":"Maw","floor":41.0,"turns":7.0},{"damage":1.0,"enemies":"Writhing Mass","floor":44.0,"turns":4.0},{"damage":0.0,"enemies":"Reptomancer","floor":46.0,"turns":6.0},{"damage":5.0,"enemies":"4 Shapes","floor":47.0,"turns":3.0},{"damage":0.0,"enemies":"3 Darklings","floor":48.0,"turns":5.0},{"damage":4.0,"enemies":"Donu and Deca","floor":50.0,"turns":10.0},{"damage":15,"enemies":"Shield and Spear","floor":54,"turns":5},{"damage":52,"enemies":"The Heart","floor":55,"turns":10}],"seed_played":"-1462657530617469858","potions_obtained":[{"floor":1.0,"key":"EntropicBrew"},{"floor":4.0,"key":"Explosive Potion"},{"floor":16.0,"key":"PowerPotion"},{"floor":18.0,"key":"Explosive Potion"},{"floor":30.0,"key":"PotionOfCapacity"},{"floor":38.0,"key":"EssenceOfSteel"},{"floor":41.0,"key":"ColorlessPotion"},{"floor":46.0,"key":"PotionOfCapacity"},{"floor":47.0,"key":"Strength Potion"}],"is_trial":false,"path_per_floor":["M","M","M","M","M","R","M","M","T","?","?","M","R","?","R","B",null,"M","M","$","?","?","R","M","R","T","M","$","M","M","M","R","B",null,"M","?","M","M","M","R","M","$","T","M","R","E","M","M","R","B",null,"R","$","E","B",null],"character_chosen":"DEFECT","items_purchased":["Bag of Preparation","Capacitor","Finesse","Regen Potion"],"campfire_rested":3,"item_purchase_floors":[20,28,42,53],"current_hp_per_floor":[74,72,63,38,37,37,17,17,17,2,2,2,24,17,39,39,75,69,51,51,51,51,51,42,42,42,40,40,27,11,1,23,15,75,73,73,73,65,55,55,55,55,55,54,54,54,49,49,49,45,75,75,75,60,59],"gold":80,"neow_bonus":"BOSS_RELIC","is_daily":false,"chose_seed":false,"campfire_upgraded":7,"win_rate":0.0,"timestamp":1609918827,"path_taken":["M","M","?","M","M","R","M","M","T","?","?","?","R","?","R","BOSS","M","M","$","?","?","R","M","R","T","M","$","M","?","M","R","BOSS","M","?","M","M","M","R","?","$","T","?","R","E","M","M","R","BOSS","R","$","E","BOSS"],"items_purchased_type":["Relic","Card","Card","Potion"],"build_version":"2020-12-22","purchased_purges":3,"victory":true,"max_hp_per_floor":[75,75,75,75,75,75,75,75,75,75,75,75,75,75,75,75,75,75,75,75,75,75,75,75,75,75,75,75,75,75,75,75,75,75,75,75,75,75,75,75,75,75,75,75,75,75,75,75,75,75,75,75,75,75,75],"relic_stats":{"Inserter":[51],"Happy Flower":[11],"counters":[29,144],"Mummified Hand":[105],"Shuriken":[2],"Bronze Scales":[487],"Bag of Preparation":[36],"obtain_stats":[{"Inserter":17,"Happy Flower":46,"Mummified Hand":26,"Shuriken":54,"Bronze Scales":9,"SacredBark":34,"Vajra":43,"Bag of Preparation":20,"Cracked Core":0,"Empty Cage":0},{"Inserter":9,"Happy Flower":24,"Mummified Hand":12,"Shuriken":28,"Bronze Scales":7,"SacredBark":17,"Vajra":22,"Bag of Preparation":11,"Cracked Core":0,"Empty Cage":0},{"Inserter":36,"Happy Flower":111,"Mummified Hand":50,"Shuriken":134,"Bronze Scales":24,"SacredBark":74,"Vajra":101,"Bag of Preparation":44,"Cracked Core":0,"Empty Cage":0}]},"card_choices":[{"not_picked":["Reinforced Body","Leap"],"picked":"Rebound","floor":1.0},{"not_picked":["Cold Snap","Thunder Strike"],"picked":"Sweeping Beam","floor":2.0},{"not_picked":["Sweeping Beam","Scrape","Heatsinks"],"picked":"SKIP","floor":3.0},{"not_picked":["Heatsinks","Hologram"],"picked":"Coolheaded","floor":4.0},{"not_picked":["Go for the Eyes","Scrape"],"picked":"Beam Cell","floor":5.0},{"not_picked":["Loop","Go for the Eyes"],"picked":"BootSequence","floor":7.0},{"not_picked":["Cold Snap","Force Field"],"picked":"Auto Shields","floor":8.0},{"not_picked":["Tempest","Redo"],"picked":"Glacier","floor":12.0},{"not_picked":["Fission","Creative AI"],"picked":"Electrodynamics","floor":16.0},{"not_picked":["Compile Driver","Hello World"],"picked":"Consume","floor":18.0},{"not_picked":["Auto Shields","Recycle"],"picked":"Loop","floor":19.0},{"not_picked":["Redo","Genetic Algorithm+1","Chaos"],"picked":"SKIP","floor":24.0},{"not_picked":["Go for the Eyes","Conserve Battery"],"picked":"Ball Lightning","floor":27.0},{"not_picked":["Tempest","Redo"],"picked":"Seek","floor":29.0},{"not_picked":["Fusion","Sunder+1"],"picked":"Turbo","floor":30.0},{"not_picked":["Rebound+1","Leap+1"],"picked":"Go for the Eyes+1","floor":31.0},{"not_picked":["Barrage+1","Recycle+1","Ball Lightning"],"picked":"SKIP","floor":35.0},{"not_picked":["Streamline","Beam Cell+1","Gash+1"],"picked":"SKIP","floor":37.0},{"not_picked":["Ball Lightning","Darkness+1"],"picked":"Hologram+1","floor":38.0},{"not_picked":["Auto Shields+1","Steam Power"],"picked":"Force Field+1","floor":39.0},{"not_picked":["Hello World","Reinforced Body+1"],"picked":"Defragment+1","floor":41.0},{"not_picked":["Streamline+1","Recycle+1"],"picked":"Machine Learning","floor":44.0},{"not_picked":["Hyperbeam","Fission"],"picked":"Buffer","floor":46.0},{"not_picked":["Hello World+1","Hologram"],"picked":"Conserve Battery+1","floor":47.0},{"not_picked":["Conserve Battery","Steam+1"],"picked":"White Noise+1","floor":48.0},{"not_picked":["Rebound","Biased Cognition"],"picked":"Chaos+1","floor":54}],"player_experience":308136,"relics_obtained":[{"floor":9.0,"key":"Bronze Scales"},{"floor":26.0,"key":"Mummified Hand"},{"floor":43.0,"key":"Vajra"},{"floor":46.0,"key":"Happy Flower"},{"floor":54,"key":"Shuriken"}],"event_choices":[{"damage_healed":0.0,"max_hp_gain":0.0,"max_hp_loss":0.0,"gold_gain":0.0,"event_name":"Shining Light","player_choice":"Entered Light","floor":10.0,"gold_loss":0.0,"damage_taken":15.0,"cards_upgraded":["Strike_B","Coolheaded"]},{"damage_healed":0.0,"max_hp_gain":0.0,"max_hp_loss":0.0,"gold_gain":0.0,"event_name":"Liars Game","player_choice":"Ignored","floor":11.0,"gold_loss":0.0,"damage_taken":0.0},{"cards_removed":["Strike_B"],"damage_healed":0.0,"max_hp_gain":0.0,"max_hp_loss":0.0,"gold_gain":0.0,"event_name":"Golden Wing","player_choice":"Card Removal","floor":14.0,"gold_loss":0.0,"damage_taken":7.0},{"damage_healed":0.0,"max_hp_gain":0.0,"max_hp_loss":0.0,"gold_gain":0.0,"event_name":"Vampires","player_choice":"Ignored","floor":21.0,"gold_loss":0.0,"damage_taken":0.0},{"cards_removed":["Strike_B"],"damage_healed":0.0,"max_hp_gain":0.0,"max_hp_loss":0.0,"gold_gain":0.0,"event_name":"Bonfire Elementals","player_choice":"Offered Basic","floor":22.0,"gold_loss":0.0,"damage_taken":0.0},{"damage_healed":0.0,"max_hp_gain":0.0,"max_hp_loss":0.0,"gold_gain":0.0,"event_name":"Match and Keep!","player_choice":"2 cards matched","floor":36.0,"gold_loss":0.0,"damage_taken":0.0,"cards_obtained":["Coolheaded","Defragment"]}],"is_beta":false,"boss_relics":[{"not_picked":["Cursed Key","Runic Pyramid"],"picked":"Inserter"},{"not_picked":["Sozu","Busted Crown"],"picked":"SacredBark"}],"items_purged_floors":[20,28,42],"is_endless":false,"potions_floor_spawned":[1,4,8,16,18,19,30,38,41,46,47],"ascension_level":0}}