{"host":"k85tjwrh7mjrrc9a","time":1609976561,"event":{"mods":["AchievementEnabler","BaseMod","Colored Powertips","Highlight Path","Minty Spire (QoL Compilation)","Rare Cards Sparkle","StSLib"],"gold_per_floor":[214,233,249,249,249,249,282,282,282,301,301,301,301,60,60,165,165,165,165,165,182,107,135,135,161,161,161,177,63,74,90,90,192,192,209,209,47,0,16,50,70,85,85,115,142,39,39,66,66,66,66],"floor_reached":50,"playtime":2471,"items_purged":["Defend_R"],"score":910,"play_id":"400a2d10-026b-4fad-b19a-f7a6b6a7a970","local_time":"20210106184241","is_ascension_mode":true,"campfire_choices":[{"data":"Bash","floor":6.0,"key":"SMITH"},{"data":"Demon Form","floor":8.0,"key":"SMITH"},{"data":"Battle Trance","floor":13.0,"key":"SMITH"},{"data":"Heavy Blade","floor":15.0,"key":"SMITH"},{"floor":24.0,"key":"REST"},{"floor":27,"key":"REST"},{"floor":32,"key":"REST"},{"floor":47,"key":"REST"},{"data":"True Grit","floor":49,"key":"SMITH"}],"circlet_count":0,"master_deck":["Strike_R","Strike_R","Strike_R","Defend_R","Defend_R","Bash+1","Heavy Blade+1","Headbutt","Battle Trance+1","Demon Form+1","Feed+1","Cleave+1","Dual Wield+1","Shrug It Off+1","Decay","Inflame","Offering","True Grit+1","True Grit+1","Doubt","Parasite"],"relics":["Burning Blood","MealTicket","The Courier","Molten Egg 2","Incense Burner","Cursed Key","PreservedInsect","Mummified Hand","Bag of Preparation","Sozu","Sling","Red Mask","Gremlin Horn","Self Forming Clay","MawBank","TheAbacus","Shuriken"],"acts_visited":["Exordium","TheCity","TheBeyond"],"potions_floor_usage":[25,35,45,45],"damage_taken":[{"damage":6.0,"enemies":"Jaw Worm","floor":1.0,"turns":5.0},{"damage":6.0,"enemies":"Cultist","floor":2.0,"turns":4.0},{"damage":5.0,"enemies":"2 Louse","floor":3.0,"turns":4.0},{"damage":30.0,"enemies":"Gremlin Nob","floor":7.0,"turns":4.0},{"damage":13.0,"enemies":"Exordium Wildlife","floor":10.0,"turns":4.0},{"damage":39.0,"enemies":"Slime Boss","floor":16.0,"turns":8.0},{"damage":0.0,"enemies":"2 Thieves","floor":18.0,"turns":1.0},{"damage":11.0,"enemies":"Spheric Guardian","floor":21.0,"turns":5.0},{"damage":62.0,"enemies":"Slavers","floor":23.0,"turns":8.0},{"damage":30,"enemies":"Gremlin Leader","floor":25,"turns":6},{"damage":14,"enemies":"Shelled Parasite and Fungi","floor":28,"turns":4},{"damage":30,"enemies":"Centurion and Healer","floor":30,"turns":6},{"damage":23,"enemies":"Snake Plant","floor":31,"turns":3},{"damage":52,"enemies":"Champ","floor":33,"turns":8},{"damage":18,"enemies":"3 Shapes","floor":35,"turns":5},{"damage":11,"enemies":"Orb Walker","floor":39,"turns":3},{"damage":26,"enemies":"Reptomancer","floor":40,"turns":4},{"damage":16,"enemies":"Jaw Worm Horde","floor":41,"turns":4},{"damage":9,"enemies":"3 Darklings","floor":42,"turns":3},{"damage":25,"enemies":"Nemesis","floor":44,"turns":5},{"damage":23,"enemies":"Writhing Mass","floor":45,"turns":5},{"damage":19,"enemies":"Giant Head","floor":48,"turns":5},{"damage":65,"enemies":"Time Eater","floor":50,"turns":6}],"seed_played":"-7072776539122991450","potions_obtained":[{"floor":3.0,"key":"SpeedPotion"},{"floor":7.0,"key":"SpeedPotion"},{"floor":10.0,"key":"SmokeBomb"},{"floor":21.0,"key":"DistilledChaos"},{"floor":25,"key":"Swift Potion"},{"floor":31,"key":"SmokeBomb"},{"floor":33,"key":"SpeedPotion"}],"is_trial":false,"path_per_floor":["M","M","M","?","$","R","E","R","T","M","?","T","R","$","R","B",null,"M","?","$","M","?","E","R","E","T","R","M","$","M","M","R","B",null,"M","?","$","?","M","E","M","M","T","E","M","$","R","E","R","B"],"character_chosen":"IRONCLAD","items_purchased":["Incense Burner","Inflame","True Grit","Sling","TheAbacus"],"campfire_rested":4,"item_purchase_floors":[14,29,37,37,46],"current_hp_per_floor":[72,72,73,73,73,73,49,49,49,42,42,42,42,57,57,24,66,72,72,80,75,75,23,48,28,28,54,50,65,49,32,62,16,79,71,71,86,86,85,65,59,56,56,41,24,39,73,64,64,0,0],"gold":66,"neow_bonus":"HUNDRED_GOLD","is_daily":false,"chose_seed":false,"campfire_upgraded":5,"win_rate":0.0,"timestamp":1609976561,"path_taken":["M","M","M","?","$","R","E","R","T","?","?","?","R","$","R","BOSS","M","?","$","?","?","E","R","E","T","R","M","?","M","M","R","BOSS","M","?","$","?","M","E","M","M","T","E","M","$","R","E","R","BOSS"],"items_purchased_type":["Relic","Card","Card","Relic","Relic"],"build_version":"2020-12-22","purchased_purges":1,"victory":false,"max_hp_per_floor":[80,80,80,80,80,80,80,80,80,80,80,80,80,80,80,80,80,80,80,80,80,80,84,84,88,88,88,92,92,100,100,100,100,100,104,104,104,104,108,108,112,112,112,116,116,116,116,120,120,120,120],"card_choices":[{"not_picked":["Thunderclap","Intimidate"],"picked":"Heavy Blade","floor":1.0},{"not_picked":["Hemokinesis","Rupture"],"picked":"Headbutt","floor":2.0},{"not_picked":["Rampage","Feel No Pain"],"picked":"Battle Trance","floor":3.0},{"not_picked":["Inflame","Rampage"],"picked":"Demon Form","floor":7.0},{"not_picked":["Feel No Pain","Flex","Headbutt"],"picked":"SKIP","floor":10.0},{"not_picked":["Demon Form","Corruption"],"picked":"Feed+1","floor":16.0},{"not_picked":["Carnage+1","Flex+1"],"picked":"Cleave+1","floor":21.0},{"not_picked":["Anger+1","Perfected Strike+1"],"picked":"Dual Wield+1","floor":23.0},{"not_picked":["Combust","Anger+1"],"picked":"Shrug It Off+1","floor":25},{"not_picked":["Dropkick+1","Iron Wave+1","Rampage+1"],"picked":"SKIP","floor":28},{"not_picked":["Dropkick+1","Iron Wave+1","Rampage+1"],"picked":"SKIP","floor":28},{"not_picked":["Hemokinesis+1","Wild Strike+1","Feel No Pain"],"picked":"SKIP","floor":30},{"not_picked":["Flex","Clothesline+1","Clash+1"],"picked":"SKIP","floor":31},{"not_picked":["Exhume","Fiend Fire+1"],"picked":"Offering","floor":33},{"not_picked":["Cleave+1","Perfected Strike+1","Dual Wield+1"],"picked":"SKIP","floor":35},{"not_picked":["Burning Pact","Flex+1"],"picked":"True Grit+1","floor":39},{"not_picked":["Flame Barrier+1","Warcry","Havoc"],"picked":"SKIP","floor":40},{"not_picked":["Thunderclap+1","Twin Strike+1","True Grit"],"picked":"SKIP","floor":41},{"not_picked":["Berserk","Clothesline+1","Headbutt+1"],"picked":"SKIP","floor":42},{"not_picked":["Pommel Strike+1","Hemokinesis+1","Armaments"],"picked":"SKIP","floor":44},{"not_picked":["Perfected Strike+1","Warcry","Anger+1"],"picked":"SKIP","floor":45},{"not_picked":["Headbutt+1","Blood for Blood+1","Twin Strike+1"],"picked":"SKIP","floor":48}],"player_experience":158109,"relics_obtained":[{"floor":7.0,"key":"MealTicket"},{"floor":9.0,"key":"The Courier"},{"floor":12.0,"key":"Molten Egg 2"},{"floor":23.0,"key":"PreservedInsect"},{"floor":25,"key":"Mummified Hand"},{"floor":26,"key":"Bag of Preparation"},{"floor":40,"key":"Gremlin Horn"},{"floor":43,"key":"Self Forming Clay"},{"floor":44,"key":"MawBank"},{"floor":48,"key":"Shuriken"}],"event_choices":[{"cards_removed":["Strike_R"],"damage_healed":0.0,"max_hp_gain":0.0,"max_hp_loss":0.0,"gold_gain":0.0,"event_name":"Bonfire Elementals","player_choice":"Offered Basic","floor":4.0,"gold_loss":0.0,"damage_taken":0.0},{"damage_healed":0.0,"max_hp_gain":0.0,"max_hp_loss":0.0,"gold_gain":0.0,"event_name":"The Cleric","player_choice":"Leave","floor":11.0,"gold_loss":0.0,"damage_taken":0.0},{"damage_healed":0.0,"max_hp_gain":0.0,"max_hp_loss":0.0,"gold_gain":0.0,"event_name":"Transmorgrifier","player_choice":"Ignored","floor":19.0,"gold_loss":0.0,"damage_taken":0.0},{"cards_removed":["Strike_R"],"damage_healed":0.0,"max_hp_gain":0.0,"max_hp_loss":0.0,"gold_gain":0.0,"event_name":"Beggar","player_choice":"Gave Gold","floor":22.0,"gold_loss":75.0,"damage_taken":0.0},{"cards_removed":["Defend_R"],"damage_healed":0,"gold_gain":0,"player_choice":"Removed Skill","damage_taken":0,"max_hp_gain":0,"max_hp_loss":0,"event_name":"Falling","floor":36,"gold_loss":0},{"damage_healed":0,"gold_gain":0,"player_choice":"Paid","damage_taken":0,"relics_obtained":["Red Mask"],"max_hp_gain":0,"max_hp_loss":0,"event_name":"Tomb of Lord Red Mask","floor":38,"gold_loss":47}],"is_beta":false,"boss_relics":[{"not_picked":["Pandora\u0027s Box","Fusion Hammer"],"picked":"Cursed Key"},{"not_picked":["Velvet Choker","Coffee Dripper"],"picked":"Sozu"}],"items_purged_floors":[29],"is_endless":false,"potions_floor_spawned":[3,7,10,18,21,25,31,33,39,40,42,44],"killed_by":"Time Eater","ascension_level":9}}