{"host":"yp47u74hk6n79vj1","time":1609910159,"event":{"mods":["BaseMod","Colored Map","Highlight Path","Minty Spire (QoL Compilation)"],"gold_per_floor":[119,129,129,79,79,114,114,114,114,130,55,99,25,45,45,165,165,183,183,183,197,211,240,240,255,255,266,266,278,301,213,213,213,213],"floor_reached":33,"playtime":864,"items_purged":["Defend_R","Strike_R"],"score":345,"play_id":"eb50c056-3b5f-4866-89b1-c84eddbfa800","local_time":"20210106001559","is_ascension_mode":true,"campfire_choices":[{"data":"Cleave","floor":7,"key":"SMITH"},{"data":"Metallicize","floor":15,"key":"SMITH"},{"floor":24,"key":"REST"},{"data":"Shrug It Off","floor":29,"key":"SMITH"},{"floor":32,"key":"RECALL"}],"circlet_count":0,"master_deck":["Strike_R","Strike_R","Defend_R+1","Defend_R","Defend_R","Cleave+1","True Grit+1","Intimidate","Metallicize+1","Juggernaut","Shrug It Off+1","Sentinel","Juggernaut","Disarm","Demon Form","Writhe"],"relics":["Burning Blood","NeowsBlessing","Charon\u0027s Ashes","Bronze Scales","Oddly Smooth Stone","Philosopher\u0027s Stone","Nloth\u0027s Gift","Juzu Bracelet","MawBank"],"acts_visited":["Exordium","TheCity"],"potions_floor_usage":[12,16,18,21,23,30,33],"damage_taken":[{"damage":0,"enemies":"Small Slimes","floor":1,"turns":2},{"damage":0,"enemies":"2 Louse","floor":2,"turns":1},{"damage":0,"enemies":"Lagavulin","floor":6,"turns":1},{"damage":0,"enemies":"Cultist","floor":10,"turns":3},{"damage":15,"enemies":"3 Sentries","floor":12,"turns":4},{"damage":10,"enemies":"Large Slime","floor":14,"turns":6},{"damage":19,"enemies":"Hexaghost","floor":16,"turns":11},{"damage":16,"enemies":"2 Thieves","floor":18,"turns":3},{"damage":18,"enemies":"3 Byrds","floor":21,"turns":1},{"damage":35,"enemies":"Snecko","floor":22,"turns":6},{"damage":18,"enemies":"Gremlin Leader","floor":23,"turns":6},{"damage":10,"enemies":"Snake Plant","floor":25,"turns":3},{"damage":1,"enemies":"Centurion and Healer","floor":27,"turns":5},{"damage":15,"enemies":"Cultist and Chosen","floor":30,"turns":5},{"damage":36,"enemies":"Collector","floor":33,"turns":6}],"seed_played":"6251931283631581035","potions_obtained":[{"floor":1,"key":"PowerPotion"},{"floor":2,"key":"Block Potion"},{"floor":6,"key":"ColorlessPotion"},{"floor":16,"key":"PowerPotion"},{"floor":18,"key":"BlessingOfTheForge"},{"floor":22,"key":"ColorlessPotion"},{"floor":27,"key":"PowerPotion"}],"is_trial":false,"path_per_floor":["M","M","?","?","?","E","R","?","T","M","$","E","$","M","R","B",null,"M","?","?","M","M","E","R","M","T","M","?","R","M","$","R","B"],"character_chosen":"IRONCLAD","items_purchased":["Metallicize"],"campfire_rested":1,"item_purchase_floors":[13],"current_hp_per_floor":[80,80,64,64,44,50,50,50,50,56,56,47,47,43,43,30,80,70,70,70,58,29,17,41,37,37,42,42,42,33,33,33,0,0],"gold":213,"neow_bonus":"THREE_ENEMY_KILL","is_daily":false,"chose_seed":false,"campfire_upgraded":3,"win_rate":0.0,"timestamp":1609910159,"path_taken":["M","M","?","?","?","E","R","?","T","?","$","E","$","M","R","BOSS","M","?","?","?","M","E","R","M","T","M","?","R","M","$","R","BOSS"],"items_purchased_type":["Card"],"build_version":"2020-12-22","purchased_purges":2,"victory":false,"max_hp_per_floor":[80,80,80,80,80,80,80,80,80,80,80,80,80,80,80,80,80,80,80,80,80,80,80,80,80,80,80,80,80,80,80,80,80,80],"card_choices":[{"not_picked":["Rupture","Twin Strike"],"picked":"Cleave","floor":1},{"not_picked":["Clothesline","Second Wind"],"picked":"True Grit","floor":2},{"not_picked":["Power Through","Havoc","Cleave"],"picked":"SKIP","floor":6},{"not_picked":["Warcry","Anger"],"picked":"Intimidate","floor":10},{"not_picked":["Rupture","Wild Strike","Headbutt"],"picked":"SKIP","floor":12},{"not_picked":["Feel No Pain","Cleave","Dropkick"],"picked":"SKIP","floor":14},{"not_picked":["Brutality","Double Tap"],"picked":"Juggernaut","floor":16},{"not_picked":["Clash","Reckless Charge"],"picked":"Shrug It Off","floor":18},{"not_picked":["Cleave","Armaments"],"picked":"Sentinel","floor":21},{"not_picked":["Pommel Strike","Clash"],"picked":"Juggernaut","floor":22},{"not_picked":["Limit Break","Whirlwind"],"picked":"Disarm","floor":23},{"not_picked":["Pummel+1","Twin Strike+1","Heavy Blade"],"picked":"SKIP","floor":25},{"not_picked":["Dark Embrace+1","Flame Barrier+1"],"picked":"Demon Form","floor":27},{"not_picked":["Warcry","Twin Strike","Hemokinesis"],"picked":"SKIP","floor":30}],"player_experience":600291,"relics_obtained":[{"floor":6,"key":"Charon\u0027s Ashes"},{"floor":9,"key":"Bronze Scales"},{"floor":12,"key":"Oddly Smooth Stone"},{"floor":23,"key":"Juzu Bracelet"}],"event_choices":[{"damage_healed":0,"gold_gain":0,"player_choice":"Entered Light","damage_taken":16,"max_hp_gain":0,"max_hp_loss":0,"event_name":"Shining Light","floor":3,"gold_loss":0,"cards_upgraded":["Defend_R","True Grit"]},{"cards_removed":["Bash"],"damage_healed":0,"gold_gain":0,"player_choice":"Card Removal","damage_taken":0,"max_hp_gain":0,"max_hp_loss":0,"event_name":"The Cleric","floor":4,"gold_loss":50},{"damage_healed":0,"gold_gain":0,"player_choice":"Take Damage","damage_taken":20,"relics_obtained":["Golden Idol"],"max_hp_gain":0,"max_hp_loss":0,"event_name":"Golden Idol","floor":5,"gold_loss":0},{"cards_removed":["Strike_R"],"damage_healed":0,"gold_gain":0,"player_choice":"Purged","damage_taken":0,"max_hp_gain":0,"max_hp_loss":0,"event_name":"Purifier","floor":8,"gold_loss":0},{"cards_removed":["Strike_R"],"damage_healed":0,"gold_gain":0,"player_choice":"Elegance","damage_taken":0,"max_hp_gain":0,"max_hp_loss":0,"event_name":"Back to Basics","floor":19,"gold_loss":0},{"damage_healed":0,"gold_gain":0,"player_choice":"Traded Relic","damage_taken":0,"relics_obtained":["Nloth\u0027s Gift"],"max_hp_gain":0,"max_hp_loss":0,"event_name":"N\u0027loth","floor":20,"relics_lost":["Golden Idol"],"gold_loss":0},{"damage_healed":0,"gold_gain":0,"player_choice":"Opened","damage_taken":0,"relics_obtained":["MawBank"],"max_hp_gain":0,"max_hp_loss":0,"event_name":"The Mausoleum","floor":28,"gold_loss":0,"cards_obtained":["Writhe"]}],"is_beta":false,"boss_relics":[{"not_picked":["SacredBark","Ectoplasm"],"picked":"Philosopher\u0027s Stone"}],"items_purged_floors":[11,31],"is_endless":false,"potions_floor_spawned":[1,2,6,16,18,22,27],"killed_by":"Collector","ascension_level":3}}