{"host":"6p0attdrtjqaih7v","time":1609956770,"event":{"mods":["2.2 Compatiblity","AchievementEnabler","Bard","BaseMod","Better Skull","Better Third Choice","Colored Powertips","Hermit","Highlight Path","Jorbs\u0027s Wanderer Trilogy","Key Reminder","Minty Spire (QoL Compilation)","Permanent Neow","Quick Restart","Random Character Button","Relic Stats","Replay The Spire","StSLib","The Construct"],"gold_per_floor":[113,163,173,190,203,232,232,252,252,252,123,123,123,138,138,138,138],"floor_reached":16,"playtime":537,"items_purged":["Strike_R"],"score":199,"play_id":"2918674f-5f0f-4945-a6da-9cdc83714ee9","local_time":"20210106131250","is_ascension_mode":true,"campfire_choices":[{"data":"Whirlwind","floor":7,"key":"SMITH"},{"data":"1","floor":10,"key":"LIFT"},{"data":"2","floor":12,"key":"LIFT"},{"data":"3","floor":15,"key":"LIFT"}],"circlet_count":0,"master_deck":["AscendersBane","Strike_R","Strike_R","Strike_R","Strike_R","Defend_R","Defend_R","Defend_R","Defend_R","Bash","Pommel Strike","True Grit","ReplayTheSpireMod:Limb From Limb","Whirlwind+1","Thunderclap","Shrug It Off","Sunder","Flame Barrier"],"relics":["Burning Blood","Ancient Tea Set","Girya","Divine Protection"],"acts_visited":["Exordium"],"potions_floor_usage":[6,16],"damage_taken":[{"damage":6,"enemies":"Cultist","floor":1,"turns":3},{"damage":12,"enemies":"Jaw Worm","floor":3,"turns":4},{"damage":0,"enemies":"2 Louse","floor":4,"turns":5},{"damage":18,"enemies":"Exordium Thugs","floor":5,"turns":3},{"damage":36,"enemies":"Lagavulin","floor":6,"turns":7},{"damage":0,"enemies":"3 Louse","floor":8,"turns":1},{"damage":0,"enemies":"Large Slime","floor":14,"turns":4},{"damage":39,"enemies":"Slime Boss","floor":16,"turns":8}],"seed_played":"6289013508259045970","potions_obtained":[{"floor":3,"key":"LifebloodPotion"},{"floor":8,"key":"Languid Potion"}],"is_trial":false,"path_per_floor":["M","?","M","M","M","E","R","M","T","R","$","R","?","M","R","B"],"character_chosen":"IRONCLAD","items_purchased":["Shrug It Off"],"campfire_rested":0,"item_purchase_floors":[11],"current_hp_per_floor":[68,68,62,68,56,26,26,32,32,32,32,32,29,35,35,0,0],"gold":138,"neow_bonus":"RANDOM_COMMON_RELIC","is_daily":false,"chose_seed":false,"campfire_upgraded":1,"win_rate":0.0,"timestamp":1609956770,"path_taken":["M","?","M","?","M","E","R","M","T","R","$","R","?","M","R","BOSS"],"items_purchased_type":["Card"],"build_version":"2020-12-22","purchased_purges":1,"victory":false,"max_hp_per_floor":[75,75,75,75,75,75,75,75,75,75,75,75,75,75,75,75,75],"relic_stats":{"counters":[8,35],"obtain_stats":[{"Girya":6,"Divine Protection":9,"Ancient Tea Set":0,"Burning Blood":0},{"Girya":5,"Divine Protection":6,"Ancient Tea Set":0,"Burning Blood":0},{"Girya":22,"Divine Protection":23,"Ancient Tea Set":0,"Burning Blood":0}],"Burning Blood":42},"card_choices":[{"not_picked":["Body Slam","Sword Boomerang"],"picked":"Pommel Strike","floor":1},{"not_picked":["Cleave","Havoc"],"picked":"True Grit","floor":3},{"not_picked":["Warcry","Reckless Charge"],"picked":"ReplayTheSpireMod:Limb From Limb","floor":4},{"not_picked":["True Grit","Hemokinesis","ReplayTheSpireMod:Muscle Training"],"picked":"SKIP","floor":5},{"not_picked":["Immolate","Clothesline"],"picked":"Whirlwind","floor":6},{"not_picked":["Warcry","Perfected Strike"],"picked":"Thunderclap","floor":8},{"not_picked":["Clash","Combust"],"picked":"Flame Barrier","floor":14}],"player_experience":952496,"relics_obtained":[{"floor":6,"key":"Girya"},{"floor":9,"key":"Divine Protection"}],"event_choices":[{"damage_healed":0,"gold_gain":50,"player_choice":"Pray","damage_taken":0,"max_hp_gain":0,"max_hp_loss":0,"event_name":"Golden Shrine","floor":2,"gold_loss":0},{"damage_healed":0,"gold_gain":0,"player_choice":"Card ","damage_taken":3,"max_hp_gain":0,"max_hp_loss":0,"event_name":"betterThird:BetterScrap","floor":13,"gold_loss":0,"cards_obtained":["Sunder"]}],"is_beta":false,"boss_relics":[],"items_purged_floors":[11],"is_endless":false,"potions_floor_spawned":[3,8],"killed_by":"Slime Boss","ascension_level":19}}