{"host":"61ejhfsushs0xmcl","time":1609935451,"event":{"mods":["ATMod(阿瑾Mod)","Act Like it!","BaseMod","Colored Map","Gold Saver","Minty Spire (QoL Compilation)","MostiFishMod","Spicy Shops","StSLib","TestMod","Waifu the Spire","[IsaacMod]以撒尖塔","【遗物卡牌】REMEMod","篝火指南"],"gold_per_floor":[1287,1212,1212,1230,1230,1049,1111,1127,1198,1225,1225,1235,946,946,475,547,547,562,387,387,405,449,479,495,529,529,454,254,288,152,165,165,239,239,249,262,281,298,73,99,99,134,159,159,197,233,335,335,335,385,510,510,510,215,295,340],"floor_reached":57,"playtime":1941,"items_purged":["Strike_R","Strike_R","Strike_R","Strike_R","Defend_R","Strike_R+1","Warcry","Defend_R+1","REME_TheLastStrike+1"],"score":2871,"play_id":"fd3021f1-bae4-49ec-93a4-b669a2657378","local_time":"20210106201731","is_ascension_mode":true,"campfire_choices":[{"data":"testmod-PerfectCombo","floor":32.0,"key":"SMITH"},{"data":"testmod-PerfectCombo+6","floor":41.0,"key":"SMITH"},{"floor":44.0,"key":"RECALL"},{"data":"testmod-PerfectCombo+11","floor":49,"key":"SMITH"},{"data":"testmod-PerfectCombo+14","floor":53,"key":"SMITH"}],"circlet_count":0,"master_deck":["AscendersBane","Defend_R+1","AT_MachinaRedman+1","AT_BodySlamDance+1","Power Through+1","Evolve+1","Bloodletting+1","Barricade+1","AT_EssenceShift+1","Rampage+1","Burning Pact+1","AT_BodySlamDance+1","testmod-PerfectCombo+17","AT_DiedThrough+1","Shockwave+1","Second Wind+1","Warcry+1","Sentinel+1"],"relics":["Burning Blood","testmod-TestBox","AT_ATBox","REME_ComplimentaryCards","HushsDoor","testmod-Alchemist","DSteel32","BookofShadows","SynthV:TestCard","DaCapo","AT_RedNoBalance","SynthV:C4","Centennial Puzzle","DaveBox","Brimstone","testmod-IndustrialRevolution","ClockworkSouvenir","ChiXiaoBlade","AT_EbonyIvory","D6","testmod-CrystalShield","Runic Pyramid","ImprovedEquipment","AT_MibuBalloonWealth","Pen Nib","Peace Pipe","AT_SpeedBoots","TheBible","Cauldron","testmod-CasingShield"],"acts_visited":["Exordium","TheCity","TheBeyond","TheEnding"],"potions_floor_usage":[51,56,56],"damage_taken":[{"damage":0.0,"enemies":"Jaw Worm","floor":1.0,"turns":1.0},{"damage":3.0,"enemies":"Small Slimes","floor":4.0,"turns":2.0},{"damage":12.0,"enemies":"Lagavulin Event","floor":7.0,"turns":3.0},{"damage":3.0,"enemies":"2 Louse","floor":8.0,"turns":2.0},{"damage":4.0,"enemies":"3 Sentries","floor":10.0,"turns":5.0},{"damage":8.0,"enemies":"Large Slime","floor":12.0,"turns":4.0},{"damage":0.0,"enemies":"The Guardian","floor":16.0,"turns":3.0},{"damage":17.0,"enemies":"Shell Parasite","floor":18.0,"turns":2.0},{"damage":0.0,"enemies":"2 Thieves","floor":21.0,"turns":1.0},{"damage":5.0,"enemies":"Slavers","floor":23.0,"turns":2.0},{"damage":0.0,"enemies":"Shelled Parasite and Fungi","floor":24.0,"turns":1.0},{"damage":11.0,"enemies":"REME_1_Revenger","floor":25.0,"turns":3.0},{"damage":4.0,"enemies":"Gremlin Leader","floor":29.0,"turns":4.0},{"damage":0.0,"enemies":"Snecko","floor":31.0,"turns":4.0},{"damage":0.0,"enemies":"Collector","floor":33.0,"turns":3.0},{"damage":0.0,"enemies":"3 Darklings","floor":35.0,"turns":2.0},{"damage":0.0,"enemies":"Orb Walker","floor":36.0,"turns":1.0},{"damage":0.0,"enemies":"3 Darklings","floor":37.0,"turns":1.0},{"damage":0.0,"enemies":"Spire Growth","floor":38.0,"turns":3.0},{"damage":0.0,"enemies":"Giant Head","floor":40.0,"turns":2.0},{"damage":4.0,"enemies":"Nemesis","floor":42.0,"turns":3.0},{"damage":0.0,"enemies":"Writhing Mass","floor":45.0,"turns":2.0},{"damage":0.0,"enemies":"Maw","floor":46.0,"turns":2.0},{"damage":0,"enemies":"Reptomancer","floor":47,"turns":1},{"damage":0,"enemies":"Donu and Deca","floor":50,"turns":2},{"damage":1,"enemies":"Awakened One","floor":51,"turns":3},{"damage":12,"enemies":"Shield and Spear","floor":55,"turns":2},{"damage":0,"enemies":"Delirium","floor":56,"turns":11}],"seed_played":"-6454823521802115452","potions_obtained":[{"floor":0.0,"key":"Strength Potion"},{"floor":0.0,"key":"Weak Potion"},{"floor":0.0,"key":"SkillPotion"},{"floor":12.0,"key":"ColorlessPotion"},{"floor":25.0,"key":"Weak Potion"},{"floor":45.0,"key":"Strength Potion"},{"floor":47,"key":"ColorlessPotion"},{"floor":54,"key":"BloodPotion"}],"is_trial":false,"path_per_floor":["M","$","?","M","?","R","?","M","T","E","T","M","R","?","R","B",null,"M","$","?","M","?","E","M","E","T","?","R","E","$","M","R","B",null,"M","M","M","M","$","E","R","E","T","R","M","M","E","?","R","B","B",null,"R","$","E","B",null],"character_chosen":"IRONCLAD","items_purchased":["Evolve","Centennial Puzzle","testmod-IndustrialRevolution","ClockworkSouvenir","testmod-PerfectCombo","AT_DiedThrough","TheBible","Cauldron"],"campfire_rested":0,"item_purchase_floors":[6,13,15,15,30,34,54,54],"current_hp_per_floor":[74,74,74,75,75,75,69,72,72,39,39,35,35,35,35,43,63,24,24,24,30,15,16,22,17,17,17,17,19,19,25,25,31,53,59,60,60,60,60,60,60,60,60,60,60,60,60,45,45,51,56,59,59,59,53,59],"gold":340,"neow_bonus":"THREE_SMALL_POTIONS","is_daily":false,"chose_seed":false,"campfire_upgraded":4,"win_rate":0.0,"timestamp":1609935451,"path_taken":["M","$","?","M","?","R","?","?","T","E","?","M","R","?","R","BOSS","M","$","?","?","?","E","M","E","T","?","R","E","$","M","R","BOSS","M","M","M","M","$","E","R","E","T","R","M","M","E","?","R","BOSS","BOSS","R","$","E","BOSS"],"items_purchased_type":["Card","Relic","Relic","Relic","Card","Card","Relic","Relic"],"build_version":"2020-12-22","purchased_purges":9,"victory":true,"max_hp_per_floor":[75,75,75,75,75,75,75,75,75,75,75,75,75,75,75,75,70,70,70,70,70,70,70,70,70,70,70,70,70,70,70,70,70,60,60,60,60,60,60,60,60,60,60,60,60,60,60,60,60,60,60,60,60,60,60,60],"card_choices":[{"not_picked":["Headbutt","Wild Strike","Thunderclap"],"picked":"SKIP","floor":0.0},{"not_picked":["Pommel Strike","Clothesline"],"picked":"AT_BodySlamDance","floor":1.0},{"not_picked":["AT_GerminateFire","Body Slam","Anger","Armaments"],"picked":"Power Through","floor":4.0},{"not_picked":["Ghostly Armor","Heavy Blade","Blood for Blood","Hemokinesis"],"picked":"REME_TheLastStrike","floor":7.0},{"not_picked":["Inflame","Armaments","Metallicize","AT_IchimonjiDouble","AT_BodySlamDance"],"picked":"SKIP","floor":8.0},{"not_picked":["Disarm","Intimidate","AT_BodySlamDance","Pummel","Cleave"],"picked":"SKIP","floor":10.0},{"not_picked":["Anger","Metallicize","Heavy Blade","Perfected Strike"],"picked":"Bloodletting","floor":12.0},{"not_picked":["Offering","MostiFishMod:NewArrival","MostiFishMod:RainCloud","MostiFishMod:Mania"],"picked":"Barricade","floor":16.0},{"not_picked":["Infernal Blade","AT_IchimonjiDouble","AT_BodySlamDance","AT_ShrugMaster","Fire Breathing"],"picked":"SKIP","floor":18.0},{"not_picked":["Warcry","Rage","REME_FearOfPain","AT_IchimonjiDouble","Rampage"],"picked":"SKIP","floor":21.0},{"not_picked":["Warcry","Rage","REME_FearOfPain","AT_IchimonjiDouble"],"picked":"Rampage","floor":21.0},{"not_picked":["Warcry","Clash","Pummel","Clothesline","Disarm"],"picked":"SKIP","floor":23.0},{"not_picked":["Body Slam","AT_BodySlamDance","Disarm","AT_GerminateFire"],"picked":"Burning Pact","floor":24.0},{"not_picked":["Dark Embrace+1","MostiFishMod:404NotFound","Spot Weakness+1","Fire Breathing"],"picked":"AT_BodySlamDance+1","floor":25.0},{"not_picked":["AT_IchimonjiDouble+1","Burning Pact","True Grit","Searing Blow","MostiFishMod:#F4004"],"picked":"SKIP","floor":29.0},{"not_picked":["Anger","Clothesline","Flame Barrier","Corruption","Flex"],"picked":"SKIP","floor":31.0},{"not_picked":["AT_IchimonjiDouble+1","True Grit","Havoc+1","Anger+1","Twin Strike+1"],"picked":"SKIP","floor":35.0},{"not_picked":["Body Slam","Havoc+1","Intimidate","Second Wind"],"picked":"Shockwave+1","floor":36.0},{"not_picked":["Wild Strike+1","REME_Scribble+1","Headbutt","Armaments","AT_BodySlamDance+1"],"picked":"SKIP","floor":37.0},{"not_picked":["REME_FearOfPain","Flame Barrier","MostiFishMod:Chiaki","Havoc","Dark Embrace"],"picked":"SKIP","floor":38.0},{"not_picked":["Searing Blow+1","Cleave+1","Whirlwind","Clothesline"],"picked":"Second Wind+1","floor":40.0},{"not_picked":["Havoc","Barricade","AT_BodySlamDance","MostiFishMod:#F4004"],"picked":"Warcry+1","floor":42.0},{"not_picked":["Anger","Pommel Strike+1","Clash+1","Brutality","Thunderclap"],"picked":"SKIP","floor":45.0},{"not_picked":["Clash","Pommel Strike+1","Flex","Seeing Red"],"picked":"Sentinel+1","floor":46.0},{"not_picked":["REME_SingleHolding+1","AT_GerminateFire","Sword Boomerang","Power Through","Clash"],"picked":"SKIP","floor":47},{"not_picked":["Whirlwind","Pummel","Clash","AT_BodySlamDance+1","Flame Barrier+1"],"picked":"SKIP","floor":55}],"player_experience":794377,"relics_obtained":[{"floor":1.0,"key":"SynthV:TestCard"},{"floor":7.0,"key":"DaCapo"},{"floor":9.0,"key":"AT_SilverBalance"},{"floor":10.0,"key":"SynthV:C4"},{"floor":23.0,"key":"AT_EbonyIvory"},{"floor":25.0,"key":"D6"},{"floor":29.0,"key":"testmod-CrystalShield"},{"floor":40.0,"key":"ImprovedEquipment"},{"floor":42.0,"key":"AT_MibuBalloonWealth"},{"floor":43.0,"key":"Pen Nib"},{"floor":47,"key":"Peace Pipe"},{"floor":55,"key":"testmod-CasingShield"}],"event_choices":[{"damage_healed":0.0,"max_hp_gain":0.0,"max_hp_loss":0.0,"gold_gain":0.0,"cards_transformed":["Defend_R"],"event_name":"Living Wall","player_choice":"Change","floor":3.0,"gold_loss":0.0,"damage_taken":0.0,"cards_obtained":["Warcry"]},{"damage_healed":0.0,"max_hp_gain":0.0,"max_hp_loss":0.0,"gold_gain":0.0,"event_name":"Liars Game","player_choice":"Ignored","floor":5.0,"gold_loss":0.0,"damage_taken":0.0},{"damage_healed":0.0,"max_hp_gain":0.0,"max_hp_loss":0.0,"gold_gain":0.0,"event_name":"Dead Adventurer","player_choice":"Searched \u00271\u0027 times","floor":7.0,"gold_loss":0.0,"damage_taken":0.0},{"damage_healed":0.0,"max_hp_gain":0.0,"max_hp_loss":0.0,"gold_gain":0.0,"event_name":"给自己的盒子","player_choice":"Swap Relic","floor":14.0,"relics_lost":["DaveBox"],"gold_loss":0.0,"damage_taken":0.0,"relics_obtained":["DaveBox"]},{"damage_healed":0.0,"max_hp_gain":0.0,"max_hp_loss":0.0,"gold_gain":0.0,"event_name":"Vampires","player_choice":"Ignored","floor":20.0,"gold_loss":0.0,"damage_taken":0.0},{"cards_removed":["Bash"],"damage_healed":0.0,"max_hp_gain":0.0,"max_hp_loss":0.0,"gold_gain":0.0,"event_name":"Beggar","player_choice":"Gave Gold","floor":27.0,"gold_loss":75.0,"damage_taken":0.0}],"is_beta":false,"boss_relics":[{"not_picked":["Ectoplasm","REME_DuelDisc"],"picked":"ChiXiaoBlade"},{"not_picked":[]},{"not_picked":["Transparent","Sozu"],"picked":"Runic Pyramid"},{"not_picked":[]}],"items_purged_floors":[2,6,13,15,17,19,28,34,39],"is_endless":false,"potions_floor_spawned":[12,16,25,29,33,35,40,45,47],"ascension_level":20}}