{"host":"6r341r9cz00j2qc1","time":1609975414,"event":{"mods":["BaseMod","Better Third Choice","Downfall","GungeonMod","Hermit","Lobotomy","LobotomyExtend","Minty Spire (QoL Compilation)","Shop Mod","StSLib"],"gold_per_floor":[112,112,126,146,162,162,237,237,237,252,272,285,25,41,41,137,137,152,112,112,112,112,112,124,124,124,134,134,153,252,298,298,394,694,707,204,204,479,496,496,496],"floor_reached":40,"playtime":2931,"items_purged":["Shame"],"score":403,"play_id":"ad2b69d2-f71b-4d8a-99bc-98b18640ce18","local_time":"20210107002334","is_ascension_mode":false,"campfire_choices":[{"floor":6,"key":"REST"},{"floor":15,"key":"REST"},{"floor":23,"key":"REST"},{"data":"DemoMod:TeaPot","floor":25,"key":"SMITH"},{"data":"DemoMod:TeaPot","floor":28,"key":"SMITH"},{"floor":32,"key":"REST"}],"circlet_count":0,"master_deck":["DemoMod:Strike_Huntress","DemoMod:Strike_Huntress","DemoMod:Strike_Huntress","DemoMod:Defend_Huntress","DemoMod:Defend_Huntress+1","DemoMod:Defend_Huntress","DemoMod:Defend_Huntress","DemoMod:Roll","DemoMod:ManualReload","DemoMod:RustySidearm","DemoMod:CrossBow","expansioncontent:GuardianWhirl","DemoMod:Unity+1","DemoMod:ThirdPartyController","DemoMod:JK47","DemoMod:FastSwitch","DemoMod:HungryBullets","DemoMod:DoubleSwitch","DemoMod:MachoBrace","DemoMod:MegaHand","DemoMod:DoubleSwitch","DemoMod:FullFirepower+1","DemoMod:SkilledReload","DemoMod:TeaPot+1","DemoMod:TeaPot+1","DemoMod:MachoBrace","DemoMod:GunslingerForm","CurseOfTheBell","DemoMod:HuntsMan+1","Apotheosis","Regret","DemoMod:GunShield"],"relics":["DemoMod:Dog","LetterFromLob","Bronze Scales","DemoMod:SilverBullets","Mummified Hand","DemoMod:SerJunkan","DemoMod:Test1","Shuriken","Tiny Chest","War Paint","Potion Belt","Sundial","Toolbox","MerchantsRug","Darkstone Periapt"],"acts_visited":["Exordium","TheCity","TheBeyond"],"potions_floor_usage":[16,16,27,33],"damage_taken":[{"damage":11,"enemies":"Jaw Worm","floor":1,"turns":4},{"damage":0,"enemies":"Cultist","floor":3,"turns":3},{"damage":0,"enemies":"Small Slimes","floor":4,"turns":2},{"damage":16,"enemies":"Exordium Wildlife","floor":5,"turns":3},{"damage":0,"enemies":"3 Louse","floor":10,"turns":2},{"damage":19,"enemies":"Exordium Thugs","floor":11,"turns":4},{"damage":2,"enemies":"Blue Slaver","floor":12,"turns":3},{"damage":2,"enemies":"2 Fungi Beasts","floor":14,"turns":3},{"damage":36,"enemies":"Slime Boss","floor":16,"turns":8},{"damage":15,"enemies":"Spheric Guardian","floor":18,"turns":4},{"damage":0,"enemies":"Chosen","floor":24,"turns":6},{"damage":0,"enemies":"Snecko","floor":27,"turns":3},{"damage":16,"enemies":"Cultist and Chosen","floor":29,"turns":5},{"damage":63,"enemies":"Champ","floor":33,"turns":12},{"damage":16,"enemies":"3 Darklings","floor":35,"turns":5},{"damage":5,"enemies":"3 Shapes","floor":39,"turns":5},{"damage":58,"enemies":"Transient","floor":40,"turns":5}],"seed_played":"-2245040183974245969","potions_obtained":[{"floor":4,"key":"DuplicationPotion"},{"floor":10,"key":"champ:CounterPotion"},{"floor":11,"key":"Fire Potion"},{"floor":18,"key":"sneckomod:MuddlingPotion"}],"is_trial":false,"path_per_floor":["M","?","M","M","M","R","?","T","T","M","M","M","$","M","R","B",null,"M","?","$","?","?","R","M","R","T","M","R","M","?","T","R","B",null,"M","$","T","?","M","M"],"character_chosen":"HUNTRESS","items_purchased":["DemoMod:SerJunkan","Apotheosis","Toolbox","MerchantsRug"],"campfire_rested":4,"item_purchase_floors":[13,36,36,36],"current_hp_per_floor":[59,59,59,59,43,64,53,53,53,53,34,32,32,30,51,15,70,55,55,55,55,55,70,70,70,70,70,70,54,54,54,70,7,70,54,54,54,60,55,0,0],"gold":496,"neow_bonus":"RANDOM_COLORLESS","is_daily":false,"chose_seed":false,"campfire_upgraded":2,"win_rate":0.0,"timestamp":1609975414,"path_taken":["M","?","?","M","M","R","?","?","T","M","M","M","$","M","R","BOSS","M","?","?","?","?","R","M","R","T","?","R","M","?","?","R","BOSS","M","$","?","?","M","M"],"items_purchased_type":["Relic","Card","Relic","Relic"],"build_version":"2020-12-22","purchased_purges":1,"victory":false,"max_hp_per_floor":[70,70,70,70,70,70,70,70,70,70,70,70,70,70,70,70,70,70,70,70,70,70,70,70,70,70,70,70,70,70,70,70,70,70,70,70,70,76,76,76,76],"card_choices":[{"not_picked":["expansioncontent:BronzeBeam","expansioncontent:YouAreMine"],"picked":"expansioncontent:GuardianWhirl","floor":0},{"not_picked":["DemoMod:GunShield","DemoMod:Unmoved"],"picked":"DemoMod:Unity","floor":1},{"not_picked":["DemoMod:AC15","DemoMod:FortunesFavor"],"picked":"DemoMod:JK47","floor":3},{"not_picked":["DemoMod:Ejector","DemoMod:JK47"],"picked":"DemoMod:FastSwitch","floor":4},{"not_picked":["DemoMod:SkilledReload","DemoMod:FastSwitch"],"picked":"DemoMod:HungryBullets","floor":5},{"not_picked":["DemoMod:AC15","DemoMod:BoxingGlove"],"picked":"DemoMod:DoubleSwitch","floor":10},{"not_picked":["DemoMod:FastSwitch","DemoMod:GunstockTap"],"picked":"DemoMod:MachoBrace","floor":11},{"not_picked":["DemoMod:DoubleVision","DemoMod:HighKaliber"],"picked":"DemoMod:MegaHand","floor":12},{"not_picked":["DemoMod:ConditionalReflex","DemoMod:JK47"],"picked":"DemoMod:DoubleSwitch","floor":14},{"not_picked":["DemoMod:Elimentaler","DemoMod:DarkMarker"],"picked":"DemoMod:FullFirepower","floor":16},{"not_picked":["DemoMod:MegaHand","DemoMod:MachoBrace"],"picked":"DemoMod:SkilledReload","floor":18},{"not_picked":["DemoMod:BlackHoleGun","DemoMod:ProbeStrike"],"picked":"DemoMod:TeaPot","floor":24},{"not_picked":["DemoMod:MachoBrace","DemoMod:StickyCrossBow+1"],"picked":"DemoMod:TeaPot","floor":27},{"not_picked":["DemoMod:FortunesFavor","DemoMod:JK47"],"picked":"DemoMod:MachoBrace","floor":29},{"not_picked":["DemoMod:BlankBullets","DemoMod:Desperate"],"picked":"DemoMod:GunslingerForm","floor":33},{"not_picked":["DemoMod:RadGun+1","DemoMod:BattleInHaste"],"picked":"DemoMod:HuntsMan+1","floor":35},{"not_picked":["DemoMod:RadGun","DemoMod:HuntsMan"],"picked":"DemoMod:GunShield","floor":39}],"player_experience":463804,"relics_obtained":[{"floor":1,"key":"LetterFromLob"},{"floor":4,"key":"Bronze Scales"},{"floor":8,"key":"DemoMod:SilverBullets"},{"floor":9,"key":"Mummified Hand"},{"floor":26,"key":"Tiny Chest"},{"floor":31,"key":"War Paint"},{"floor":34,"key":"Potion Belt"},{"floor":34,"key":"Sundial"},{"floor":34,"key":"Old Coin"},{"floor":37,"key":"Darkstone Periapt"}],"event_choices":[{"damage_healed":0,"gold_gain":0,"player_choice":"1 cards matched","damage_taken":0,"max_hp_gain":0,"max_hp_loss":0,"event_name":"Match and Keep!","floor":2,"gold_loss":0,"cards_obtained":["DemoMod:ThirdPartyController"]},{"damage_healed":0,"gold_gain":75,"player_choice":"Gold","damage_taken":11,"max_hp_gain":0,"max_hp_loss":0,"event_name":"betterThird:BetterGoop","floor":7,"gold_loss":0},{"damage_healed":0,"gold_gain":0,"player_choice":"Upgrade","damage_taken":0,"max_hp_gain":0,"max_hp_loss":0,"event_name":"Designer","floor":19,"gold_loss":40,"cards_upgraded":["DemoMod:Unity"]},{"damage_healed":0,"gold_gain":0,"player_choice":"Stole Relic","damage_taken":0,"relics_obtained":["Shuriken"],"max_hp_gain":0,"max_hp_loss":0,"event_name":"Addict","floor":21,"gold_loss":0,"cards_obtained":["Shame"]},{"damage_healed":0,"gold_gain":0,"player_choice":"Bought 0 Potions","damage_taken":0,"max_hp_gain":0,"max_hp_loss":0,"event_name":"The Woman in Blue","floor":22,"gold_loss":0},{"damage_healed":0,"gold_gain":99,"player_choice":"Steal","damage_taken":0,"max_hp_gain":0,"max_hp_loss":0,"event_name":"betterThird:BetterNest","floor":30,"gold_loss":0},{"damage_healed":0,"gold_gain":275,"player_choice":"Desecrate","damage_taken":0,"max_hp_gain":0,"max_hp_loss":0,"event_name":"Golden Shrine","floor":38,"gold_loss":0,"cards_obtained":["Regret"]}],"is_beta":false,"boss_relics":[{"not_picked":["Philosopher\u0027s Stone","Empty Cage"],"picked":"DemoMod:Test1"},{"not_picked":["Coffee Dripper","Snecko Eye"],"picked":"Calling Bell"}],"items_purged_floors":[36],"is_endless":false,"potions_floor_spawned":[4,10,11,12,14,18],"killed_by":"Transient","ascension_level":0}}