{"host":"p1xsuo25udtrkbq2","time":1609963336,"event":{"mods":["BaseMod","Colored Map","Highlight Path","Minty Spire (QoL Compilation)","Rare Cards Sparkle","Relic Stats","Slay the Relics Exporter","StSLib","everything is the same but u backflip on backflip"],"gold_per_floor":[115,85,105,119,135,162,177,210,210,210,229,229,246,30,30,30,30],"floor_reached":16,"playtime":1531,"items_purged":[],"score":182,"play_id":"6559cb88-9cee-4e32-983e-554110524f48","local_time":"20210106150216","is_ascension_mode":true,"campfire_choices":[{"floor":10,"key":"REST"},{"data":"Shockwave","floor":12,"key":"SMITH"},{"data":"Corruption","floor":15,"key":"SMITH"}],"circlet_count":0,"master_deck":["AscendersBane","Strike_R","Strike_R","Strike_R","Strike_R","Strike_R","Defend_R","Defend_R","Defend_R","Defend_R","Bash","Clothesline","Wild Strike","Burning Pact","Combust","Shockwave+1","Iron Wave","Bloodletting","Metallicize","Impervious","Corruption+1"],"relics":["Burning Blood","NeowsBlessing","Smiling Mask","Potion Belt","Regal Pillow"],"acts_visited":["Exordium"],"potions_floor_usage":[6,13,16],"damage_taken":[{"damage":0,"enemies":"Jaw Worm","floor":1,"turns":1},{"damage":0,"enemies":"Cultist","floor":3,"turns":1},{"damage":0,"enemies":"Small Slimes","floor":4,"turns":1},{"damage":1,"enemies":"2 Fungi Beasts","floor":5,"turns":3},{"damage":22,"enemies":"Gremlin Nob","floor":6,"turns":4},{"damage":28,"enemies":"Gremlin Gang","floor":7,"turns":5},{"damage":30,"enemies":"3 Sentries","floor":8,"turns":7},{"damage":4,"enemies":"3 Louse","floor":11,"turns":2},{"damage":19,"enemies":"Large Slime","floor":13,"turns":5},{"damage":47,"enemies":"The Guardian","floor":16,"turns":11}],"seed_played":"5643443757239651259","potions_obtained":[{"floor":2,"key":"LiquidBronze"},{"floor":2,"key":"LiquidMemories"},{"floor":4,"key":"AttackPotion"},{"floor":6,"key":"Fruit Juice"},{"floor":11,"key":"PowerPotion"}],"is_trial":false,"path_per_floor":["M","?","M","M","M","E","M","E","T","R","M","R","M","$","R","B"],"character_chosen":"IRONCLAD","items_purchased":["Impervious","Corruption"],"campfire_rested":1,"item_purchase_floors":[14,14],"current_hp_per_floor":[78,78,80,80,80,64,42,18,18,57,59,59,46,46,46,0,0],"gold":30,"neow_bonus":"THREE_ENEMY_KILL","is_daily":false,"chose_seed":false,"campfire_upgraded":2,"win_rate":0.0,"timestamp":1609963336,"path_taken":["M","?","M","M","M","E","M","E","T","R","M","R","?","$","R","BOSS"],"items_purchased_type":["Card","Card"],"build_version":"2020-12-22","purchased_purges":0,"victory":false,"max_hp_per_floor":[80,80,80,80,80,80,80,80,80,80,80,80,80,80,80,80,80],"relic_stats":{"Regal Pillow":15,"counters":[10,40],"Smiling Mask":0,"obtain_stats":[{"Potion Belt":8,"Regal Pillow":9,"NeowsBlessing":0,"Smiling Mask":6,"Burning Blood":0},{"Potion Belt":7,"Regal Pillow":7,"NeowsBlessing":0,"Smiling Mask":5,"Burning Blood":0},{"Potion Belt":22,"Regal Pillow":22,"NeowsBlessing":0,"Smiling Mask":10,"Burning Blood":0}],"Burning Blood":39},"card_choices":[{"not_picked":["Anger","Sword Boomerang"],"picked":"Clothesline","floor":1},{"not_picked":["Heavy Blade","Dropkick"],"picked":"Wild Strike","floor":3},{"not_picked":["Wild Strike","Cleave"],"picked":"Burning Pact","floor":4},{"not_picked":["Thunderclap","Sword Boomerang"],"picked":"Combust","floor":5},{"not_picked":["Uppercut","Armaments"],"picked":"Shockwave","floor":6},{"not_picked":["True Grit","Infernal Blade"],"picked":"Iron Wave","floor":7},{"not_picked":["Dual Wield","Searing Blow"],"picked":"Bloodletting","floor":8},{"not_picked":["Clash","Warcry","Dual Wield"],"picked":"SKIP","floor":11},{"not_picked":["Intimidate","Exhume"],"picked":"Metallicize","floor":13}],"player_experience":864259,"relics_obtained":[{"floor":6,"key":"Smiling Mask"},{"floor":8,"key":"Potion Belt"},{"floor":9,"key":"Regal Pillow"}],"event_choices":[{"damage_healed":0,"gold_gain":0,"player_choice":"Bought 2 Potions","damage_taken":0,"max_hp_gain":0,"max_hp_loss":0,"event_name":"The Woman in Blue","floor":2,"gold_loss":0}],"is_beta":false,"boss_relics":[],"items_purged_floors":[],"is_endless":false,"potions_floor_spawned":[3,4,6,11],"killed_by":"The Guardian","ascension_level":12}}