{"host":"uxx7prhn9zlu6i2v","time":1609894064,"event":{"mods":["100% Spire Juice","2.2 Compatiblity","AchievementEnabler","Act Like it!","Bard","BaseMod","Better Altar","Better Match","Better Note","Better Sensory Stone","Better Skull","Better Third Choice","CapriCore","ChefMod","Colored Powertips","Conspire","Faster Ascension Climbing","Gensokyo","GifTheSpireLib","Hermit","Hubris","KomeijiMod","Lobotomy","LobotomyExtend","Marisa????????","Minty Spire (QoL Compilation)","Permanent Neow","Quick Restart","RNG Fix","Rare Cards Sparkle","Reimu??????","Relic Filter","Relic Sorter","Relic Stats","Replay The Spire","Reworked Bosses","Spicy Shops","StSLib","Stuff the Spire","The Administrix","The Blue Laboratory","The Bug Knight","The Immortal","Yakumo Yukari mod","??????REMEMod"],"gold_per_floor":[140,65,15,15,15,15,46,46,46,66,66,280,610,223,223,320,320,330,21,34,284,384,384,398,425,501,501,529,529,529,6,6,111,111,130,144,164,164,164,164,164,181,181,198,44,261,1,1,1,1],"floor_reached":51,"playtime":3618,"items_purged":["Pain","AT_purpleEX","AT_purpleEX","AT_purpleEX","BigBird","Defend_purpleEX","Defend_purpleEX"],"score":787,"play_id":"15cd14b2-0217-41f3-bdf8-b1e1eb9a7b20","local_time":"20210105184744","is_ascension_mode":false,"campfire_choices":[{"data":"Observe_purple_2","floor":6,"key":"SMITH"},{"data":"Charmbait_purple","floor":8,"key":"SMITH"},{"data":"StateErode_purple","floor":11,"key":"SMITH"},{"data":"LoveAcrossDimensions_purple","floor":15,"key":"SMITH"},{"data":"WangLiang_LineAndCurveDreams_purple","floor":23,"key":"SMITH"},{"data":"Mirror_FourBoundary_purple","floor":30,"key":"SMITH"},{"data":"CommonSense_AntiCommonSense_purple","floor":32,"key":"SMITH"},{"floor":49,"key":"REST"}],"circlet_count":0,"master_deck":["ApocalypseBird","PunishingBird","LongBird","Defend_purpleEX","Defend_purpleEX","Observe_purple_1+1","Observe_purple_2+1","Charmbait_purple+1","StateErode_purple+1","SpiderBud","Boundary_LightAndDark_purple","LoveAcrossDimensions_purple+1","WangLiang_LineAndCurveDreams_purple+1","Boundary_LifeAndDeath_purple+1","Dazed","Fancifulhole_purple+1","Observe_purple_2+1","Mirror_FormAndEmptin_purple+1","VoidDream","Charmbait_purple+1","Umbrella_purple+1","CommonSense_AntiCommonSense_purple+1","Mirror_FourBoundary_purple+1","OmniscientAndOmnipotent_Monster_purple+1","BarrageBoundary_PipeDream_purple+1","MeetDecomposer_purple+1","UniverseFragment","Dazed","EighthInstrument_OneDividesIntoTwo_purple+1","DimensionStaggered_purple+1","Offering+1"],"relics":["Boundary_crack","TreeSap","KyoryuNoHagoromo","Twilight","Memoryfragments_purpleEX","REME_ComplimentaryCards","CogitoBucket","RabbitCall","LetterFromLob","Gensokyo:LunaticRedEyes","Iron Hammer","Counterbalance","Replay:Bottled Snecko","StuffTheSpire:CocoNut","Gambling Chip","Lee\u0027s Waffle","Sozu","Theresia","DollysMirror","Lizard Tail","StoneCalendar","StuffTheSpire:Rhapsscallions","HollowMod:LifeEnderRelic","Gaze_r","Gremlin Food","hubris:Icosahedron","Membership Card","Molten Egg 2","SkinProphecy","hubris:Towel","Toxic Egg 2","AtMidnight","Guide Book","Frozen Eye"],"acts_visited":["Gensokyo:Gensokyo","Gensokyo:Gensokyoer","Gensokyo:Gensokyoest"],"potions_floor_usage":[],"damage_taken":[{"damage":0,"enemies":"Gensokyo:Python","floor":1,"turns":4},{"damage":16,"enemies":"Gensokyo:Aya","floor":7,"turns":7},{"damage":6,"enemies":"Gensokyo:Gryphon","floor":10,"turns":3},{"damage":0,"enemies":"Gensokyo:2_Kodama","floor":12,"turns":3},{"damage":19,"enemies":"Gensokyo:Mamizou","floor":13,"turns":4},{"damage":4,"enemies":"Gensokyo:Reimu","floor":16,"turns":4},{"damage":0,"enemies":"Gensokyo:AngelMirror","floor":18,"turns":1},{"damage":5,"enemies":"Gensokyo:3_Dogs","floor":20,"turns":3},{"damage":0,"enemies":"Gensokyo:3_Dogs","floor":22,"turns":4},{"damage":0,"enemies":"Gensokyo:Chomper_and_Gloop","floor":24,"turns":2},{"damage":24,"enemies":"Gensokyo:Reisen","floor":25,"turns":3},{"damage":0,"enemies":"Gensokyo:Monolith_and_Dog","floor":27,"turns":2},{"damage":1,"enemies":"Gensokyo:Koishi","floor":28,"turns":3},{"damage":18,"enemies":"Gensokyo:Kaguya","floor":33,"turns":5},{"damage":0,"enemies":"Gensokyo:3_Bats","floor":35,"turns":2},{"damage":0,"enemies":"Gensokyo:3_Boulders","floor":36,"turns":3},{"damage":0,"enemies":"Gensokyo:Dusk_and_Dawn","floor":37,"turns":2},{"damage":7,"enemies":"Gensokyo:Kasen","floor":41,"turns":6},{"damage":0,"enemies":"Gensokyo:4_Bats","floor":42,"turns":1},{"damage":2,"enemies":"Gensokyo:AtlasGolem","floor":44,"turns":4},{"damage":17,"enemies":"Gensokyo:Yuyuko","floor":50,"turns":5},{"damage":1,"enemies":"Malkuth","floor":51,"turns":7},{"damage":16,"enemies":"Hod","floor":51,"turns":8},{"damage":41,"enemies":"Geburah","floor":51,"turns":7},{"damage":6,"enemies":"Binah","floor":51,"turns":10},{"damage":96,"enemies":"Angela","floor":51,"turns":10}],"seed_played":"-4680391381465075597","potions_obtained":[{"floor":7,"key":"GrandPatriotsElixir:ReiMu"}],"is_trial":false,"path_per_floor":["M","?","COS","?","$","R","E","R","T","M","R","M","?","$","R","B",null,"M","$","M","?","?","R","M","E","T","M","E","?","R","$","R","B",null,"M","M","M","?","?","?","E","M","T","M","$","?","$","?","R","B",null],"character_chosen":"Youkari","items_purchased":["Iron Hammer","Counterbalance","Lee\u0027s Waffle","WangLiang_LineAndCurveDreams_purple","Fancifulhole_purple","DollysMirror","Membership Card","Molten Egg 2","OmniscientAndOmnipotent_Monster_purple+1","Guide Book","Frozen Eye"],"campfire_rested":1,"item_purchase_floors":[5,5,14,14,19,19,31,31,31,45,47],"current_hp_per_floor":[70,70,70,70,29,29,20,20,27,23,23,25,8,84,84,82,84,84,84,81,79,79,79,79,58,58,73,72,72,72,72,72,54,81,81,82,78,78,78,78,67,64,64,56,56,34,34,34,61,64],"gold":1,"neow_bonus":"","is_daily":false,"chose_seed":false,"campfire_upgraded":7,"win_rate":0.0,"timestamp":1609894064,"path_taken":["M","?","COS","?","?","R","E","R","T","M","R","?","?","?","R","BOSS","M","?","M","?","?","R","M","E","T","M","E","?","R","$","R","BOSS","M","M","M","?","?","?","E","?","T","M","?","?","?","?","R","BOSS"],"items_purchased_type":["Relic","Relic","Relic","Card","Card","Relic","Relic","Relic","Card","Relic","Relic"],"build_version":"2020-12-22","purchased_purges":7,"victory":true,"max_hp_per_floor":[70,70,70,70,70,70,70,70,77,77,77,77,77,84,84,84,84,84,84,84,79,79,79,79,81,81,81,81,81,81,81,81,81,81,81,83,85,85,85,85,87,89,89,93,93,93,93,93,93,95],"relic_stats":{"Sozu":4,"Lee\u0027s Waffle":76,"Lizard Tail":0,"counters":[29,116],"Gambling Chip":[69],"StoneCalendar":[145],"obtain_stats":[{"RabbitCall":0,"StuffTheSpire:Rhapsscallions":25,"StoneCalendar":22,"Twilight":41,"SkinProphecy":35,"Gensokyo:LunaticRedEyes":4,"Sozu":17,"Frozen Eye":28,"CogitoBucket":0,"Lizard Tail":22,"hubris:Icosahedron":29,"DollysMirror":19,"Gambling Chip":13,"TreeSap":44,"Iron Hammer":5,"Replay:Bottled Snecko":7,"Toxic Egg 2":43,"Gremlin Food":28,"Lee\u0027s Waffle":14,"HollowMod:LifeEnderRelic":26,"Counterbalance":5,"Guide Book":45,"Boundary_crack":0,"hubris:Towel":39,"KyoryuNoHagoromo":34,"Gaze_r":27,"AtMidnight":44,"StuffTheSpire:CocoNut":9,"Molten Egg 2":31,"LetterFromLob":1,"Membership Card":31,"Theresia":18,"Memoryfragments_purpleEX":0,"REME_ComplimentaryCards":0},{"RabbitCall":0,"StuffTheSpire:Rhapsscallions":12,"StoneCalendar":10,"Twilight":20,"SkinProphecy":17,"Gensokyo:LunaticRedEyes":1,"Sozu":6,"Frozen Eye":13,"CogitoBucket":0,"Lizard Tail":10,"hubris:Icosahedron":14,"DollysMirror":8,"Gambling Chip":5,"TreeSap":23,"Iron Hammer":1,"Replay:Bottled Snecko":2,"Toxic Egg 2":21,"Gremlin Food":14,"Lee\u0027s Waffle":5,"HollowMod:LifeEnderRelic":12,"Counterbalance":1,"Guide Book":23,"Boundary_crack":0,"hubris:Towel":19,"KyoryuNoHagoromo":15,"Gaze_r":13,"AtMidnight":23,"StuffTheSpire:CocoNut":2,"Molten Egg 2":14,"LetterFromLob":1,"Membership Card":14,"Theresia":8,"Memoryfragments_purpleEX":0,"REME_ComplimentaryCards":0},{"RabbitCall":0,"StuffTheSpire:Rhapsscallions":39,"StoneCalendar":34,"Twilight":63,"SkinProphecy":52,"Gensokyo:LunaticRedEyes":4,"Sozu":25,"Frozen Eye":41,"CogitoBucket":0,"Lizard Tail":34,"hubris:Icosahedron":44,"DollysMirror":27,"Gambling Chip":21,"TreeSap":69,"Iron Hammer":4,"Replay:Bottled Snecko":11,"Toxic Egg 2":64,"Gremlin Food":44,"Lee\u0027s Waffle":21,"HollowMod:LifeEnderRelic":39,"Counterbalance":4,"Guide Book":69,"Boundary_crack":0,"hubris:Towel":57,"KyoryuNoHagoromo":49,"Gaze_r":41,"AtMidnight":69,"StuffTheSpire:CocoNut":11,"Molten Egg 2":44,"LetterFromLob":4,"Membership Card":44,"Theresia":27,"Memoryfragments_purpleEX":0,"REME_ComplimentaryCards":0}]},"card_choices":[{"not_picked":["Murderer","Laetitia"],"picked":"PunishingBird","floor":1},{"not_picked":["DarkRealmRedLine_purple","WorldDissolvedintheRealm_purple"],"picked":"Charmbait_purple","floor":1},{"not_picked":["Scorched","FairyFestival"],"picked":"LongBird","floor":7},{"not_picked":["BarrageBoundary_PipeDream_purple","StretchesForeverDream_purple"],"picked":"StateErode_purple","floor":7},{"not_picked":["ShyLook","WallGazer"],"picked":"SpiderBud","floor":10},{"not_picked":["Boundary_of_Extermination_purpleEX","WatchEChange_purple","Realm_recovery_purpleEX"],"picked":"SKIP","floor":10},{"not_picked":["FairyFestival","SnowQueen","CrumblingArmor"],"picked":"Singing Bowl","floor":12},{"not_picked":["Realm_recovery_purpleEX","ExistenceContinue_purple"],"picked":"Boundary_LightAndDark_purple","floor":12},{"not_picked":["Rudolta","LittleHelper","BigBadWolf"],"picked":"Singing Bowl","floor":13},{"not_picked":["Charmbait_purple","Worldmountain_purple"],"picked":"LoveAcrossDimensions_purple","floor":13},{"not_picked":["BeautyBeast","OldLady","OSAHOGD"],"picked":"Singing Bowl","floor":16},{"not_picked":["LoveAcrossDimensions_purple","ContainerChange_purple"],"picked":"Boundary_LifeAndDeath_purple","floor":16},{"not_picked":["Rudolta","DreamingCurrent","FairyFestival"],"picked":"Singing Bowl","floor":18},{"not_picked":["AdvanceAttack_purple","Shallow_ocean_purpleEX"],"picked":"StateErode_purple","floor":18},{"not_picked":["Variant","Mercenary","OldLady"],"picked":"Singing Bowl","floor":20},{"not_picked":["OmniscientAndOmnipotent_Monster_purple","SharpContractionReality_purple"],"picked":"Mirror_FormAndEmptin_purple","floor":20},{"not_picked":["SingingMachine","BlueStar","Woodsman"],"picked":"Singing Bowl","floor":22},{"not_picked":["LittleHelper","Yin"],"picked":"VoidDream","floor":22},{"not_picked":["StateErode_purple","Boundary_DreamRealityDamnation_purple"],"picked":"Charmbait_purple+1","floor":22},{"not_picked":["WallGazer","RedShoes","BlackSwan"],"picked":"Singing Bowl","floor":24},{"not_picked":["Mirror_FormAndEmptin_purple","Line_surface_state_purple"],"picked":"Umbrella_purple","floor":24},{"not_picked":["BigBadWolf","MeatLantern","Mercenary"],"picked":"Singing Bowl","floor":25},{"not_picked":["RuleDissolution_purple","Realm_recovery_purpleEX"],"picked":"CommonSense_AntiCommonSense_purple","floor":25},{"not_picked":["BeautyBeast","NakedNest","MeatLantern"],"picked":"Singing Bowl","floor":28},{"not_picked":["DarkRealmRedLine_purple","Shallow_ocean_purpleEX"],"picked":"Mirror_FourBoundary_purple","floor":28},{"not_picked":["Laetitia","Scorched","Rudolta"],"picked":"Singing Bowl","floor":33},{"not_picked":["WangLiang_OokamiKakushi_purple+1","MagicEyes_LaplaceDemon_purple"],"picked":"BarrageBoundary_PipeDream_purple+1","floor":33},{"not_picked":["Yin","BlackSwan","Mercenary"],"picked":"Singing Bowl","floor":35},{"not_picked":["Shallow_ocean_purpleEX+1","Line_surface_state_purple+1"],"picked":"MeetDecomposer_purple","floor":35},{"not_picked":["Woodsman","RedShoes","MHz"],"picked":"Singing Bowl","floor":36},{"not_picked":["WhitesApple","LittleHelper"],"picked":"UniverseFragment","floor":36},{"not_picked":["SfantasyHide_purple","Bait_HighSpeedFlying_purple+1"],"picked":"OpenedBox_purple","floor":36},{"not_picked":["Yin","RedShoes"],"picked":"BigBird","floor":37},{"not_picked":["Mirror_FormAndEmptin_purple+1","StateErode_purple+1"],"picked":"EighthInstrument_OneDividesIntoTwo_purple+1","floor":37},{"not_picked":["ShyLook","LittleHelper","GalaxyChild"],"picked":"Singing Bowl","floor":41},{"not_picked":["StateDuplicate_purple","Boundary_DreamRealityDamnation_purple+1"],"picked":"DimensionStaggered_purple+1","floor":41},{"not_picked":["Wellcheers","Variant","Freischutz"],"picked":"Singing Bowl","floor":42},{"not_picked":["Human_Monster_Realm_purple","ExternalForce_HighSpeedFlying_purple+1","SfantasyHide_purple"],"picked":"SKIP","floor":42},{"not_picked":["QueenOfHatred","DreamingCurrent","NothingThere"],"picked":"Singing Bowl","floor":44},{"not_picked":["StateErode_purple+1","Charmbait_purple+1","StateDuplicate_purple+1"],"picked":"SKIP","floor":44}],"player_experience":1840954,"relics_obtained":[{"floor":1,"key":"LetterFromLob"},{"floor":7,"key":"Replay:Bottled Snecko"},{"floor":9,"key":"StuffTheSpire:CocoNut"},{"floor":13,"key":"Gambling Chip"},{"floor":22,"key":"Lizard Tail"},{"floor":22,"key":"StoneCalendar"},{"floor":25,"key":"StuffTheSpire:Rhapsscallions"},{"floor":26,"key":"HollowMod:LifeEnderRelic"},{"floor":28,"key":"Gremlin Food"},{"floor":41,"key":"Twilight"},{"floor":43,"key":"Toxic Egg 2"},{"floor":44,"key":"AtMidnight"}],"event_choices":[{"damage_healed":0,"gold_gain":0,"player_choice":"2","damage_taken":0,"max_hp_gain":0,"max_hp_loss":0,"event_name":"betterMatch:BetterMatch","floor":2,"gold_loss":0,"cards_obtained":[]},{"damage_healed":0,"gold_gain":3,"player_choice":"1","damage_taken":0,"max_hp_gain":0,"max_hp_loss":0,"event_name":"betterStone:BetterStone","floor":40,"gold_loss":0},{"damage_healed":0,"gold_gain":217,"player_choice":"GO GO ","damage_taken":24,"relics_obtained":[],"max_hp_gain":0,"max_hp_loss":0,"event_name":"betterSkull:BetterSkull","floor":46,"gold_loss":0,"cards_upgraded":[]}],"is_beta":false,"boss_relics":[{"not_picked":["hubris:Stopwatch","hubris:BlackHole"],"picked":"Sozu"},{"not_picked":["Kintsugi","hubris:HollowSoul"],"picked":"KyoryuNoHagoromo"}],"items_purged_floors":[5,14,31,31,45,47,47],"is_endless":false,"potions_floor_spawned":[7,18,20,37,41],"ascension_level":0}}