{"host":"359hz4210ybch7ku","time":1609913835,"event":{"mods":["BaseMod","Block Reminder","Colored Map","Colored Powertips","Highlight Path","Minty Spire (QoL Compilation)","Slay the Relics Exporter","StSLib"],"gold_per_floor":[115,76,76,89,38,38,64,78,103,120,148,148,164,183,183,284,284,301,301,301,12,12,12,24,24,51,70,70,70],"floor_reached":28,"playtime":3803,"items_purged":[],"score":316,"play_id":"9fa752c3-77b2-4df5-8cd4-31753f6a94fd","local_time":"20210105221715","is_ascension_mode":true,"campfire_choices":[{"data":"Study","floor":12,"key":"SMITH"},{"data":"WaveOfTheHand","floor":15,"key":"SMITH"},{"data":"Eruption","floor":23,"key":"SMITH"},{"data":"Adaptation","floor":25,"key":"SMITH"}],"circlet_count":0,"master_deck":["Defend_P","Defend_P","Defend_P","Defend_P","Eruption+1","Vigilance","CarveReality","Study+1","Swivel","Protect","WaveOfTheHand+1","Adaptation+1","CarveReality","FollowUp","TalkToTheHand+1","Protect","LessonLearned","InnerPeace+1","Bite","Bite+1","Bite","Bite","Bite","Forethought","ClearTheMind+1","FollowUp"],"relics":["PureWater","NeowsBlessing","Nunchaku","Oddly Smooth Stone","Anchor","Centennial Puzzle","VioletLotus","Pen Nib","Blood Vial","Ancient Tea Set"],"acts_visited":["Exordium","TheCity"],"potions_floor_usage":[11,14,16,18,27,27,28],"damage_taken":[{"damage":0,"enemies":"Cultist","floor":1,"turns":1},{"damage":0,"enemies":"2 Louse","floor":4,"turns":1},{"damage":0,"enemies":"Gremlin Nob","floor":7,"turns":1},{"damage":0,"enemies":"Small Slimes","floor":8,"turns":6},{"damage":0,"enemies":"Blue Slaver","floor":10,"turns":5},{"damage":7,"enemies":"Lagavulin","floor":11,"turns":6},{"damage":3,"enemies":"Large Slime","floor":13,"turns":6},{"damage":0,"enemies":"3 Louse","floor":14,"turns":3},{"damage":28,"enemies":"The Guardian","floor":16,"turns":13},{"damage":36,"enemies":"2 Thieves","floor":18,"turns":5},{"damage":9,"enemies":"Shell Parasite","floor":24,"turns":5},{"damage":29,"enemies":"Snake Plant","floor":27,"turns":8},{"damage":51,"enemies":"Gremlin Leader","floor":28,"turns":5}],"seed_played":"-2029670742099198071","potions_obtained":[{"floor":1,"key":"AttackPotion"},{"floor":10,"key":"Fruit Juice"},{"floor":13,"key":"SteroidPotion"},{"floor":14,"key":"AttackPotion"},{"floor":18,"key":"EssenceOfSteel"},{"floor":24,"key":"Ancient Potion"}],"is_trial":false,"path_per_floor":["M","$","$","M","$","?","E","M","T","M","E","R","M","M","R","B",null,"M","?","?","$","?","R","M","R","T","M","E"],"character_chosen":"WATCHER","items_purchased":["Study","Protect","Blood Vial","Explosive Potion","Forethought"],"campfire_rested":0,"item_purchase_floors":[2,5,21,21,21],"current_hp_per_floor":[72,72,72,72,72,65,65,65,65,65,63,63,60,60,60,32,77,41,41,41,41,41,41,42,42,42,31,0,0],"gold":70,"neow_bonus":"THREE_ENEMY_KILL","is_daily":false,"chose_seed":false,"campfire_upgraded":4,"win_rate":0.0,"timestamp":1609913835,"path_taken":["M","?","$","?","$","?","E","M","T","M","E","R","M","M","R","BOSS","M","?","?","$","?","R","M","R","T","M","E"],"items_purchased_type":["Card","Card","Relic","Potion","Card"],"build_version":"2020-12-22","purchased_purges":0,"victory":false,"max_hp_per_floor":[72,72,72,72,72,72,72,72,72,72,77,77,77,77,77,77,77,77,77,53,53,53,53,53,53,53,53,53,53],"card_choices":[{"not_picked":["FlyingSleeves","Fasting2"],"picked":"CarveReality","floor":1},{"not_picked":["EmptyBody","ClearTheMind"],"picked":"Swivel","floor":4},{"not_picked":["Meditate","ReachHeaven"],"picked":"WaveOfTheHand","floor":7},{"not_picked":["Conclude","FlyingSleeves"],"picked":"Adaptation","floor":8},{"not_picked":["CutThroughFate","Halt"],"picked":"CarveReality","floor":10},{"not_picked":["InnerPeace","SandsOfTime"],"picked":"FollowUp","floor":11},{"not_picked":["WaveOfTheHand","Indignation"],"picked":"TalkToTheHand","floor":13},{"not_picked":["JustLucky","Study"],"picked":"Protect","floor":14},{"not_picked":["Vault","ConjureBlade"],"picked":"LessonLearned","floor":16},{"not_picked":["EmptyBody","Vengeance"],"picked":"InnerPeace+1","floor":18},{"not_picked":["CutThroughFate+1","PathToVictory+1"],"picked":"ClearTheMind+1","floor":24},{"not_picked":["Halt","ClearTheMind"],"picked":"FollowUp","floor":27}],"player_experience":148348,"relics_obtained":[{"floor":7,"key":"Oddly Smooth Stone"},{"floor":9,"key":"Anchor"},{"floor":11,"key":"Centennial Puzzle"},{"floor":26,"key":"Ancient Tea Set"}],"event_choices":[{"damage_healed":0,"gold_gain":0,"player_choice":"Success","damage_taken":7,"relics_obtained":["Nunchaku"],"max_hp_gain":0,"max_hp_loss":0,"event_name":"Scrap Ooze","floor":6,"gold_loss":0},{"damage_healed":0,"gold_gain":0,"player_choice":"Opened","damage_taken":0,"relics_obtained":["Pen Nib"],"max_hp_gain":0,"max_hp_loss":0,"event_name":"The Mausoleum","floor":19,"gold_loss":0},{"damage_healed":0,"gold_gain":0,"player_choice":"Became a vampire","damage_taken":0,"max_hp_gain":0,"max_hp_loss":24,"event_name":"Vampires","floor":20,"gold_loss":0,"cards_obtained":["Bite","Bite","Bite","Bite","Bite"]},{"damage_healed":0,"gold_gain":0,"player_choice":"Ignored","damage_taken":0,"max_hp_gain":0,"max_hp_loss":0,"event_name":"Ghosts","floor":22,"gold_loss":0}],"is_beta":false,"boss_relics":[{"not_picked":["Velvet Choker","SlaversCollar"],"picked":"VioletLotus"}],"items_purged_floors":[],"is_endless":false,"potions_floor_spawned":[1,10,13,14,18,24],"killed_by":"Gremlin Leader","ascension_level":3}}