{"host":"yvlk1m4foro8gl4v","time":1609913165,"event":{"mods":["AchievementEnabler","Act Like it!","BaseMod","Minty Spire (QoL Compilation)","Relic Stats","StSLib","The Servant 0.9.4","Uncapped"],"gold_per_floor":[117,131,143,160,180,180,105,123,150,167,4,31,31,56,56,159,159,178,453,198,212,226,226,101,113,166,191,203,250,281,303,315,327,327],"floor_reached":33,"playtime":1590,"items_purged":["Strike_R","Regret","Strike_R"],"score":410,"play_id":"22583d61-ec19-48ef-9314-c3ec4e78fee2","local_time":"20210106060605","is_ascension_mode":true,"campfire_choices":[{"data":"Disarm","floor":6.0,"key":"SMITH"},{"data":"Immolate","floor":13.0,"key":"SMITH"},{"data":"Bash","floor":15.0,"key":"SMITH"},{"data":"Rupture","floor":23.0,"key":"SMITH"},{"floor":32,"key":"REST"}],"circlet_count":0,"master_deck":["Strike_R+1","Defend_R+1","Defend_R+1","Defend_R+1","Bash+1","Cleave","Disarm+1","Shrug It Off","Sword Boomerang","Cleave","Immolate+1","Flash of Steel","Rupture+1","Brutality","Bludgeon+1","Sword Boomerang+1","Seeing Red+1","Rampage","Blood for Blood","Berserk"],"relics":["Burning Blood","Centennial Puzzle","Happy Flower","Mango","Blood Vial","Astrolabe","MawBank","Regal Pillow"],"acts_visited":["Exordium","TheCity"],"potions_floor_usage":[31,33],"damage_taken":[{"damage":7.0,"enemies":"Jaw Worm","floor":1.0,"turns":3.0},{"damage":1.0,"enemies":"Cultist","floor":2.0,"turns":3.0},{"damage":1.0,"enemies":"2 Louse","floor":3.0,"turns":2.0},{"damage":27.0,"enemies":"Exordium Wildlife","floor":4.0,"turns":5.0},{"damage":2.0,"enemies":"2 Fungi Beasts","floor":5.0,"turns":3.0},{"damage":11.0,"enemies":"Looter","floor":8.0,"turns":2.0},{"damage":17.0,"enemies":"Large Slime","floor":10.0,"turns":5.0},{"damage":32.0,"enemies":"Lagavulin","floor":12.0,"turns":6.0},{"damage":5.0,"enemies":"3 Sentries","floor":14.0,"turns":2.0},{"damage":9.0,"enemies":"Slime Boss","floor":16.0,"turns":6.0},{"damage":6.0,"enemies":"3 Byrds","floor":18.0,"turns":4.0},{"damage":25.0,"enemies":"Shell Parasite","floor":21.0,"turns":4.0},{"damage":20.0,"enemies":"Cultist and Chosen","floor":22.0,"turns":3.0},{"damage":1.0,"enemies":"Snecko","floor":25.0,"turns":3.0},{"damage":9.0,"enemies":"Chosen and Byrds","floor":27.0,"turns":3.0},{"damage":45.0,"enemies":"Book of Stabbing","floor":29.0,"turns":6.0},{"damage":14.0,"enemies":"Shelled Parasite and Fungi","floor":30.0,"turns":3.0},{"damage":1,"enemies":"Sentry and Sphere","floor":31,"turns":2},{"damage":77,"enemies":"Automaton","floor":33,"turns":6}],"seed_played":"-7580859520834282894","potions_obtained":[{"floor":2.0,"key":"Fire Potion"},{"floor":3.0,"key":"CultistPotion"},{"floor":5.0,"key":"FearPotion"},{"floor":21.0,"key":"Strength Potion"},{"floor":22.0,"key":"Dexterity Potion"},{"floor":25.0,"key":"SkillPotion"},{"floor":30.0,"key":"DistilledChaos"},{"floor":31,"key":"FearPotion"}],"is_trial":false,"path_per_floor":["M","M","M","M","M","R","$","M","T","M","$","E","R","E","R","B",null,"M","?","$","M","M","R","$","M","T","M","?","E","M","M","R","B"],"character_chosen":"IRONCLAD","items_purchased":["Regen Potion","Flash of Steel","Rampage","Blood for Blood"],"campfire_rested":1,"item_purchase_floors":[11,11,20,20],"current_hp_per_floor":[71,76,80,59,63,63,63,58,58,47,47,50,50,51,51,50,83,85,85,85,68,56,56,56,63,63,62,62,25,19,26,69,0,0],"gold":327,"neow_bonus":"RANDOM_COMMON_RELIC","is_daily":false,"chose_seed":false,"campfire_upgraded":4,"win_rate":0.0,"timestamp":1609913165,"path_taken":["M","M","M","M","M","R","$","M","T","M","$","E","R","E","R","BOSS","M","?","$","?","M","R","$","?","T","M","?","E","M","M","R","BOSS"],"items_purchased_type":["Potion","Card","Card","Card"],"build_version":"2020-12-22","purchased_purges":3,"victory":false,"max_hp_per_floor":[80,80,80,80,80,80,80,80,80,80,80,94,94,94,94,94,94,94,94,94,94,94,94,94,94,94,94,94,94,94,94,94,94,94],"relic_stats":{"Blood Vial":20,"Centennial Puzzle":[57],"Regal Pillow":15,"Happy Flower":[17],"counters":[19,71],"Astrolabe":["Bludgeon","Sword Boomerang","Seeing Red"],"MawBank":84,"obtain_stats":[{"Blood Vial":14,"Centennial Puzzle":0,"Regal Pillow":29,"Happy Flower":9,"Astrolabe":17,"Mango":12,"MawBank":26,"Burning Blood":0},{"Blood Vial":9,"Centennial Puzzle":0,"Regal Pillow":16,"Happy Flower":6,"Astrolabe":10,"Mango":8,"MawBank":14,"Burning Blood":0},{"Blood Vial":31,"Centennial Puzzle":0,"Regal Pillow":60,"Happy Flower":18,"Astrolabe":37,"Mango":29,"MawBank":51,"Burning Blood":0}],"Burning Blood":107},"card_choices":[{"not_picked":["Power Through","Sword Boomerang"],"picked":"Cleave","floor":1.0},{"not_picked":["Dark Embrace","Pommel Strike"],"picked":"Disarm","floor":2.0},{"not_picked":["Havoc","Anger"],"picked":"Shrug It Off","floor":3.0},{"not_picked":["Anger","Iron Wave"],"picked":"Sword Boomerang","floor":4.0},{"not_picked":["Anger","Clothesline"],"picked":"Cleave","floor":5.0},{"not_picked":["Flex","Feel No Pain"],"picked":"Immolate","floor":8.0},{"not_picked":["Heavy Blade","Intimidate","Clothesline"],"picked":"SKIP","floor":10.0},{"not_picked":["Battle Trance","Clothesline","Headbutt"],"picked":"SKIP","floor":12.0},{"not_picked":["Ghostly Armor","Burning Pact"],"picked":"Rupture","floor":14.0},{"not_picked":["Immolate","Offering"],"picked":"Brutality","floor":16.0},{"not_picked":["Iron Wave","Burning Pact","Heavy Blade"],"picked":"SKIP","floor":18.0},{"not_picked":["Sentinel","Warcry","Burning Pact"],"picked":"SKIP","floor":21.0},{"not_picked":["Clothesline+1","Wild Strike","Shrug It Off"],"picked":"SKIP","floor":22.0},{"not_picked":["Thunderclap","Cleave","Havoc"],"picked":"SKIP","floor":25.0},{"not_picked":["Fire Breathing","Perfected Strike+1","Cleave+1"],"picked":"SKIP","floor":27.0},{"not_picked":["Thunderclap","Flex"],"picked":"Berserk","floor":29.0},{"not_picked":["Inflame","Thunderclap","Headbutt+1"],"picked":"SKIP","floor":30.0},{"not_picked":["Anger","Combust","Clothesline"],"picked":"SKIP","floor":31}],"player_experience":726966,"relics_obtained":[{"floor":9.0,"key":"Happy Flower"},{"floor":12.0,"key":"Mango"},{"floor":14.0,"key":"Blood Vial"},{"floor":26.0,"key":"MawBank"},{"floor":29.0,"key":"Regal Pillow"}],"event_choices":[{"damage_healed":0.0,"max_hp_gain":0.0,"max_hp_loss":0.0,"gold_gain":275.0,"event_name":"Golden Shrine","player_choice":"Desecrate","floor":19.0,"gold_loss":0.0,"damage_taken":0.0,"cards_obtained":["Regret"]},{"damage_healed":0.0,"max_hp_gain":0.0,"max_hp_loss":0.0,"gold_gain":0.0,"event_name":"Back to Basics","player_choice":"Simplicity","floor":28.0,"gold_loss":0.0,"damage_taken":0.0,"cards_upgraded":["Strike_R","Defend_R","Defend_R","Defend_R"]}],"is_beta":false,"boss_relics":[{"not_picked":["Mark of Pain","Sozu"],"picked":"Astrolabe"}],"items_purged_floors":[7,20,24],"is_endless":false,"potions_floor_spawned":[2,3,5,8,10,21,22,25,30,31],"killed_by":"Automaton","ascension_level":9}}