{"host":"svwqvw2il1zfkkg0","time":1609967532,"event":{"mods":["AchievementEnabler","BaseMod","BetterRewards","Colored Map","Colored Powertips","Custom Start","Downfall","GifTheSpireLib","Highlight Path","Hubris","Infinite Spire","Minty Spire (QoL Compilation)","Quick Restart","Replay The Spire","Shop Mod","StSLib","SuperFastMode"],"gold_per_floor":[111,129,146,24,43,71,81,81,107,382,394,406,406,406,406,406,406],"floor_reached":16,"playtime":374,"items_purged":["Replay:UnknownCurse"],"score":104,"play_id":"97edb572-996e-4cb5-ab5d-5a65bbf300d6","local_time":"20210106131212","is_ascension_mode":false,"campfire_choices":[{"floor":8,"key":"REST"},{"floor":15,"key":"REST"}],"circlet_count":0,"master_deck":["Strike_G","Strike_G","Strike_G","Strike_G","Strike_G","Defend_G","Defend_G","Defend_G","Defend_G","Defend_G","Survivor","Neutralize","Glass Knife","Sucker Punch","Bane","Poisoned Stab","Dagger Spray","Flying Knee","Toxin Wave","Regret","Quick Slash","Slice"],"relics":["Ring of the Snake","PreservedInsect","Art of War","ReplayTheSpireMod:Lightbulb"],"acts_visited":["Exordium"],"potions_floor_usage":[6,6,16],"damage_taken":[{"damage":0,"enemies":"2 Louse","floor":1,"turns":2},{"damage":11,"enemies":"infinitespire:Voidling","floor":2,"turns":5},{"damage":0,"enemies":"Small Slimes","floor":3,"turns":2},{"damage":3,"enemies":"Blue Slaver","floor":5,"turns":3},{"damage":11,"enemies":"Lagavulin","floor":6,"turns":4},{"damage":6,"enemies":"3 Louse","floor":7,"turns":3},{"damage":7,"enemies":"Looter","floor":11,"turns":2},{"damage":2,"enemies":"Large Slime","floor":12,"turns":4},{"damage":68,"enemies":"The Guardian","floor":16,"turns":7}],"seed_played":"-4679624503995002927","potions_obtained":[{"floor":3,"key":"SpeedPotion"},{"floor":5,"key":"Strength Potion"},{"floor":6,"key":"SteroidPotion"}],"is_trial":false,"path_per_floor":["M","M","M","$","M","E","M","R","T","?","M","M","?","?","R","B"],"character_chosen":"THE_SILENT","items_purchased":["Poisoned Stab"],"campfire_rested":2,"item_purchase_floors":[4],"current_hp_per_floor":[70,66,66,66,63,52,46,67,67,67,60,58,46,46,67,0,0],"gold":406,"neow_bonus":"THREE_RARE_CARDS","is_daily":false,"chose_seed":false,"campfire_upgraded":0,"win_rate":0.0,"timestamp":1609967532,"path_taken":["M","M","M","$","M","E","M","R","T","?","?","M","?","?","R","BOSS"],"items_purchased_type":["Card"],"build_version":"2020-12-22","purchased_purges":1,"victory":false,"max_hp_per_floor":[70,70,70,70,70,70,70,70,70,70,70,70,70,70,70,70,70],"card_choices":[{"not_picked":["ReplayTheSpireMod:From All Sides","Atom Bomb"],"picked":"Glass Knife","floor":0},{"not_picked":["ReplayTheSpireMod:Speed Training","Leg Sweep"],"picked":"Sucker Punch","floor":1},{"not_picked":["Footwork","Blur","Predator"],"picked":"SKIP","floor":2},{"not_picked":["Tactician","Distraction"],"picked":"Bane","floor":3},{"not_picked":["Concentrate","Expertise"],"picked":"Dagger Spray","floor":5},{"not_picked":["Terror","PiercingWail"],"picked":"Flying Knee","floor":6},{"not_picked":["Infinite Blades","Dagger Throw"],"picked":"Toxin Wave","floor":7},{"not_picked":["Tactician","Backflip"],"picked":"Quick Slash","floor":11},{"not_picked":["Flying Knee","Sucker Punch"],"picked":"Slice","floor":12}],"player_experience":456425,"relics_obtained":[{"floor":6,"key":"PreservedInsect"},{"floor":9,"key":"Art of War"}],"event_choices":[{"damage_healed":0,"gold_gain":275,"player_choice":"Desecrate","damage_taken":0,"max_hp_gain":0,"max_hp_loss":0,"event_name":"Golden Shrine","floor":10,"gold_loss":0,"cards_obtained":["Regret"]},{"damage_healed":0,"gold_gain":0,"player_choice":"Success","damage_taken":12,"relics_obtained":["ReplayTheSpireMod:Lightbulb"],"max_hp_gain":0,"max_hp_loss":0,"event_name":"Scrap Ooze","floor":13,"gold_loss":0},{"damage_healed":0,"gold_gain":0,"player_choice":"Ignored","damage_taken":0,"max_hp_gain":0,"max_hp_loss":0,"event_name":"Golden Wing","floor":14,"gold_loss":0}],"is_beta":false,"boss_relics":[],"items_purged_floors":[4],"is_endless":false,"potions_floor_spawned":[3,5,6],"killed_by":"The Guardian","ascension_level":0}}