{"host":"p9t7qd83igtcp2bh","time":1609913361,"event":{"mods":["2.2 Compatiblity","AchievementEnabler","BaseMod","Colored Map","Colored Powertips","Custom Start","DeckTracker","Keyboard Shortcuts","Minty Spire (QoL Compilation)","Permanent Neow","Spicy Shops","StSLib","SuperFastMode","everything is the same but u backflip on backflip"],"gold_per_floor":[109,123,123,44,44,85,85,108,108,129,160,176,255,82,82,181,181,159,172,28,28,44,44,60,60,114,130,164,182,8,26,26,122,122,136,136,11,31,31,31,0,40,111,31,56,56,76,76,76,76,76,76,26,26,26],"floor_reached":54,"playtime":1831,"items_purged":["Strike_B","Strike_B","Strike_B"],"score":1220,"play_id":"c456cfe2-3751-4dcf-bab8-7ee9b13e7a89","local_time":"20210106150921","is_ascension_mode":true,"campfire_choices":[{"data":"Hologram","floor":7.0,"key":"SMITH"},{"floor":15.0,"key":"REST"},{"floor":23.0,"key":"REST"},{"data":"Echo Form","floor":25.0,"key":"SMITH"},{"floor":32.0,"key":"REST"},{"data":"Coolheaded","floor":40.0,"key":"SMITH"},{"floor":49,"key":"RECALL"},{"data":"Consume","floor":52,"key":"SMITH"}],"circlet_count":0,"master_deck":["AscendersBane","Strike_B","Defend_B","Defend_B","Defend_B","Defend_B","Zap","Dualcast","Coolheaded+1","Gash","Hologram+1","Rip and Tear","Glacier","All For One","Defragment+1","Gash","Echo Form+1","FTL","Compile Driver","BootSequence","Blizzard","Barrage+1","Go for the Eyes","Consume+1"],"relics":["Cracked Core","NeowsBlessing","Golden Idol","FaceOfCleric","Torii","White Beast Statue","Bag of Preparation","Darkstone Periapt","Inserter","TheAbacus","Art of War","Akabeko","Philosopher\u0027s Stone","Calipers","Red Mask","Bottled Tornado","Question Card","Eternal Feather"],"acts_visited":["Exordium","TheCity","TheBeyond","TheEnding"],"potions_floor_usage":[50,54],"damage_taken":[{"damage":0.0,"enemies":"2 Louse","floor":1.0,"turns":1.0},{"damage":0.0,"enemies":"Cultist","floor":2.0,"turns":1.0},{"damage":0.0,"enemies":"3 Sentries","floor":6.0,"turns":2.0},{"damage":0.0,"enemies":"Small Slimes","floor":8.0,"turns":2.0},{"damage":2.0,"enemies":"Exordium Wildlife","floor":10.0,"turns":6.0},{"damage":34.0,"enemies":"Gremlin Nob","floor":11.0,"turns":5.0},{"damage":1.0,"enemies":"Looter","floor":12.0,"turns":3.0},{"damage":31.0,"enemies":"Gremlin Nob","floor":13.0,"turns":4.0},{"damage":7.0,"enemies":"Hexaghost","floor":16.0,"turns":8.0},{"damage":40.0,"enemies":"2 Thieves","floor":18.0,"turns":5.0},{"damage":1.0,"enemies":"3 Byrds","floor":19.0,"turns":6.0},{"damage":9.0,"enemies":"Snake Plant","floor":22.0,"turns":6.0},{"damage":3.0,"enemies":"Shelled Parasite and Fungi","floor":24.0,"turns":10.0},{"damage":0.0,"enemies":"3 Cultists","floor":27.0,"turns":5.0},{"damage":9.0,"enemies":"Book of Stabbing","floor":28.0,"turns":7.0},{"damage":14.0,"enemies":"Snake Plant","floor":29.0,"turns":6.0},{"damage":1.0,"enemies":"Chosen and Byrds","floor":31.0,"turns":6.0},{"damage":9.0,"enemies":"Champ","floor":33.0,"turns":10.0},{"damage":1.0,"enemies":"3 Darklings","floor":35.0,"turns":6.0},{"damage":10.0,"enemies":"Orb Walker","floor":38.0,"turns":4.0},{"damage":10.0,"enemies":"Giant Head","floor":42.0,"turns":7.0},{"damage":2.0,"enemies":"Sphere and 2 Shapes","floor":45.0,"turns":7.0},{"damage":16,"enemies":"Maw","floor":47,"turns":7},{"damage":11,"enemies":"Donu and Deca","floor":50,"turns":10},{"damage":92,"enemies":"Shield and Spear","floor":54,"turns":8}],"seed_played":"-7780010570634333186","potions_obtained":[{"floor":2.0,"key":"Strength Potion"},{"floor":8.0,"key":"ColorlessPotion"},{"floor":10.0,"key":"LiquidMemories"},{"floor":11.0,"key":"FearPotion"},{"floor":12.0,"key":"LiquidBronze"},{"floor":13.0,"key":"SpeedPotion"},{"floor":16.0,"key":"FocusPotion"},{"floor":18.0,"key":"EssenceOfSteel"},{"floor":19.0,"key":"FocusPotion"},{"floor":22.0,"key":"SpeedPotion"},{"floor":24.0,"key":"Block Potion"},{"floor":27.0,"key":"Swift Potion"},{"floor":28.0,"key":"FearPotion"},{"floor":29.0,"key":"LiquidMemories"},{"floor":31.0,"key":"GamblersBrew"},{"floor":33.0,"key":"Energy Potion"},{"floor":35.0,"key":"DuplicationPotion"},{"floor":38.0,"key":"DistilledChaos"},{"floor":42.0,"key":"FocusPotion"},{"floor":45.0,"key":"Fruit Juice"},{"floor":47,"key":"FearPotion"}],"is_trial":false,"path_per_floor":["M","M","?","$","?","E","R","M","T","M","E","M","?","$","R","B",null,"M","M","$","?","M","R","M","R","T","M","E","M","$","M","R","B",null,"M","T","$","M","?","R","?","E","T","$","M","T","M","T","R","B",null,"R","$","E"],"character_chosen":"DEFECT","items_purchased":["Hologram","Gash","TheAbacus","Blizzard","Consume","Swift Potion"],"campfire_rested":3,"item_purchase_floors":[4,14,20,30,44,53],"current_hp_per_floor":[64,64,64,64,64,65,65,66,66,65,32,32,2,2,23,17,58,19,19,19,19,11,33,31,31,31,32,24,11,11,11,34,26,67,67,67,67,58,58,58,58,49,49,49,53,53,38,38,50,40,75,87,87,0,0],"gold":26,"neow_bonus":"THREE_ENEMY_KILL","is_daily":false,"chose_seed":false,"campfire_upgraded":4,"win_rate":0.0,"timestamp":1609913361,"path_taken":["M","M","?","$","?","E","R","M","T","M","E","?","?","?","R","BOSS","M","M","$","?","M","R","M","R","T","M","E","M","$","M","R","BOSS","M","?","$","M","?","R","?","E","T","$","M","?","M","?","R","BOSS","R","$","E"],"items_purchased_type":["Card","Card","Relic","Card","Card","Potion"],"build_version":"2020-12-22","purchased_purges":3,"victory":false,"max_hp_per_floor":[71,71,64,64,64,65,65,66,66,67,68,69,70,70,70,71,71,72,73,73,73,74,74,75,75,75,76,77,78,78,79,79,80,80,81,81,81,82,78,78,78,79,79,79,85,85,86,86,86,87,87,87,87,87,87],"card_choices":[{"not_picked":["Steam","Conserve Battery"],"picked":"Coolheaded","floor":1.0},{"not_picked":["Steam","Beam Cell"],"picked":"Gash","floor":2.0},{"not_picked":["Coolheaded","Tempest"],"picked":"Rip and Tear","floor":6.0},{"not_picked":["Steam","Ball Lightning"],"picked":"Glacier","floor":8.0},{"not_picked":["Gash","Streamline"],"picked":"All For One","floor":10.0},{"not_picked":["Conserve Battery","Loop","Steam Power"],"picked":"SKIP","floor":11.0},{"not_picked":["Loop","Fusion"],"picked":"Defragment","floor":12.0},{"not_picked":["Reboot","Rainbow"],"picked":"Echo Form","floor":16.0},{"not_picked":["Stack","Compile Driver"],"picked":"FTL","floor":18.0},{"not_picked":["Glacier","Sweeping Beam","Static Discharge"],"picked":"SKIP","floor":19.0},{"not_picked":["Stack","Cold Snap","Leap"],"picked":"SKIP","floor":22.0},{"not_picked":["Reprogram","Storm","Rebound"],"picked":"SKIP","floor":24.0},{"not_picked":["Reprogram","Storm","Rebound"],"picked":"SKIP","floor":24.0},{"not_picked":["Reprogram","Storm","Rebound"],"picked":"SKIP","floor":24.0},{"not_picked":["Leap","Compile Driver","Darkness"],"picked":"SKIP","floor":27.0},{"not_picked":["Leap","Darkness"],"picked":"Compile Driver","floor":27.0},{"not_picked":["Coolheaded","Hello World"],"picked":"BootSequence","floor":28.0},{"not_picked":["Gash","Compile Driver","Conserve Battery"],"picked":"SKIP","floor":29.0},{"not_picked":["Thunder Strike","Rebound","Turbo"],"picked":"SKIP","floor":31.0},{"not_picked":["Glacier","Sunder","Steam"],"picked":"SKIP","floor":35.0},{"not_picked":["Scrape","Cold Snap"],"picked":"Barrage+1","floor":38.0},{"not_picked":["Lockon","Conserve Battery"],"picked":"Go for the Eyes","floor":42.0},{"not_picked":["Steam","Glacier","Conserve Battery"],"picked":"SKIP","floor":45.0},{"not_picked":["Undo","Steam","Turbo","Leap"],"picked":"SKIP","floor":47}],"player_experience":594550,"relics_obtained":[{"floor":6.0,"key":"Torii"},{"floor":9.0,"key":"White Beast Statue"},{"floor":11.0,"key":"Bag of Preparation"},{"floor":13.0,"key":"Darkstone Periapt"},{"floor":26.0,"key":"Art of War"},{"floor":28.0,"key":"Akabeko"},{"floor":36.0,"key":"Calipers"},{"floor":42.0,"key":"Bottled Tornado"},{"floor":46.0,"key":"Question Card"},{"floor":48,"key":"Eternal Feather"}],"event_choices":[{"damage_healed":0.0,"max_hp_gain":0.0,"max_hp_loss":7.0,"gold_gain":0.0,"event_name":"Golden Idol","player_choice":"Lose Max HP","floor":3.0,"gold_loss":0.0,"damage_taken":0.0,"relics_obtained":["Golden Idol"]},{"damage_healed":0.0,"max_hp_gain":0.0,"max_hp_loss":0.0,"gold_gain":0.0,"event_name":"FaceTrader","player_choice":"Trade","floor":5.0,"gold_loss":0.0,"damage_taken":0.0,"relics_obtained":["FaceOfCleric"]},{"damage_healed":0.0,"max_hp_gain":0.0,"max_hp_loss":0.0,"gold_gain":0.0,"event_name":"Dead Adventurer","player_choice":"Searched \u00272\u0027 times","floor":13.0,"gold_loss":0.0,"damage_taken":0.0},{"damage_healed":0.0,"max_hp_gain":0.0,"max_hp_loss":0.0,"gold_gain":0.0,"event_name":"Accursed Blacksmith","player_choice":"Forge","floor":21.0,"gold_loss":0.0,"damage_taken":0.0,"cards_upgraded":["Defragment"]},{"damage_healed":0.0,"max_hp_gain":0.0,"max_hp_loss":4.0,"gold_gain":0.0,"event_name":"Winding Halls","player_choice":"Max HP","floor":39.0,"gold_loss":0.0,"damage_taken":0.0},{"damage_healed":0.0,"max_hp_gain":0.0,"max_hp_loss":0.0,"gold_gain":0.0,"event_name":"Tomb of Lord Red Mask","player_choice":"Paid","floor":41.0,"gold_loss":31.0,"damage_taken":0.0,"relics_obtained":["Red Mask"]}],"is_beta":false,"boss_relics":[{"not_picked":["SacredBark","Calling Bell"],"picked":"Inserter"},{"not_picked":["Busted Crown","Velvet Choker"],"picked":"Philosopher\u0027s Stone"}],"items_purged_floors":[14,30,37],"is_endless":false,"potions_floor_spawned":[2,8,10,11,12,13,16,18,19,22,24,27,28,29,31,33,35,38,42,45,47],"killed_by":"Shield and Spear","ascension_level":15}}