{"host":"f8lbor5qtgiy08rh","time":1609912219,"event":{"mods":["Aspiration","BaseMod","Better Match","Card Forge","Colored Map","Downfall","GifTheSpireLib","Hermit","Infinite Spire","Jedi Mod","Minty Spire (QoL Compilation)","Rare Cards Sparkle","Relic Sorter","Replay The Spire","StSLib","Stuff the Spire","The Construct","The Cursed","Unceasing Turn Reminder"],"gold_per_floor":[109,203,203,478,8,8,29,44,44,69,69,93,93,116,116,242,242,266,266,305,305,305],"floor_reached":21,"playtime":1113,"items_purged":[],"score":171,"play_id":"d8db30cf-7c82-4df5-b6eb-62bd6c055ba4","local_time":"20210106005019","is_ascension_mode":false,"campfire_choices":[{"data":"hermit:Maintenance","floor":6,"key":"SMITH"},{"data":"hermit:Determination","floor":11,"key":"SMITH"},{"floor":13,"key":"REST"},{"floor":15,"key":"REST"}],"circlet_count":0,"master_deck":["hermit:Strike_Hermit","hermit:Strike_Hermit","hermit:Strike_Hermit","hermit:Strike_Hermit","hermit:Defend_Hermit","hermit:Defend_Hermit","hermit:Defend_Hermit","hermit:Defend_Hermit","hermit:Snapshot","hermit:Covet","hermit:Determination+1","ReplayTheSpireMod:Splinters","hermit:Feint","hermit:TrackingShot+1","hermit:Maintenance+1","Injury","Regret","hermit:TakeAim","hermit:Grudge+1","hermit:HoleUp","hermit:EyeOfTheStorm","hermit:WideOpen","hermit:Headshot","hermit:Headshot","hermit:DeadOrAlive","hermit:ItchyTrigger","hermit:Dive"],"relics":["hermit:Momento","Hammer of Thor","Anvil of the Gods","Seething Fire","aspiration:Nostalgia","Burning Blood","Golden Idol","Bird Faced Urn","Whetstone","Philosopher\u0027s Stone"],"acts_visited":["Exordium","TheCity"],"potions_floor_usage":[16],"damage_taken":[{"damage":5,"enemies":"Small Slimes","floor":1,"turns":4},{"damage":8,"enemies":"2 Louse","floor":7,"turns":2},{"damage":0,"enemies":"Cultist","floor":8,"turns":4},{"damage":3,"enemies":"3 Louse","floor":10,"turns":3},{"damage":10,"enemies":"Looter","floor":12,"turns":4},{"damage":20,"enemies":"Lots of Slimes","floor":14,"turns":3},{"damage":53,"enemies":"Slime Boss","floor":16,"turns":12},{"damage":66,"enemies":"3 Byrds","floor":18,"turns":7},{"damage":11,"enemies":"Spheric Guardian","floor":20,"turns":4},{"damage":22,"enemies":"Centurion and Healer","floor":21,"turns":2}],"seed_played":"-2711913730018257083","potions_obtained":[{"floor":7,"key":"DuplicationPotion"},{"floor":14,"key":"jedi:mysterypotion"},{"floor":20,"key":"SpeedPotion"}],"is_trial":false,"path_per_floor":["M","?","?","?","$","R","M","M","T","M","R","M","R","M","R","B",null,"M","?","M","M"],"character_chosen":"HERMIT","items_purchased":["Bird Faced Urn","hermit:TakeAim","hermit:Grudge"],"campfire_rested":2,"item_purchase_floors":[5,5,5],"current_hp_per_floor":[75,75,75,75,75,75,73,75,75,75,75,71,75,61,75,30,75,17,17,16,0,0],"gold":305,"neow_bonus":"NOSTALGIA","is_daily":false,"chose_seed":false,"campfire_upgraded":2,"win_rate":0.0,"timestamp":1609912219,"path_taken":["M","?","?","?","$","R","?","M","T","M","R","M","R","M","R","BOSS","M","?","M","M"],"items_purchased_type":["Relic","Card","Card"],"build_version":"2020-12-22","purchased_purges":0,"victory":false,"max_hp_per_floor":[75,75,75,75,75,75,75,75,75,75,75,75,75,75,75,75,75,75,75,75,75,75],"card_choices":[{"not_picked":["hermit:Dive","hermit:BodyArmor"],"picked":"hermit:Determination","floor":1},{"not_picked":["hermit:Coalescence","hermit:Manifest"],"picked":"hermit:Feint","floor":2},{"not_picked":["hermit:Combo","hermit:Roulette"],"picked":"hermit:TrackingShot","floor":2},{"not_picked":["hermit:TakeCover","hermit:LuckOfTheDraw"],"picked":"hermit:Maintenance","floor":2},{"not_picked":["hermit:Quickdraw","hermit:DeadMansHand"],"picked":"hermit:HoleUp","floor":7},{"not_picked":["hermit:Snipe","hermit:TakeAim"],"picked":"hermit:EyeOfTheStorm","floor":8},{"not_picked":["hermit:Vantage","hermit:Dive"],"picked":"hermit:WideOpen","floor":10},{"not_picked":["hermit:Desperado","hermit:Snipe"],"picked":"hermit:Headshot","floor":12},{"not_picked":["hermit:Quickdraw","hermit:Gestalt"],"picked":"hermit:Headshot","floor":14},{"not_picked":["hermit:FatalDesire","hermit:BlackWind"],"picked":"hermit:DeadOrAlive","floor":16},{"not_picked":["hermit:Snipe","hermit:Desperado"],"picked":"hermit:ItchyTrigger","floor":18},{"not_picked":["hermit:BodyArmor","hermit:Desperado+1"],"picked":"hermit:Dive","floor":20}],"player_experience":123197,"relics_obtained":[{"floor":9,"key":"Whetstone"}],"event_choices":[{"damage_healed":0,"gold_gain":0,"player_choice":"Take Wound","damage_taken":0,"relics_obtained":["Golden Idol"],"max_hp_gain":0,"max_hp_loss":0,"event_name":"Golden Idol","floor":3,"gold_loss":0,"cards_obtained":["Injury"]},{"damage_healed":0,"gold_gain":275,"player_choice":"Desecrate","damage_taken":0,"max_hp_gain":0,"max_hp_loss":0,"event_name":"Golden Shrine","floor":4,"gold_loss":0,"cards_obtained":["Regret"]},{"damage_healed":0,"gold_gain":0,"player_choice":"Ignored","damage_taken":0,"max_hp_gain":0,"max_hp_loss":0,"event_name":"Beggar","floor":19,"gold_loss":0}],"is_beta":false,"boss_relics":[{"not_picked":["aspiration:PoetsPen_weak","Velvet Choker"],"picked":"Philosopher\u0027s Stone"}],"items_purged_floors":[],"is_endless":false,"potions_floor_spawned":[7,14,20],"killed_by":"Centurion and Healer","ascension_level":0}}