{"host":"5fasz840ryq7obdf","time":1609895628,"event":{"mods":["2.2 Compatiblity","AchievementEnabler","BaseMod","Bestiary","Better Altar","Better Skull","Better Third Choice","BetterRewards","Block Reminder","Colored Powertips","Curses Come First","Downfall","Minty Spire (QoL Compilation)","Quick Restart","Relic Sorter","Relic Stats","Shop Mod","Spicy Shops","StSLib","SuperFastMode","ojb\u0027s Better Paths Mod","ojb\u0027s Info Mod"],"gold_per_floor":[99,116,216,366,384,413,413,427,427,441,366,366,366,51,64,166,166,166,185,205,218,7,7,52,71,88,113,31,31,60,60,72,173,173,98,108,108,108,124,124,199,124,150,168,185,185,51,65,76,76,76,76,76,76],"floor_reached":52,"playtime":6184,"items_purged":["Regret","hexamod:Defend"],"score":749,"play_id":"78f1b8c9-7e00-44db-b04e-dc53e33238b4","local_time":"20210106011348","is_ascension_mode":false,"campfire_choices":[{"data":"Sadistic Nature","floor":1.0,"key":"SMITH"},{"data":"hexamod:Float","floor":11.0,"key":"SMITH"},{"data":"hexamod:Rewind","floor":13.0,"key":"SMITH"},{"floor":18.0,"key":"RECALL"},{"data":"hexamod:SpectralAdrenaline","floor":23.0,"key":"SMITH"},{"data":"hexamod:GhostflameInferno","floor":35.0,"key":"SMITH"},{"data":"hexamod:GhostOfSpirePast","floor":42.0,"key":"SMITH"},{"data":"hexamod:RetreatToShadows","floor":46.0,"key":"SMITH"}],"circlet_count":0,"master_deck":["hexamod:Strike+1","hexamod:Strike","hexamod:Defend","hexamod:Defend","hexamod:Defend","hexamod:Sear","hexamod:Float+1","Sadistic Nature+1","hexamod:RetreatToShadows+1","hexamod:PhantomFireball+1","hexamod:StepThrough","hexamod:Rewind+1","hexamod:AdvancingGuard+1","hexamod:UnleashSpirits","hexamod:VolcanoVisage","hexamod:AdvancingGuard","hexamod:HauntingEcho","hexamod:VolcanoVisage","CurseOfTheBell","hexamod:FastForward","hexamod:BurningTouch+1","hexamod:Hexaguard","hexamod:SpectralAdrenaline+1","hexamod:HauntingEcho","hexamod:GhostflameInferno+1","hexamod:SpectersWail+1","hexamod:ThirdSeal","hexamod:GhostOfSpirePast+1","hexamod:SkipABeat+1","hexamod:EmpoweredFlame","hexamod:EmpoweredFlame","hexamod:EtherealExpedition+1","hexamod:WildfireWeapon","hexamod:SixthSeal","hexamod:Incineration","hexamod:Hexaguard+1","hexamod:BurningTouch","expansioncontent:DarkVoid","hexamod:ThermalTransfer","hexamod:FastForward","hexamod:StepThrough","hexamod:GhostOfSpireFuture+1","hexamod:AdvancingGuard","hexamod:GhostOfSpirePresent+1","hexamod:CatchUp+1","hexamod:HexaLevel","hexamod:StepThrough+1","hexamod:GhostOfSpirePast","hexamod:NightmareGuise","hexamod:RetreatToShadows+1","hexamod:FourthSeal"],"relics":["hexamod:SpiritBrand","Akabeko","Blue Candle","Ancient Tea Set","downfall:HeartBlessingGreen","Guardian:PocketSentry","Calling Bell","Boot","Gremlin Horn","Turnip","Bag of Marbles","Pen Nib","Juzu Bracelet","Meat on the Bone","hexamod:IceCube","downfall:HeartBlessingRed","downfall:HeartBlessingBlue","Incense Burner","Mummified Hand"],"acts_visited":["Exordium","TheCity","TheBeyond","TheEnding"],"potions_floor_usage":[],"damage_taken":[{"damage":4.0,"enemies":"Small Slimes","floor":2.0,"turns":2.0},{"damage":0.0,"enemies":"2 Louse","floor":5.0,"turns":2.0},{"damage":16.0,"enemies":"Lagavulin","floor":6.0,"turns":6.0},{"damage":0.0,"enemies":"Cultist","floor":8.0,"turns":3.0},{"damage":4.0,"enemies":"Exordium Wildlife","floor":10.0,"turns":3.0},{"damage":2.0,"enemies":"downfall:FleeingMerchant","floor":14.0,"turns":4.0},{"damage":0.0,"enemies":"Blue Slaver","floor":15.0,"turns":3.0},{"damage":16.0,"enemies":"downfall:Defect","floor":16.0,"turns":6.0},{"damage":8.0,"enemies":"Spheric Guardian","floor":19.0,"turns":4.0},{"damage":1.0,"enemies":"Shell Parasite","floor":20.0,"turns":4.0},{"damage":12.0,"enemies":"Snake Plant","floor":21.0,"turns":4.0},{"damage":1.0,"enemies":"downfall:FleeingMerchant","floor":22.0,"turns":4.0},{"damage":4.0,"enemies":"Shelled Parasite and Fungi","floor":25.0,"turns":5.0},{"damage":0.0,"enemies":"Centurion and Healer","floor":26.0,"turns":3.0},{"damage":3.0,"enemies":"Gremlin Leader","floor":27.0,"turns":5.0},{"damage":4.0,"enemies":"downfall:FleeingMerchant","floor":28.0,"turns":4.0},{"damage":2.0,"enemies":"Slavers","floor":30.0,"turns":5.0},{"damage":0.0,"enemies":"Cultist and Chosen","floor":32.0,"turns":4.0},{"damage":41.0,"enemies":"downfall:Ironclad","floor":33.0,"turns":7.0},{"damage":7.0,"enemies":"Orb Walker","floor":36.0,"turns":3.0},{"damage":5.0,"enemies":"3 Darklings","floor":39.0,"turns":5.0},{"damage":4.0,"enemies":"Nemesis","floor":43.0,"turns":5.0},{"damage":10.0,"enemies":"Writhing Mass","floor":44.0,"turns":6.0},{"damage":0.0,"enemies":"Sphere and 2 Shapes","floor":45.0,"turns":3.0},{"damage":3.0,"enemies":"downfall:FleeingMerchant","floor":47.0,"turns":4.0},{"damage":0.0,"enemies":"3 Darklings","floor":48.0,"turns":3.0},{"damage":10.0,"enemies":"Maw","floor":49.0,"turns":6.0},{"damage":37.0,"enemies":"downfall:Silent","floor":50.0,"turns":8.0},{"damage":96,"enemies":"downfall:CharBossMerchant","floor":52,"turns":7}],"seed_played":"-1762544635831036386","potions_obtained":[{"floor":2.0,"key":"SpeedPotion"},{"floor":8.0,"key":"Explosive Potion"},{"floor":19.0,"key":"SkillPotion"},{"floor":25.0,"key":"sneckomod:MuddlingPotion"},{"floor":30.0,"key":"SteroidPotion"},{"floor":32.0,"key":"Strength Potion"},{"floor":36.0,"key":"SpeedPotion"}],"is_trial":false,"path_per_floor":["R","M","?","?","M","E","T","M","?","M","R","?","R","$","M","B",null,"R","M","M","M","$","R","T","M","M","E","$","?","E","?","M","B",null,"R","M","?","?","M","?","T","R","E","M","M","R","$","M","M","B",null,"E"],"character_chosen":"THE_SPIRIT","items_purchased":["Guardian:PocketSentry","hexamod:AdvancingGuard","Bag of Marbles","hexamod:HauntingEcho","hexamod:EmpoweredFlame","Mummified Hand","hexamod:StepThrough","hexamod:GhostOfSpirePast"],"campfire_rested":0,"item_purchase_floors":[14,14,22,22,28,47,47,47],"current_hp_per_floor":[49,45,45,45,45,29,29,29,29,25,25,25,25,23,23,7,70,70,62,61,49,48,48,48,44,44,41,37,37,35,35,47,18,70,70,63,63,63,58,58,58,68,64,54,54,54,51,51,41,16,80,0,0,0],"gold":76,"neow_bonus":"RANDOM_COLORLESS_2","is_daily":false,"chose_seed":false,"campfire_upgraded":7,"win_rate":0.0,"timestamp":1609895628,"path_taken":["R","M","?","?","M","E","T","M","?","M","R","?","R","$","M","BOSS","R","M","M","M","$","R","T","M","M","E","$","?","E","?","M","BOSS","R","M","?","?","M","?","T","R","E","M","M","R","$","M","M","BOSS","E"],"items_purchased_type":["Relic","Card","Relic","Card","Card","Relic","Card","Card"],"build_version":"2020-12-22","purchased_purges":2,"victory":false,"max_hp_per_floor":[70,70,70,70,70,70,70,70,70,70,70,70,70,70,70,70,70,70,70,70,70,70,70,70,70,70,70,70,70,70,70,70,70,70,70,70,70,70,70,70,70,80,80,80,80,80,80,80,80,80,80,80,80,80],"relic_stats":{"Gremlin Horn":[15,15],"counters":[29,128],"Mummified Hand":[35],"Blue Candle":[5],"Turnip":[21],"Pen Nib":[9],"Juzu Bracelet":1,"Boot":[50],"obtain_stats":[{"Gremlin Horn":17,"downfall:HeartBlessingRed":35,"Blue Candle":7,"downfall:HeartBlessingGreen":11,"Pen Nib":24,"Guardian:PocketSentry":14,"Juzu Bracelet":27,"Incense Burner":43,"Ancient Tea Set":9,"Boot":17,"Akabeko":6,"Calling Bell":17,"downfall:HeartBlessingBlue":42,"Mummified Hand":47,"Turnip":17,"Bag of Marbles":22,"hexamod:SpiritBrand":0,"hexamod:IceCube":34,"Meat on the Bone":30},{"Gremlin Horn":8,"downfall:HeartBlessingRed":19,"Blue Candle":3,"downfall:HeartBlessingGreen":5,"Pen Nib":12,"Guardian:PocketSentry":6,"Juzu Bracelet":15,"Incense Burner":22,"Ancient Tea Set":4,"Boot":8,"Akabeko":3,"Calling Bell":8,"downfall:HeartBlessingBlue":21,"Mummified Hand":25,"Turnip":8,"Bag of Marbles":12,"hexamod:SpiritBrand":0,"hexamod:IceCube":19,"Meat on the Bone":17},{"Gremlin Horn":29,"downfall:HeartBlessingRed":78,"Blue Candle":10,"downfall:HeartBlessingGreen":16,"Pen Nib":45,"Guardian:PocketSentry":20,"Juzu Bracelet":58,"Incense Burner":91,"Ancient Tea Set":13,"Boot":29,"Akabeko":10,"Calling Bell":29,"downfall:HeartBlessingBlue":86,"Mummified Hand":104,"Turnip":29,"Bag of Marbles":45,"hexamod:SpiritBrand":0,"hexamod:IceCube":78,"Meat on the Bone":67}],"Meat on the Bone":36},"card_choices":[{"not_picked":["Metamorphosis","The Bomb"],"picked":"Sadistic Nature","floor":0.0},{"not_picked":["hexamod:HauntingEcho","hexamod:NightmareGuise"],"picked":"hexamod:RetreatToShadows","floor":2.0},{"not_picked":["hexamod:SwordOfDarkness","hexamod:NightmareGuise"],"picked":"hexamod:PhantomFireball","floor":5.0},{"not_picked":["hexamod:RainOfEmbers","hexamod:RetreatToShadows"],"picked":"hexamod:StepThrough","floor":6.0},{"not_picked":["hexamod:InspiringFlames","hexamod:PhantomCloak"],"picked":"hexamod:Rewind","floor":8.0},{"not_picked":["hexamod:ShieldOfDarkness","hexamod:BacktrackSmack"],"picked":"hexamod:AdvancingGuard","floor":10.0},{"not_picked":["hexamod:ShieldOfDarkness","hexamod:NightmareGuise"],"picked":"hexamod:VolcanoVisage","floor":14.0},{"not_picked":["hexamod:NightmareStrike","hexamod:RainOfEmbers"],"picked":"hexamod:HauntingEcho","floor":15.0},{"not_picked":["hexamod:ParanormalForm","hexamod:HexaLevel"],"picked":"hexamod:VolcanoVisage","floor":16.0},{"not_picked":["hexamod:ChargedBarrage","hexamod:PhantomFireball"],"picked":"hexamod:FastForward","floor":19.0},{"not_picked":["hexamod:Hexaguard","hexamod:SoulSteal"],"picked":"hexamod:BurningTouch+1","floor":20.0},{"not_picked":["hexamod:SwordOfDarkness+1","hexamod:ThermalTransfer+1"],"picked":"hexamod:Hexaguard","floor":21.0},{"not_picked":["hexamod:AdvancingGuard+1","hexamod:BacktrackSmack"],"picked":"hexamod:SpectralAdrenaline","floor":22.0},{"not_picked":["hexamod:SwordOfDarkness+1","hexamod:FastForward"],"picked":"hexamod:GhostflameInferno","floor":25.0},{"not_picked":["hexamod:RainOfEmbers","hexamod:DynamicBlow"],"picked":"hexamod:SpectersWail+1","floor":26.0},{"not_picked":["hexamod:HauntingEcho","hexamod:AdvancingGuard"],"picked":"hexamod:ThirdSeal","floor":27.0},{"not_picked":["hexamod:NightmareStrike","hexamod:ShieldOfDarkness"],"picked":"hexamod:GhostOfSpirePast","floor":28.0},{"not_picked":["hexamod:Hexaguard","hexamod:HauntingEcho"],"picked":"hexamod:SkipABeat+1","floor":28.0},{"not_picked":["hexamod:StepThrough","hexamod:PhantomFireball"],"picked":"hexamod:EmpoweredFlame","floor":30.0},{"not_picked":["hexamod:SpectersWail","hexamod:GhostflameBarrier"],"picked":"hexamod:EtherealExpedition+1","floor":30.0},{"not_picked":["hexamod:DynamicBlow","hexamod:NightmareGuise"],"picked":"hexamod:WildfireWeapon","floor":32.0},{"not_picked":["hexamod:SearingWound","hexamod:CrushingStance"],"picked":"hexamod:SixthSeal","floor":33.0},{"not_picked":["hexamod:AdvancingGuard","hexamod:Hexaguard"],"picked":"hexamod:Incineration","floor":36.0},{"not_picked":["hexamod:PhantomCloak","hexamod:HauntingEcho"],"picked":"hexamod:Hexaguard+1","floor":36.0},{"not_picked":["expansioncontent:SlimeTackle","expansioncontent:Flail"],"picked":"expansioncontent:DarkVoid","floor":38.0},{"not_picked":["hexamod:BacktrackSmack+1","hexamod:EtherealExpedition+1"],"picked":"hexamod:ThermalTransfer","floor":39.0},{"not_picked":["hexamod:BacktrackSmack","hexamod:HauntingEcho"],"picked":"hexamod:FastForward","floor":39.0},{"not_picked":["hexamod:BurningTouch+1","hexamod:BacktrackSmack"],"picked":"hexamod:StepThrough","floor":43.0},{"not_picked":["hexamod:SecondSeal","hexamod:Again"],"picked":"hexamod:GhostOfSpireFuture+1","floor":43.0},{"not_picked":["hexamod:PhantomFireball+1","hexamod:SpectersWail"],"picked":"hexamod:AdvancingGuard","floor":44.0},{"not_picked":["hexamod:RainOfEmbers","hexamod:FastForward+1"],"picked":"hexamod:GhostOfSpirePresent+1","floor":44.0},{"not_picked":["hexamod:SixthSeal","hexamod:FastForward+1"],"picked":"hexamod:CatchUp+1","floor":45.0},{"not_picked":["hexamod:RetreatToShadows+1","hexamod:HeatMetal"],"picked":"hexamod:HexaLevel","floor":47.0},{"not_picked":["hexamod:SpectersWail","hexamod:HeatMetal+1","hexamod:BurningTouch"],"picked":"SKIP","floor":47.0},{"not_picked":["hexamod:AdvancingGuard","hexamod:SpectersWail+1"],"picked":"hexamod:NightmareGuise","floor":48.0},{"not_picked":["hexamod:ShieldOfDarkness","hexamod:FastForward+1"],"picked":"hexamod:RetreatToShadows+1","floor":49.0},{"not_picked":["hexamod:GhostShield","hexamod:PhantomFireball"],"picked":"hexamod:FourthSeal","floor":49.0}],"player_experience":1548547,"relics_obtained":[{"floor":6.0,"key":"Akabeko"},{"floor":7.0,"key":"Blue Candle"},{"floor":17.0,"key":"Boot"},{"floor":17.0,"key":"Gremlin Horn"},{"floor":17.0,"key":"Turnip"},{"floor":24.0,"key":"Pen Nib"},{"floor":27.0,"key":"Juzu Bracelet"},{"floor":30.0,"key":"Meat on the Bone"},{"floor":43.0,"key":"Incense Burner"}],"event_choices":[{"damage_healed":0.0,"max_hp_gain":0.0,"max_hp_loss":0.0,"gold_gain":0.0,"event_name":"Big Fish","player_choice":"Box","floor":9.0,"gold_loss":0.0,"damage_taken":0.0,"relics_obtained":["Ancient Tea Set"],"cards_obtained":["Regret"]},{"damage_healed":0.0,"max_hp_gain":0.0,"max_hp_loss":0.0,"gold_gain":0.0,"cards_transformed":["hexamod:Strike"],"event_name":"Living Wall","player_choice":"Change","floor":12.0,"gold_loss":0.0,"damage_taken":0.0,"cards_obtained":["hexamod:UnleashSpirits"]},{"damage_healed":0.0,"max_hp_gain":0.0,"max_hp_loss":0.0,"gold_gain":0.0,"cards_transformed":["hexamod:Strike"],"event_name":"Transmorgrifier","player_choice":"Transformed","floor":37.0,"gold_loss":0.0,"damage_taken":0.0,"cards_obtained":["hexamod:BurningTouch"]}],"is_beta":false,"boss_relics":[{"not_picked":["SlaversCollar","SacredBark"],"picked":"Calling Bell"},{"not_picked":["Busted Crown","Coffee Dripper"],"picked":"hexamod:IceCube"}],"items_purged_floors":[14,47],"is_endless":false,"potions_floor_spawned":[2,8,19,25,30,32,36,43,44,45],"killed_by":"downfall:CharBossMerchant","ascension_level":0}}