{"host":"hwrdjx5eod2cxh09","time":1609947608,"event":{"mods":["AchievementEnabler","BaseMod","Bestiary","Minty Spire (QoL Compilation)","Relic Stats"],"gold_per_floor":[110,121,132,152,162,190,202,227,239,251,251],"floor_reached":10,"playtime":482,"items_purged":[],"score":72,"play_id":"312001a1-0dcf-47be-a96b-74478822050e","local_time":"20210107004008","is_ascension_mode":false,"campfire_choices":[{"floor":7,"key":"REST"}],"circlet_count":0,"master_deck":["Strike_G","Strike_G","Strike_G","Strike_G","Strike_G","Defend_G","Defend_G","Defend_G","Defend_G","Defend_G","Survivor","Neutralize","Slice","Well Laid Plans","Blade Dance","Dagger Spray","PiercingWail","Dodge and Roll","Blade Dance"],"relics":["Ring of the Snake","MawBank","Frozen Egg 2"],"acts_visited":["Exordium"],"potions_floor_usage":[6,10,10],"damage_taken":[{"damage":0,"enemies":"2 Louse","floor":1,"turns":2},{"damage":3,"enemies":"Small Slimes","floor":2,"turns":4},{"damage":1,"enemies":"Cultist","floor":3,"turns":5},{"damage":2,"enemies":"Exordium Wildlife","floor":4,"turns":6},{"damage":13,"enemies":"2 Fungi Beasts","floor":5,"turns":3},{"damage":42,"enemies":"Lagavulin","floor":6,"turns":11},{"damage":32,"enemies":"Large Slime","floor":8,"turns":11},{"damage":0,"enemies":"Gremlin Nob","floor":10,"turns":2}],"seed_played":"-2272699342899760783","potions_obtained":[{"floor":4,"key":"Block Potion"},{"floor":5,"key":"DistilledChaos"},{"floor":8,"key":"Dexterity Potion"}],"is_trial":false,"path_per_floor":["M","M","M","M","M","E","R","M","T","E"],"character_chosen":"THE_SILENT","items_purchased":[],"campfire_rested":1,"item_purchase_floors":[],"current_hp_per_floor":[77,74,73,71,58,16,39,7,7,7,7],"gold":251,"neow_bonus":"TEN_PERCENT_HP_BONUS","is_daily":false,"chose_seed":false,"campfire_upgraded":0,"win_rate":0.0,"timestamp":1609947608,"path_taken":["M","M","M","M","M","E","R","M","T","E"],"items_purchased_type":[],"build_version":"2020-12-22","purchased_purges":0,"victory":false,"max_hp_per_floor":[77,77,77,77,77,77,77,77,77,77,77],"relic_stats":{"counters":[8,44],"MawBank":48,"obtain_stats":[{"Frozen Egg 2":9,"MawBank":6,"Ring of the Snake":0},{"Frozen Egg 2":7,"MawBank":6,"Ring of the Snake":0},{"Frozen Egg 2":42,"MawBank":31,"Ring of the Snake":0}],"Ring of the Snake":[16]},"card_choices":[{"not_picked":["Dagger Throw","Deadly Poison"],"picked":"Slice","floor":1},{"not_picked":["Slice","Bane"],"picked":"Well Laid Plans","floor":2},{"not_picked":["Reflex","Eviscerate"],"picked":"Blade Dance","floor":3},{"not_picked":["Deadly Poison","Prepared"],"picked":"Dagger Spray","floor":4},{"not_picked":["Escape Plan","Tactician"],"picked":"PiercingWail","floor":5},{"not_picked":["Distraction","Underhanded Strike"],"picked":"Dodge and Roll","floor":6},{"not_picked":["Acrobatics","Slice"],"picked":"Blade Dance","floor":8}],"player_experience":185385,"relics_obtained":[{"floor":6,"key":"MawBank"},{"floor":9,"key":"Frozen Egg 2"}],"event_choices":[],"is_beta":false,"boss_relics":[],"items_purged_floors":[],"is_endless":false,"potions_floor_spawned":[4,5,8],"killed_by":"Gremlin Nob","ascension_level":0}}