{"host":"6zvpb25n18ixfmh8","time":1609908839,"event":{"mods":["Aspiration","Bard","BaseMod","Beaked The Cultist","Better Skull","Better Vampires","Colored Map","Colored Powertips","Downfall","Energized Spire","Hermit","Hubris","Infinite Spire","LagranYue(???·?)","Minty Spire (QoL Compilation)","Quick Restart","Replay The Spire","Robot Space Explorer","Somnambulant","Spicy Shops","StSLib","The Animator","The Bladedancer","The Bug Knight","The Construct","The Marked","The Servant 0.9.4","everything is the same but u backflip on backflip","slay the spire mod where everything is the same but ironclad has a cowboy hat"],"gold_per_floor":[109,109,109,109,128,158,158,168,214,229,261,261,272,272,272,272,272,376,376,343,343,358,378,114,114,114],"floor_reached":25,"playtime":3271,"items_purged":["theMarked:MagicAdept","theMarked:Strike"],"score":261,"play_id":"2824aa59-a5a7-4718-9e69-9114b0beb79f","local_time":"20210105225359","is_ascension_mode":false,"campfire_choices":[{"data":"theMarked:SoldierOfQuellstein","floor":7,"key":"SMITH"},{"data":"theMarked:Panic","floor":17,"key":"SMITH"}],"circlet_count":0,"master_deck":["theMarked:Strike","theMarked:Strike","theMarked:Strike","theMarked:Strike","theMarked:Defend","theMarked:Defend","theMarked:Defend","theMarked:SoldierOfQuellstein+1","theMarked:SwordAndMagic","theMarked:TwofoldDefense","beaked:BloodForTheGods","beaked:SacrificialScars","theMarked:PowerFlow","theMarked:Panic+1","theMarked:ParalyzingBlade","theMarked:PowerFlow+1"],"relics":["m_ByrdBlood","LagranYue:RandomDrawCardRelic","NeowsBlessing","infinitespire:Cubic Diamond","hubris:Potato","ReplayFunnel","Darkstone Periapt","CultistMask","energizedSpire:EnergizedDie","aspiration:EmptySkull","Shovel"],"acts_visited":["Exordium","TheCity"],"potions_floor_usage":[18,18,23,23],"damage_taken":[{"damage":0,"enemies":"2 Louse","floor":1,"turns":1},{"damage":0,"enemies":"Small Slimes","floor":5,"turns":1},{"damage":0,"enemies":"HollowMod:MossKnight","floor":6,"turns":1},{"damage":13,"enemies":"Jaw Worm","floor":8,"turns":3},{"damage":5,"enemies":"Looter","floor":10,"turns":3},{"damage":24,"enemies":"Replay:BlueRogue","floor":11,"turns":8},{"damage":11,"enemies":"Red Slaver","floor":13,"turns":3},{"damage":52,"enemies":"Fading Forest","floor":18,"turns":11},{"damage":31,"enemies":"2 Thieves","floor":20,"turns":5},{"damage":6,"enemies":"Shell Parasite","floor":22,"turns":6},{"damage":15,"enemies":"Snake Plant","floor":23,"turns":5},{"damage":108,"enemies":"Gremlin Leader","floor":25,"turns":12}],"seed_played":"-1141207365739557150","potions_obtained":[{"floor":10,"key":"Elixir"},{"floor":11,"key":"DistilledChaos"},{"floor":13,"key":"champ:CounterPotion"},{"floor":18,"key":"SpeedPotion"},{"floor":22,"key":"Adrenaline Potion"}],"is_trial":false,"path_per_floor":["M","?","?","T","M","E","R","M","T","M","E","?","M","PTL","PTL","?","R","B",null,"M","?","M","M","$","E"],"character_chosen":"THE_DEFAULT","items_purchased":["Shovel"],"campfire_rested":0,"item_purchase_floors":[24],"current_hp_per_floor":[70,63,63,63,69,70,70,70,70,68,74,74,65,65,65,65,65,68,78,50,33,66,69,69,0,0],"gold":114,"neow_bonus":"THREE_ENEMY_KILL","is_daily":false,"chose_seed":false,"campfire_upgraded":2,"win_rate":0.0,"timestamp":1609908839,"path_taken":["M","?","?","?","M","E","R","M","T","M","E","?","?","PTL","PTL","?","R","BOSS","M","?","M","?","?","E"],"items_purchased_type":["Relic"],"build_version":"2020-12-22","purchased_purges":2,"victory":false,"max_hp_per_floor":[70,70,70,70,70,70,70,70,70,72,74,74,76,76,76,76,76,78,78,80,80,82,84,84,86,86],"card_choices":[{"not_picked":["theMarked:BanishingWave","theMarked:Electrocute"],"picked":"theMarked:SwordAndMagic","floor":1},{"not_picked":["theMarked:RepellingDischarge","theMarked:Parkour"],"picked":"theMarked:TwofoldDefense","floor":5},{"not_picked":["theMarked:HeightenedSenses","theMarked:ElectricStrings"],"picked":"beaked:BloodForTheGods","floor":6},{"not_picked":["theMarked:BanishingStrike","theMarked:Frustration"],"picked":"beaked:SacrificialScars","floor":8},{"not_picked":["beaked:Resilience","theMarked:EnhanceMovement","theMarked:Improvise"],"picked":"SKIP","floor":10},{"not_picked":["theMarked:WastefulDefense","theMarked:BanishingStrike"],"picked":"theMarked:PowerFlow","floor":11},{"not_picked":["beaked:Resilience","theMarked:Seal"],"picked":"theMarked:Panic","floor":13},{"not_picked":["Feed","theMarked:UnarmedFury"],"picked":"theMarked:MagicAdept","floor":18},{"not_picked":["theMarked:BanishingStrike+1","theMarked:Aftermath+1"],"picked":"theMarked:ParalyzingBlade","floor":20},{"not_picked":["theMarked:Overthink","theMarked:Polarize"],"picked":"theMarked:PowerFlow+1","floor":22},{"not_picked":["theMarked:HeightenedSenses","theMarked:ResourceFulStrike","theMarked:ChainLightning+1"],"picked":"SKIP","floor":23}],"player_experience":169063,"relics_obtained":[{"floor":6,"key":"hubris:Potato"},{"floor":9,"key":"ReplayFunnel"},{"floor":11,"key":"Darkstone Periapt"}],"event_choices":[{"cards_removed":["theMarked:Defend"],"damage_healed":0,"gold_gain":0,"player_choice":"Card Removal","damage_taken":7,"max_hp_gain":0,"max_hp_loss":0,"event_name":"Golden Wing","floor":2,"gold_loss":0},{"damage_healed":0,"gold_gain":0,"player_choice":"Trade","damage_taken":0,"relics_obtained":["CultistMask"],"max_hp_gain":0,"max_hp_loss":0,"event_name":"FaceTrader","floor":12,"gold_loss":0},{"damage_healed":0,"gold_gain":0,"player_choice":"0 cards matched","damage_taken":0,"max_hp_gain":0,"max_hp_loss":0,"event_name":"Match and Keep!","floor":16,"gold_loss":0,"cards_obtained":[]},{"damage_healed":0,"gold_gain":0,"player_choice":"RE ","damage_taken":19,"relics_obtained":["aspiration:EmptySkull"],"max_hp_gain":0,"max_hp_loss":0,"event_name":"betterSkull:BetterSkull","floor":21,"gold_loss":0,"cards_upgraded":[]}],"is_beta":false,"boss_relics":[{"not_picked":["Replay:Wanted Poster","aspiration:ServantSkillbook"],"picked":"energizedSpire:EnergizedDie"}],"items_purged_floors":[24,24],"is_endless":false,"potions_floor_spawned":[10,11,13,18,22],"killed_by":"Gremlin Leader","ascension_level":0}}