{"host":"hcrpk3ks1jn59x6u","time":1609904880,"event":{"mods":["BaseMod","Better Altar","Better Note","Better Sensory Stone","Better Skull","Better Third Choice","BetterRewards","Colored Map","Conspire","Downfall","GifTheSpireLib","Googly Eyes","Halation","Hermit","Highlight Path","Minty Spire (QoL Compilation)","StSLib","Stuff the Spire","The Bug Knight","The Construct","The Hierophant","everything is the same but u backflip on backflip"],"gold_per_floor":[113,127,142,142,142,168,168,199,199,199,46,46,58,90,90,193,193,211,211,136,147,71,71,91,105,159,179,194,194,210,221,221,221,221],"floor_reached":33,"playtime":1816,"items_purged":[],"score":296,"play_id":"ad0e34e5-cec6-4361-a842-3aadf87ee640","local_time":"20210106114800","is_ascension_mode":true,"campfire_choices":[{"data":"Phantasmal Killer","floor":7,"key":"SMITH"},{"data":"Defend_G","floor":10,"key":"SMITH"},{"data":"Dramatic Entrance","floor":10,"key":"SMITH"},{"floor":12,"key":"REST"},{"floor":15,"key":"REST"},{"floor":23,"key":"REST"},{"floor":29,"key":"REST"},{"floor":32,"key":"REST"}],"circlet_count":0,"master_deck":["Strike_G","Strike_G","Strike_G","Strike_G","Strike_G","Defend_G+1","Defend_G","Defend_G","Defend_G","Defend_G","Survivor","Neutralize","Phantasmal Killer+1","Riddle With Holes","StuffTheSpire:ReptileScales","Setup","Dramatic Entrance+1","Riddle With Holes","Dagger Spray","conspire:DoublingDagger","Accuracy","Blade Dance","Acrobatics","Storm of Steel","Quick Slash+1","Terror","Caltrops","Caltrops+1","StuffTheSpire:MirrorStance"],"relics":["Ring of the Serpent","Bag of Preparation","halation:PenCase","Mummified Hand","StuffTheSpire:OldFever","Shuriken","Happy Flower"],"acts_visited":["Exordium","TheCity"],"potions_floor_usage":[6,6,25,27,28,28,28,28,30],"damage_taken":[{"damage":0,"enemies":"Jaw Worm","floor":1,"turns":5},{"damage":2,"enemies":"2 Louse","floor":2,"turns":2},{"damage":0,"enemies":"Cultist","floor":3,"turns":3},{"damage":24,"enemies":"Lagavulin","floor":6,"turns":9},{"damage":5,"enemies":"3 Sentries","floor":8,"turns":6},{"damage":5,"enemies":"Red Slaver","floor":13,"turns":2},{"damage":23,"enemies":"Lagavulin","floor":14,"turns":4},{"damage":13,"enemies":"Slime Boss","floor":16,"turns":8},{"damage":20,"enemies":"2 Thieves","floor":18,"turns":3},{"damage":14,"enemies":"Shell Parasite","floor":21,"turns":3},{"damage":15,"enemies":"Centurion and Healer","floor":24,"turns":3},{"damage":8,"enemies":"Cultist and Chosen","floor":25,"turns":3},{"damage":4,"enemies":"Shelled Parasite and Fungi","floor":27,"turns":3},{"damage":12,"enemies":"Snake Plant","floor":28,"turns":3},{"damage":6,"enemies":"Centurion and Healer","floor":30,"turns":2},{"damage":21,"enemies":"3 Cultists","floor":31,"turns":4},{"damage":29,"enemies":"conspire:MysteriousRune","floor":33,"turns":4}],"seed_played":"7486009085432990384","potions_obtained":[{"floor":2,"key":"hexamod:EctoCoolerPotion"},{"floor":3,"key":"champ:CounterPotion"},{"floor":13,"key":"conspire:TimeTravelPotion"},{"floor":24,"key":"Fire Potion"},{"floor":25,"key":"Block Potion"},{"floor":27,"key":"EntropicBrew"},{"floor":28,"key":"DistilledChaos"}],"is_trial":false,"path_per_floor":["M","M","M","?","?","E","R","E","T","R","$","R","M","E","R","B",null,"M","?","?","M","$","R","M","M","T","M","M","R","M","M","R","B"],"character_chosen":"THE_SILENT","items_purchased":["conspire:DoublingDagger","Accuracy","Terror"],"campfire_rested":5,"item_purchase_floors":[11,11,22],"current_hp_per_floor":[63,61,61,61,61,37,37,32,32,32,32,50,45,22,40,27,63,43,43,43,29,29,47,32,24,24,20,20,38,32,11,29,0,0],"gold":221,"neow_bonus":"THREE_RARE_CARDS","is_daily":false,"chose_seed":false,"campfire_upgraded":3,"win_rate":0.0,"timestamp":1609904880,"path_taken":["M","M","M","?","?","E","R","E","T","R","$","R","M","E","R","BOSS","M","?","?","M","$","R","M","M","T","M","M","R","?","M","R","BOSS"],"items_purchased_type":["Card","Card","Card"],"build_version":"2020-12-22","purchased_purges":0,"victory":false,"max_hp_per_floor":[63,63,63,63,63,63,63,63,63,63,63,63,63,63,63,63,63,63,63,63,63,63,63,63,63,63,63,63,63,63,63,63,63,63],"card_choices":[{"not_picked":["Adrenaline","Tools of the Trade"],"picked":"Phantasmal Killer","floor":0},{"not_picked":["Dagger Throw","Poisoned Stab"],"picked":"Riddle With Holes","floor":1},{"not_picked":["Calculated Gamble","StuffTheSpire:Python"],"picked":"StuffTheSpire:ReptileScales","floor":2},{"not_picked":["Poisoned Stab","Dagger Throw"],"picked":"Setup","floor":3},{"not_picked":["expansioncontent:Corrupt","expansioncontent:DonusPower"],"picked":"Dramatic Entrance","floor":4},{"not_picked":["Dodge and Roll","Quick Slash"],"picked":"Riddle With Holes","floor":6},{"not_picked":["Underhanded Strike","Expertise"],"picked":"Dagger Spray","floor":8},{"not_picked":["Acrobatics","Dodge and Roll"],"picked":"Blade Dance","floor":13},{"not_picked":["Outmaneuver","Sucker Punch"],"picked":"Acrobatics","floor":14},{"not_picked":["Die Die Die","Bullet Time"],"picked":"Storm of Steel","floor":16},{"not_picked":["Catalyst","Prepared","Sucker Punch"],"picked":"SKIP","floor":18},{"not_picked":["Dagger Throw+1","Prepared"],"picked":"Quick Slash+1","floor":21},{"not_picked":["Acrobatics","Deadly Poison"],"picked":"Caltrops","floor":24},{"not_picked":["StuffTheSpire:Injection","Masterful Stab","StuffTheSpire:BrimstoneBlast"],"picked":"SKIP","floor":25},{"not_picked":["Slice","Storm of Steel","Expertise"],"picked":"SKIP","floor":27},{"not_picked":["Quick Slash","Poisoned Stab+1"],"picked":"Caltrops+1","floor":28},{"not_picked":["StuffTheSpire:ClusterCrunch","StuffTheSpire:Fury","Catalyst+1"],"picked":"SKIP","floor":30},{"not_picked":["Dagger Throw","Flying Knee"],"picked":"StuffTheSpire:MirrorStance","floor":31}],"player_experience":242161,"relics_obtained":[{"floor":6,"key":"Bag of Preparation"},{"floor":8,"key":"halation:PenCase"},{"floor":9,"key":"Mummified Hand"},{"floor":14,"key":"StuffTheSpire:OldFever"},{"floor":26,"key":"Happy Flower"}],"event_choices":[{"damage_healed":0,"gold_gain":1,"player_choice":"1","damage_taken":0,"max_hp_gain":0,"max_hp_loss":0,"event_name":"betterStone:BetterStone","floor":4,"gold_loss":0},{"damage_healed":0,"gold_gain":0,"player_choice":"Leave","damage_taken":0,"max_hp_gain":0,"max_hp_loss":0,"event_name":"conspire:Investor","floor":5,"gold_loss":0},{"damage_healed":0,"gold_gain":0,"player_choice":"Ignored","damage_taken":0,"max_hp_gain":0,"max_hp_loss":0,"event_name":"Ghosts","floor":19,"gold_loss":0},{"damage_healed":0,"gold_gain":0,"player_choice":"Paid Gold","damage_taken":0,"relics_obtained":["Shuriken"],"max_hp_gain":0,"max_hp_loss":0,"event_name":"WeMeetAgain","floor":20,"gold_loss":75}],"is_beta":false,"boss_relics":[{"not_picked":["halation:CatFaceCupcake","conspire:RoyalGoblet"],"picked":"Ring of the Serpent"}],"items_purged_floors":[],"is_endless":false,"potions_floor_spawned":[2,3,13,24,25,27,28],"killed_by":"conspire:MysteriousRune","ascension_level":2}}