{"host":"f3hht8mkjlux7n9k","time":1609959097,"event":{"mods":["Aspiration","BaseMod","Colored Map","Colored Powertips","Custom Start","DeckTracker","Highlight Path","Hubris","Infinite Spire","Minty Spire (QoL Compilation)","Quick Restart","Random Character Button","Relic Sorter","Replay The Spire","StSLib","SuperFastMode","Synergy Search","The Jungle"],"gold_per_floor":[110,124,143,160,172,172,198,156,156,172,172,172,183,183,183,287,287,304,304,314,334,344,344,362,362,362,362,391,331,348,363,363,458,458,473,484,500,517,534,534,560,560,560,571,591,616,633,648,648,648],"floor_reached":51,"playtime":5825,"items_purged":["Reckless Charge"],"score":941,"play_id":"65d1a47a-e211-4947-97f7-a17ad600bbbd","local_time":"20210106135137","daily_mods":["Colorless Cards"],"is_ascension_mode":false,"campfire_choices":[{"data":"1","floor":6,"key":"LIFT"},{"data":"2","floor":12,"key":"LIFT"},{"data":"3","floor":15,"key":"LIFT"},{"data":"Replay:Sssssssssshield","floor":23,"key":"SMITH"},{"data":"Flex","floor":25,"key":"SMITH"},{"data":"Flex","floor":27,"key":"SMITH"},{"data":"Juggernaut","floor":32,"key":"SMITH"},{"data":"Mayhem","floor":40,"key":"SMITH"},{"data":"Dark Embrace","floor":42,"key":"SMITH"},{"data":"Flash of Steel","floor":49,"key":"SMITH"}],"circlet_count":0,"master_deck":["ReplayTheSpireMod:Chaos Vortex","ReplayTheSpireMod:Chaos Vortex","Flash of Steel","Replay:Sssssssssshield+1","Flash of Steel+1","Mayhem+1","Juggernaut+1","Dark Embrace+1","Feel No Pain","Feel No Pain","Feel No Pain","Power Through+1","Power Through","Power Through","Power Through+1","Power Through","Flex+1","Rage","Flex+1","Reckless Charge+1","Wild Strike","Wild Strike","Wild Strike","Wild Strike","Wild Strike+1","Reckless Charge+1"],"relics":["Burning Blood","Replay:Antivirus Software","infinitespire:Bottled Soul","Bottled Tornado","Replay:Rubber Ducky","aspiration:PoetsPen_weak","Pen Nib","Snack Pack","Shuriken","Ornamental Fan","Kunai","Charon\u0027s Ashes","Medical Kit","hubris:IronBody","hubris:MedicalManual","Girya","Oddly Smooth Stone","Vajra","Happy Flower","TheAbacus","Sundial","infinitespire:PuzzleCube","InkBottle","ReplayTheSpireMod:Ninjato","Melange","ReplayTheSpireMod:TigerMarble","War Paint","ReplayTheSpireMod:Shallot","Whetstone","Ring of Chaos","Onion Ring","Mark of Pain","ChewingGum","infinitespire:Lychee Nut","Durian","Sizzling Blood","Magic Flower","Blood Vial","Coffee Dripper","Meat on the Bone","Mango","Prayer Wheel","Question Card","Blue Doll","The Courier","Singing Bowl","MealTicket","Replay:Multitool","Mummified Hand","Bird Faced Urn","aspiration:KaomsHeart"],"acts_visited":["Exordium","TheCity","TheBeyond"],"potions_floor_usage":[],"damage_taken":[{"damage":0,"enemies":"2 Louse","floor":1,"turns":2},{"damage":0,"enemies":"Cultist","floor":2,"turns":1},{"damage":0,"enemies":"infinitespire:Voidling","floor":3,"turns":1},{"damage":0,"enemies":"Red Slaver","floor":4,"turns":1},{"damage":0,"enemies":"Exordium Thugs","floor":5,"turns":1},{"damage":0,"enemies":"Gremlin Nob","floor":7,"turns":2},{"damage":0,"enemies":"Blue Slaver","floor":10,"turns":1},{"damage":0,"enemies":"2 Fungi Beasts","floor":13,"turns":1},{"damage":6,"enemies":"Hexaghost","floor":16,"turns":1},{"damage":0,"enemies":"3 Byrds","floor":18,"turns":1},{"damage":0,"enemies":"Shell Parasite","floor":20,"turns":2},{"damage":0,"enemies":"Sentry and Sphere","floor":21,"turns":1},{"damage":0,"enemies":"Snake Plant","floor":22,"turns":1},{"damage":0,"enemies":"Snecko","floor":24,"turns":1},{"damage":0,"enemies":"Gremlin Leader","floor":28,"turns":2},{"damage":0,"enemies":"Shelled Parasite and Fungi","floor":30,"turns":1},{"damage":0,"enemies":"Cultist and Chosen","floor":31,"turns":1},{"damage":0,"enemies":"hubris:MusketHawk","floor":33,"turns":2},{"damage":6,"enemies":"3 Shapes","floor":35,"turns":1},{"damage":0,"enemies":"3 Darklings","floor":36,"turns":1},{"damage":0,"enemies":"Sphere and 2 Shapes","floor":37,"turns":2},{"damage":0,"enemies":"Spire Growth","floor":38,"turns":1},{"damage":0,"enemies":"3 Darklings","floor":39,"turns":2},{"damage":0,"enemies":"R_Hoarder","floor":41,"turns":3},{"damage":0,"enemies":"Transient","floor":44,"turns":4},{"damage":0,"enemies":"Spire Growth","floor":45,"turns":1},{"damage":0,"enemies":"Giant Head","floor":46,"turns":1},{"damage":0,"enemies":"Jaw Worm Horde","floor":47,"turns":1},{"damage":0,"enemies":"Sphere and 2 Shapes","floor":48,"turns":1},{"damage":0,"enemies":"Replay:Hell Engine","floor":50,"turns":1}],"seed_played":"7063594023218097827","potions_obtained":[{"floor":2,"key":"Toxic Potion"},{"floor":3,"key":"LiquidBronze"},{"floor":7,"key":"FearPotion"},{"floor":11,"key":"Death Potion"},{"floor":11,"key":"Dexterity Potion"},{"floor":41,"key":"Strength Potion"}],"is_trial":true,"path_per_floor":["M","M","M","M","M","R","E","$","T","M","?","R","M","$","R","B",null,"M","?","M","M","M","R","M","R","T","R","E","$","M","M","R","B",null,"M","M","M","M","M","R","E","R","T","M","M","E","M","M","R","B",null],"character_chosen":"IRONCLAD","items_purchased":["PowerPotion"],"campfire_rested":0,"item_purchase_floors":[8],"current_hp_per_floor":[187,191,195,199,203,203,205,205,205,209,209,209,213,213,213,215,215,219,219,223,225,229,229,233,233,233,233,235,235,239,243,243,245,245,249,253,257,261,265,265,267,267,267,271,275,277,281,285,285,285],"gold":648,"neow_bonus":"","is_daily":false,"chose_seed":false,"campfire_upgraded":7,"win_rate":0.0,"timestamp":1609959097,"path_taken":["M","M","M","M","M","R","E","$","T","M","?","R","M","$","R","BOSS","M","?","M","M","M","R","M","R","T","R","E","$","M","M","R","BOSS","M","M","M","M","M","R","E","R","T","M","M","E","M","M","R","BOSS"],"items_purchased_type":["Potion"],"build_version":"2020-12-22","purchased_purges":1,"victory":true,"max_hp_per_floor":[187,191,195,199,203,203,205,205,205,209,209,209,213,213,213,215,215,219,219,223,225,229,229,233,233,233,233,235,235,239,243,243,245,245,249,253,257,261,265,265,267,267,267,271,275,277,281,285,285,285],"card_choices":[{"not_picked":["Shockwave","Flex","Second Wind","Body Slam"],"picked":"Singing Bowl","floor":1},{"not_picked":["Heavy Blade","Replay:Parry","Sword Boomerang","Havoc"],"picked":"Singing Bowl","floor":1},{"not_picked":["Bludgeon","Armaments","hubris:ReadiedAction","Body Slam"],"picked":"Singing Bowl","floor":2},{"not_picked":["Replay:Undeath\u0027s Touch","Flame Barrier","Carnage","Pommel Strike"],"picked":"Singing Bowl","floor":2},{"not_picked":["Demonic Infusion","Trip","Headbutt","Shockwave"],"picked":"Singing Bowl","floor":3},{"not_picked":["Twin Strike","True Grit","Thinking Ahead","Rage"],"picked":"Singing Bowl","floor":3},{"not_picked":["Body Slam","Replay:Undeath\u0027s Touch","Metallicize","Panacea"],"picked":"Singing Bowl","floor":4},{"not_picked":["Run Through","Replay:Bootleg Shield Generator","Uppercut","Shrug It Off"],"picked":"Singing Bowl","floor":4},{"not_picked":["Havoc","Body Slam","hubris:SharpeningStone","Pommel Strike"],"picked":"Singing Bowl","floor":5},{"not_picked":["Ghostly Armor","Enlightenment","Cleave","Inflame"],"picked":"Singing Bowl","floor":5},{"not_picked":["Sword Boomerang","Headbutt","Flex","Anger"],"picked":"Singing Bowl","floor":7},{"not_picked":["Clash","Infernal Blade","PanicButton","ReplayTheSpireMod:Trickstab"],"picked":"Singing Bowl","floor":10},{"not_picked":["Secret Weapon","Trip","Iron Wave","Flex"],"picked":"Singing Bowl","floor":10},{"not_picked":["Enlightenment","Cleave","Whirlwind","Anger"],"picked":"Singing Bowl","floor":13},{"not_picked":["hubris:ReadiedAction","Good Instincts","Wild Strike","Clash"],"picked":"Singing Bowl","floor":13},{"not_picked":["Impervious","ReplayUltimateDefense","Demon Form","Crow Ritual"],"picked":"Singing Bowl","floor":16},{"not_picked":["Good Instincts","hubris:ReadiedAction","Finesse","Infernal Blade"],"picked":"Singing Bowl","floor":18},{"not_picked":["Warcry","Clash","PanicButton","Perfected Strike"],"picked":"Singing Bowl","floor":18},{"not_picked":["Run Through","hubris:ReadiedAction","Sword Boomerang+1","hubris:Ssssneak"],"picked":"Singing Bowl","floor":20},{"not_picked":["Thunderclap","hubris:Ssssneak","Armaments","Headbutt"],"picked":"Singing Bowl","floor":20},{"not_picked":["Replay:Undeath\u0027s Touch","Shrug It Off","Evolve","Perfected Strike"],"picked":"Singing Bowl","floor":21},{"not_picked":["Replay:BasicMightCard","Clothesline+1","ReplayTheSpireMod:Muscle Training"],"picked":"Reckless Charge+1","floor":21},{"not_picked":["Carnage","Replay:Parry+1","Anger","Purity"],"picked":"Singing Bowl","floor":22},{"not_picked":["Sword Boomerang","Pummel","Anger+1","Secret Technique"],"picked":"Singing Bowl","floor":22},{"not_picked":["Rage","Good Instincts","True Grit","Trip"],"picked":"Singing Bowl","floor":24},{"not_picked":["Pommel Strike","Body Slam","Intimidate","PanicButton"],"picked":"Singing Bowl","floor":24},{"not_picked":["Dropkick+1","Flex","Shrug It Off","Anger"],"picked":"Singing Bowl","floor":28},{"not_picked":["Replay:Undeath\u0027s Touch","Pommel Strike","Combust","Run Through"],"picked":"Singing Bowl","floor":30},{"not_picked":["Heavy Blade+1","Dropkick","Replay:Undeath\u0027s Touch","Finesse+1"],"picked":"Singing Bowl","floor":30},{"not_picked":["Corruption","Body Slam","Thunderclap","Run Through+1"],"picked":"Singing Bowl","floor":31},{"not_picked":["Perfected Strike","Dark Shackles","Finesse","Heavy Blade"],"picked":"Singing Bowl","floor":31},{"not_picked":["Offering","ReplayTheSpireMod:Brewmster","Exhume","Metamorphosis"],"picked":"Singing Bowl","floor":33},{"not_picked":["ReplayReversal+1","Reckless Charge","Impatience","Carnage"],"picked":"Singing Bowl","floor":35},{"not_picked":["Metallicize+1","Forethought","Warcry+1","Replay:Undeath\u0027s Touch"],"picked":"Singing Bowl","floor":35},{"not_picked":["Run Through","Sword Boomerang+1","Warcry","Enlightenment"],"picked":"Singing Bowl","floor":36},{"not_picked":["Clothesline","Shrug It Off","Anger","Evolve+1"],"picked":"Singing Bowl","floor":36},{"not_picked":["Iron Wave+1","hubris:ReadiedAction+1","Wild Strike+1","Survey Options+1"],"picked":"Singing Bowl","floor":37},{"not_picked":["Havoc","Whirlwind","Replay:Undeath\u0027s Touch","Flex+1"],"picked":"Singing Bowl","floor":37},{"not_picked":["Clash+1","Cleave+1","Headbutt","ReplayTheSpireMod:Strike From Hell"],"picked":"Singing Bowl","floor":38},{"not_picked":["Sadistic Nature","Warcry","Madness+1","Flex"],"picked":"Singing Bowl","floor":38},{"not_picked":["ReplayTheSpireMod:Strike From Hell","Pommel Strike+1","Wild Strike","Shrug It Off"],"picked":"Singing Bowl","floor":39},{"not_picked":["Sword Boomerang","hubris:CleavingFinish+1","hubris:Insight+1","Replay:Sssssssssstrike+1"],"picked":"Singing Bowl","floor":39},{"not_picked":["Body Slam+1","Replay:Sssssssssstrike","Havoc","Searing Blow+1"],"picked":"Singing Bowl","floor":41},{"not_picked":["Rampage+1","ReplayTheSpireMod:Private Reserves+1","Wild Strike+1","ReplayTheSpireMod:LeadingStrike+1"],"picked":"Singing Bowl","floor":44},{"not_picked":["Havoc+1","Warcry","Pommel Strike","Disarm+1"],"picked":"Singing Bowl","floor":44},{"not_picked":["Replay:Dark Deal","hubris:ReadiedAction","Havoc","Heavy Blade+1"],"picked":"Singing Bowl","floor":45},{"not_picked":["Survey Options","Iron Wave+1","ReplayTheSpireMod:Strike From Hell+1","Clash+1"],"picked":"Singing Bowl","floor":45},{"not_picked":["Bloodletting+1","Clothesline+1","ReplayTheSpireMod:Strike From Hell+1","Feed"],"picked":"Singing Bowl","floor":46},{"not_picked":["Thunderclap","Sword Boomerang+1","Perfected Strike","Dark Shackles"],"picked":"Singing Bowl","floor":47},{"not_picked":["Uppercut+1","Havoc","Panacea+1","Sever Soul"],"picked":"Singing Bowl","floor":47},{"not_picked":["ReplayTheSpireMod:Trickstab","Battle Trance+1","Sadistic Nature","Warcry"],"picked":"Singing Bowl","floor":48},{"not_picked":["ReplayTheSpireMod:Strike From Hell","Twin Strike+1","hubris:ReadiedAction+1","Iron Wave"],"picked":"Singing Bowl","floor":48}],"player_experience":479798,"relics_obtained":[],"event_choices":[{"damage_healed":0,"gold_gain":0,"player_choice":"Got Potions","damage_taken":0,"max_hp_gain":0,"max_hp_loss":0,"event_name":"Lab","floor":11,"gold_loss":0},{"damage_healed":72,"gold_gain":0,"player_choice":"Heal","damage_taken":0,"max_hp_gain":0,"max_hp_loss":0,"event_name":"The Library","floor":19,"gold_loss":0}],"is_beta":false,"boss_relics":[{"not_picked":[]},{"not_picked":["aspiration:KMNothing","aspiration:KMNothing","aspiration:KMNothing"]}],"items_purged_floors":[29],"is_endless":false,"potions_floor_spawned":[2,3,7,16,18,22,30,36,37,38,41,45,48],"ascension_level":0}}