{"host":"91blwi3hgehj6ch9","time":1609964659,"event":{"mods":["2.2 Compatiblity","AchievementEnabler","BaseMod","Colored Map","DeckTracker","Keyboard Shortcuts","Minty Spire (QoL Compilation)","Permanent Neow","Quick Restart","StSLib","SuperFastMode"],"gold_per_floor":[112,122,134,134,144,173,173,205,284,294,294,323,323,335,335,438,438,448,458,458,484,504,504,504,533,533,565,261,293,293,323,323,425,425,437,437,437,659,678,708,727,744,744,427,126,145,145,173,173,173],"floor_reached":51,"playtime":2836,"items_purged":[],"score":921,"play_id":"8a60ca11-f4be-4197-abf2-069c92420f23","local_time":"20210107052419","is_ascension_mode":true,"campfire_choices":[{"data":"Perfected Strike","floor":7.0,"key":"SMITH"},{"data":"Corruption","floor":11.0,"key":"SMITH"},{"data":"Sentinel","floor":13.0,"key":"SMITH"},{"data":"Perfected Strike","floor":15.0,"key":"SMITH"},{"data":"Offering","floor":23.0,"key":"SMITH"},{"data":"Power Through","floor":30.0,"key":"SMITH"},{"floor":32.0,"key":"REST"},{"data":"Pommel Strike","floor":47,"key":"SMITH"},{"data":"Pommel Strike","floor":49,"key":"SMITH"}],"circlet_count":0,"master_deck":["Strike_R+1","Strike_R+1","Strike_R+1","Strike_R+1","Defend_R+1","Defend_R+1","Defend_R+1","Perfected Strike+1","Pommel Strike+1","Perfected Strike+1","Corruption+1","Feel No Pain","Sentinel+1","Offering+1","Warcry","True Grit+1","Bloodletting","Warcry","Impervious","Ghostly Armor","Power Through+1","Pommel Strike+1","Dual Wield+1","Madness","Madness","Exhume","Double Tap","Pommel Strike","Exhume","Impervious","Dark Embrace"],"relics":["Burning Blood","Oddly Smooth Stone","Magic Flower","White Beast Statue","MealTicket","SlaversCollar","Red Mask","Nilry\u0027s Codex","Bag of Preparation","Shovel","Incense Burner","Prayer Wheel","Calipers","Red Skull","Cursed Key","CaptainsWheel","Mummified Hand","Gambling Chip","Strawberry"],"acts_visited":["Exordium","TheCity","TheBeyond"],"potions_floor_usage":[],"damage_taken":[{"damage":2.0,"enemies":"2 Louse","floor":1.0,"turns":3.0},{"damage":1.0,"enemies":"Cultist","floor":2.0,"turns":3.0},{"damage":2.0,"enemies":"Small Slimes","floor":3.0,"turns":3.0},{"damage":10.0,"enemies":"3 Louse","floor":5.0,"turns":3.0},{"damage":24.0,"enemies":"3 Sentries","floor":6.0,"turns":7.0},{"damage":6.0,"enemies":"Gremlin Nob","floor":8.0,"turns":3.0},{"damage":3.0,"enemies":"2 Fungi Beasts","floor":10.0,"turns":2.0},{"damage":36.0,"enemies":"Lagavulin","floor":12.0,"turns":6.0},{"damage":6.0,"enemies":"Blue Slaver","floor":14.0,"turns":2.0},{"damage":16.0,"enemies":"Hexaghost","floor":16.0,"turns":8.0},{"damage":20.0,"enemies":"Shell Parasite","floor":18.0,"turns":4.0},{"damage":10.0,"enemies":"Spheric Guardian","floor":19.0,"turns":3.0},{"damage":21.0,"enemies":"Masked Bandits","floor":21.0,"turns":4.0},{"damage":14.0,"enemies":"3 Cultists","floor":22.0,"turns":6.0},{"damage":20.0,"enemies":"Slavers","floor":25.0,"turns":3.0},{"damage":12.0,"enemies":"Book of Stabbing","floor":27.0,"turns":4.0},{"damage":19.0,"enemies":"Slavers","floor":29.0,"turns":5.0},{"damage":9.0,"enemies":"Book of Stabbing","floor":31.0,"turns":5.0},{"damage":10.0,"enemies":"Collector","floor":33.0,"turns":9.0},{"damage":10.0,"enemies":"3 Darklings","floor":35.0,"turns":7.0},{"damage":9.0,"enemies":"3 Shapes","floor":39.0,"turns":4.0},{"damage":29.0,"enemies":"Reptomancer","floor":40.0,"turns":5.0},{"damage":0.0,"enemies":"Sphere and 2 Shapes","floor":41.0,"turns":8.0},{"damage":22.0,"enemies":"Writhing Mass","floor":42.0,"turns":6.0},{"damage":21.0,"enemies":"3 Darklings","floor":46.0,"turns":2.0},{"damage":25,"enemies":"Giant Head","floor":48,"turns":5},{"damage":9,"enemies":"Donu and Deca","floor":50,"turns":3}],"seed_played":"-3489356695264978100","potions_obtained":[{"floor":1.0,"key":"SkillPotion"},{"floor":2.0,"key":"Fire Potion"},{"floor":6.0,"key":"LiquidMemories"},{"floor":8.0,"key":"GamblersBrew"},{"floor":10.0,"key":"Explosive Potion"},{"floor":12.0,"key":"HeartOfIron"},{"floor":16.0,"key":"LiquidBronze"},{"floor":21.0,"key":"Dexterity Potion"},{"floor":25.0,"key":"BlessingOfTheForge"},{"floor":29.0,"key":"FearPotion"},{"floor":31.0,"key":"SpeedPotion"},{"floor":33.0,"key":"Regen Potion"},{"floor":40.0,"key":"Block Potion"},{"floor":41.0,"key":"DistilledChaos"},{"floor":42.0,"key":"Regen Potion"}],"is_trial":false,"path_per_floor":["M","M","M","?","M","E","R","E","T","M","R","E","R","M","R","B",null,"M","M","?","?","M","R","?","E","T","E","$","E","R","E","R","B",null,"M","?","?","?","M","E","M","M","T","$","$","M","R","E","R","B",null],"character_chosen":"IRONCLAD","items_purchased":["Prayer Wheel","Mummified Hand","Exhume","Gambling Chip"],"campfire_rested":1,"item_purchase_floors":[28,44,44,45],"current_hp_per_floor":[60,65,69,69,65,47,47,47,47,53,53,26,26,29,29,22,80,69,68,68,56,51,51,35,24,24,21,36,26,26,26,50,49,80,79,69,69,69,69,71,80,67,67,80,80,68,68,59,59,59],"gold":173,"neow_bonus":"REMOVE_TWO","is_daily":false,"chose_seed":false,"campfire_upgraded":8,"win_rate":0.0,"timestamp":1609964659,"path_taken":["M","M","M","?","M","E","R","E","T","?","R","E","R","?","R","BOSS","M","M","?","?","M","R","?","E","T","E","$","E","R","E","R","BOSS","M","?","?","?","M","E","M","?","T","?","$","M","R","E","R","BOSS"],"items_purchased_type":["Relic","Relic","Card","Relic"],"build_version":"2020-12-22","purchased_purges":0,"victory":true,"max_hp_per_floor":[80,80,80,80,80,80,80,80,80,80,80,80,80,80,80,80,80,80,80,80,80,80,80,80,80,80,80,80,80,80,80,80,80,80,80,80,80,80,80,80,80,80,80,80,80,80,80,87,87,87],"card_choices":[{"not_picked":["Iron Wave","Cleave"],"picked":"Perfected Strike","floor":1.0},{"not_picked":["Sword Boomerang","Intimidate"],"picked":"Pommel Strike","floor":2.0},{"not_picked":["Searing Blow","Feel No Pain"],"picked":"Pommel Strike","floor":3.0},{"not_picked":["Iron Wave","Sever Soul","Feel No Pain"],"picked":"SKIP","floor":5.0},{"not_picked":["Ghostly Armor","Burning Pact"],"picked":"Perfected Strike","floor":6.0},{"not_picked":["Burning Pact","Heavy Blade"],"picked":"Corruption","floor":8.0},{"not_picked":["Twin Strike","Thunderclap"],"picked":"Feel No Pain","floor":10.0},{"not_picked":["Sever Soul","Thunderclap"],"picked":"Sentinel","floor":12.0},{"not_picked":["Rampage","Sword Boomerang","Pummel"],"picked":"SKIP","floor":14.0},{"not_picked":["Demon Form","Corruption"],"picked":"Offering","floor":16.0},{"not_picked":["Twin Strike","Clash"],"picked":"Warcry","floor":18.0},{"not_picked":["Cleave+1","Twin Strike"],"picked":"True Grit+1","floor":19.0},{"not_picked":["Rupture","Havoc"],"picked":"Bloodletting","floor":21.0},{"not_picked":["Body Slam","Uppercut+1"],"picked":"Warcry","floor":22.0},{"not_picked":["Brutality","Havoc"],"picked":"Impervious","floor":25.0},{"not_picked":["Armaments","Cleave"],"picked":"Ghostly Armor","floor":27.0},{"not_picked":["Sever Soul","Battle Trance"],"picked":"Power Through","floor":29.0},{"not_picked":["Shrug It Off","Searing Blow"],"picked":"Pommel Strike","floor":31.0},{"not_picked":["Armaments","Clash"],"picked":"Dual Wield+1","floor":35.0},{"not_picked":["Sever Soul+1","Hemokinesis+1","Thunderclap"],"picked":"SKIP","floor":35.0},{"not_picked":["Sword Boomerang+1","Iron Wave"],"picked":"Exhume","floor":39.0},{"not_picked":["Twin Strike+1","Havoc+1","Feel No Pain+1"],"picked":"SKIP","floor":39.0},{"not_picked":["Hemokinesis+1","Warcry"],"picked":"Double Tap","floor":40.0},{"not_picked":["Power Through","Inflame+1"],"picked":"Pommel Strike","floor":41.0},{"not_picked":["Iron Wave+1","Headbutt","Havoc"],"picked":"SKIP","floor":41.0},{"not_picked":["Iron Wave+1","Anger+1","Feel No Pain"],"picked":"SKIP","floor":42.0},{"not_picked":["Searing Blow","Anger","Twin Strike"],"picked":"SKIP","floor":42.0},{"not_picked":["Blood for Blood","Anger"],"picked":"Impervious","floor":46.0},{"not_picked":["Uppercut+1","Warcry","Combust"],"picked":"SKIP","floor":46.0},{"not_picked":["Whirlwind+1","Headbutt"],"picked":"Dark Embrace","floor":48}],"player_experience":106071,"relics_obtained":[{"floor":6.0,"key":"Oddly Smooth Stone"},{"floor":8.0,"key":"Magic Flower"},{"floor":9.0,"key":"White Beast Statue"},{"floor":12.0,"key":"MealTicket"},{"floor":21.0,"key":"Red Mask"},{"floor":24.0,"key":"Nilry\u0027s Codex"},{"floor":25.0,"key":"Bag of Preparation"},{"floor":26.0,"key":"Shovel"},{"floor":27.0,"key":"Incense Burner"},{"floor":29.0,"key":"Calipers"},{"floor":31.0,"key":"Red Skull"},{"floor":40.0,"key":"CaptainsWheel"},{"floor":48,"key":"Strawberry"}],"event_choices":[{"cards_removed":["Bash"],"damage_healed":0.0,"max_hp_gain":0.0,"max_hp_loss":0.0,"gold_gain":0.0,"event_name":"Bonfire Elementals","player_choice":"Offered Basic","floor":4.0,"gold_loss":0.0,"damage_taken":0.0},{"damage_healed":0.0,"max_hp_gain":0.0,"max_hp_loss":0.0,"gold_gain":0.0,"event_name":"Back to Basics","player_choice":"Simplicity","floor":20.0,"gold_loss":0.0,"damage_taken":0.0,"cards_upgraded":["Strike_R","Strike_R","Strike_R","Strike_R","Defend_R","Defend_R","Defend_R"]},{"damage_healed":0.0,"max_hp_gain":0.0,"max_hp_loss":0.0,"gold_gain":0.0,"event_name":"Masked Bandits","player_choice":"Fought Bandits","floor":21.0,"gold_loss":0.0,"damage_taken":0.0},{"damage_healed":0.0,"max_hp_gain":0.0,"max_hp_loss":0.0,"gold_gain":0.0,"event_name":"Cursed Tome","player_choice":"Obtained Book","floor":24.0,"gold_loss":0.0,"damage_taken":16.0},{"damage_healed":0.0,"max_hp_gain":0.0,"max_hp_loss":0.0,"gold_gain":0.0,"event_name":"Winding Halls","player_choice":"Embrace Madness","floor":36.0,"gold_loss":0.0,"damage_taken":10.0,"cards_obtained":["Madness","Madness"]},{"cards_removed":["Pommel Strike"],"damage_healed":0.0,"max_hp_gain":0.0,"max_hp_loss":0.0,"gold_gain":0.0,"event_name":"Falling","player_choice":"Removed Attack","floor":37.0,"gold_loss":0.0,"damage_taken":0.0},{"damage_healed":0.0,"max_hp_gain":0.0,"max_hp_loss":0.0,"gold_gain":222.0,"event_name":"Tomb of Lord Red Mask","player_choice":"Wore Mask","floor":38.0,"gold_loss":0.0,"damage_taken":0.0}],"is_beta":false,"boss_relics":[{"not_picked":["Runic Cube","Sozu"],"picked":"SlaversCollar"},{"not_picked":["Mark of Pain","Fusion Hammer"],"picked":"Cursed Key"}],"items_purged_floors":[],"is_endless":false,"potions_floor_spawned":[1,2,6,8,10,12,14,16,18,19,21,22,25,27,29,31,33,35,39,40,41,42,46,48],"ascension_level":1}}