{"host":"m113y2j4kbc0e5kb","time":1609930152,"event":{"mods":["BaseMod","Colored Powertips","Lobotomy","LobotomyExtend","Minty Spire (QoL Compilation)","StSLib"],"gold_per_floor":[116,128,128,145,162,188,205,205,231,244,255,270,270,284,284,380,380,397,497,424,443,443,443,468,468,468,468,493,593,618,465,465,569,569,569,569],"floor_reached":35,"playtime":3499,"items_purged":["Rudolta"],"score":577,"play_id":"62c525d2-d017-4c34-9ab7-b86c8bc0909e","local_time":"20210106194912","is_ascension_mode":false,"campfire_choices":[{"floor":8.0,"key":"REST"}],"circlet_count":0,"master_deck":["SpecialBullet","SpecialBullet","SpecialBullet","SpecialBullet","SpecialBullet","SpecialBullet","SpecialBullet","SpecialBullet","InformationCode","SecurityCode","DisciplinaryCode","VoidDream","Mercenary","QueenBee","Soda","OldLady","Justitia","Beak","DreamingCurrent","Variant","WhitesApple","ControlCode","Parasite","BlackSwan","GoldRush","Parasite","Moonlight","Parasite","OSAHOGD","InTheNameOfLoveAndHate+1","SummonCall","SpiderBud","WristCuter+1","Logging","CentralCode","Parasite","CENSORED","TheSmile","Parasite"],"relics":["CogitoBucket","LetterFromLob","Pantograph","Regal Pillow","FleshIdol","Oddly Smooth Stone","Empty Cage","AspirationHeart","Strawberry","Eternal Feather","Red Mask","Torii","Singing Bowl","Anchor","Coffee Dripper"],"acts_visited":["Exordium","TheCity","TheBeyond"],"potions_floor_usage":[35,35,35],"damage_taken":[{"damage":6.0,"enemies":"Cultist","floor":1.0,"turns":3.0},{"damage":1.0,"enemies":"Jaw Worm","floor":2.0,"turns":2.0},{"damage":0.0,"enemies":"Small Slimes","floor":4.0,"turns":2.0},{"damage":0.0,"enemies":"3 Louse","floor":5.0,"turns":2.0},{"damage":36.0,"enemies":"Lagavulin","floor":6.0,"turns":5.0},{"damage":53.0,"enemies":"2 Fungi Beasts","floor":7.0,"turns":6.0},{"damage":3.0,"enemies":"Exordium Wildlife","floor":10.0,"turns":2.0},{"damage":0.0,"enemies":"Lots of Slimes","floor":11.0,"turns":1.0},{"damage":27.0,"enemies":"Exordium Thugs","floor":12.0,"turns":4.0},{"damage":3.0,"enemies":"Blue Slaver","floor":14.0,"turns":2.0},{"damage":62.0,"enemies":"The Guardian","floor":16.0,"turns":9.0},{"damage":76.0,"enemies":"3 Byrds","floor":18.0,"turns":11.0},{"damage":25.0,"enemies":"2 Thieves","floor":21.0,"turns":3.0},{"damage":62.0,"enemies":"Book of Stabbing","floor":24.0,"turns":7.0},{"damage":0.0,"enemies":"Masked Bandits","floor":28.0,"turns":2.0},{"damage":11.0,"enemies":"Colosseum Slavers","floor":29.0,"turns":4.0},{"damage":18.0,"enemies":"Colosseum Nobs","floor":29.0,"turns":4.0},{"damage":69.0,"enemies":"Collector","floor":33.0,"turns":9.0},{"damage":213,"enemies":"3 Darklings","floor":35,"turns":14}],"seed_played":"7866935317858533312","potions_obtained":[{"floor":4.0,"key":"SkillPotion"},{"floor":6.0,"key":"Dexterity Potion"},{"floor":7.0,"key":"SteroidPotion"},{"floor":12.0,"key":"Swift Potion"},{"floor":24.0,"key":"Dexterity Potion"}],"is_trial":false,"path_per_floor":["M","M","?","M","M","E","M","R","T","M","M","M","?","M","R","B",null,"M","?","$","M","?","R","E","R","T","?","?","?","T","$","R","B",null,"M"],"character_chosen":"Angela","items_purchased":["Moonlight","Logging"],"campfire_rested":1,"item_purchase_floors":[20,31],"current_hp_per_floor":[77,77,59,67,75,50,14,52,52,57,68,81,81,85,85,88,89,103,103,103,98,98,98,109,109,109,109,118,120,120,120,120,117,124,83,83],"gold":569,"neow_bonus":"TEN_PERCENT_HP_BONUS","is_daily":false,"chose_seed":false,"campfire_upgraded":0,"win_rate":0.0,"timestamp":1609930152,"path_taken":["M","M","?","M","M","E","M","R","T","M","M","M","?","M","R","BOSS","M","?","$","?","?","R","E","R","T","?","?","?","?","$","R","BOSS","M"],"items_purchased_type":["Card","Card"],"build_version":"2020-12-22","purchased_purges":1,"victory":false,"max_hp_per_floor":[77,77,77,77,77,77,77,77,77,77,77,81,81,85,85,89,89,103,103,103,103,103,103,114,114,114,114,118,120,120,120,120,124,124,124,124],"card_choices":[{"not_picked":["Wellcheers","Scorched"],"picked":"VoidDream","floor":1.0},{"not_picked":["Loneliness","Spore"],"picked":"SKIP","floor":1.0},{"not_picked":["BeautyBeast","SpiderBud"],"picked":"Mercenary","floor":2.0},{"not_picked":["Tough","Regret_ego"],"picked":"SKIP","floor":2.0},{"not_picked":["DreamingCurrent","WallGazer"],"picked":"QueenBee","floor":4.0},{"not_picked":["CherryBlossom"],"picked":"Soda","floor":4.0},{"not_picked":["Funeral","CherryBlossoms"],"picked":"OldLady","floor":5.0},{"not_picked":["Regret_ego"],"picked":"Justitia","floor":5.0},{"not_picked":["FrostShard"],"picked":"Beak","floor":6.0},{"not_picked":["ScreamingWedge","SomewhereSpear"],"picked":"SKIP","floor":7.0},{"not_picked":["GreedKing","Murderer"],"picked":"DreamingCurrent","floor":10.0},{"not_picked":["Amita","SomewhereSpear"],"picked":"SKIP","floor":10.0},{"not_picked":["Scorched","CherryBlossoms"],"picked":"HappyTeddy","floor":11.0},{"not_picked":["CUTE"],"picked":"Regret_ego","floor":11.0},{"not_picked":["SpiderBud","Alriune"],"picked":"Variant","floor":12.0},{"not_picked":["CUTE","Amita"],"picked":"SKIP","floor":12.0},{"not_picked":["BigBird","DespairKnight"],"picked":"WhitesApple","floor":14.0},{"not_picked":["MagicBullet","Beak"],"picked":"SKIP","floor":14.0},{"not_picked":["QueenOfHatred","UniverseFragment"],"picked":"BlackSwan","floor":16.0},{"not_picked":["Twilight"],"picked":"GoldRush","floor":16.0},{"not_picked":["Bloodbath","UniverseFragment"],"picked":"Rudolta","floor":18.0},{"not_picked":["Lantern","FourthMatchFlame"],"picked":"SKIP","floor":18.0},{"not_picked":["SomewhereSpear","Tough"],"picked":"SKIP","floor":21.0},{"not_picked":["Bloodbath","BigBadWolf"],"picked":"OSAHOGD","floor":24.0},{"not_picked":["Wingbeat"],"picked":"InTheNameOfLoveAndHate+1","floor":24.0},{"not_picked":["WallGazer","GalaxyChild"],"picked":"SpiderBud","floor":28.0},{"not_picked":["Hypocrisy"],"picked":"WristCuter+1","floor":28.0},{"not_picked":["Beak","Horn"],"picked":"Singing Bowl","floor":29.0},{"not_picked":["LittlePrince","CherryBlossoms"],"picked":"CENSORED","floor":33.0},{"not_picked":["Adoration"],"picked":"TheSmile","floor":33.0}],"player_experience":1080660,"relics_obtained":[{"floor":1.0,"key":"LetterFromLob"},{"floor":6.0,"key":"Regal Pillow"},{"floor":9.0,"key":"Oddly Smooth Stone"},{"floor":24.0,"key":"Strawberry"},{"floor":26.0,"key":"Eternal Feather"},{"floor":28.0,"key":"Red Mask"},{"floor":29.0,"key":"Torii"},{"floor":29.0,"key":"Singing Bowl"},{"floor":30.0,"key":"Anchor"}],"event_choices":[{"damage_healed":0.0,"max_hp_gain":0.0,"max_hp_loss":0.0,"gold_gain":0.0,"event_name":"Scrap Ooze","player_choice":"Success","floor":3.0,"gold_loss":0.0,"damage_taken":18.0,"relics_obtained":["Pantograph"]},{"damage_healed":0.0,"max_hp_gain":0.0,"max_hp_loss":0.0,"gold_gain":100.0,"event_name":"Golden Shrine","player_choice":"Pray","floor":19.0,"gold_loss":0.0,"damage_taken":0.0},{"damage_healed":0.0,"max_hp_gain":0.0,"max_hp_loss":0.0,"gold_gain":0.0,"event_name":"Ghosts","player_choice":"Ignored","floor":22.0,"gold_loss":0.0,"damage_taken":0.0},{"damage_healed":0.0,"max_hp_gain":0.0,"max_hp_loss":0.0,"gold_gain":0.0,"event_name":"Vampires","player_choice":"Ignored","floor":27.0,"gold_loss":0.0,"damage_taken":0.0},{"damage_healed":0.0,"max_hp_gain":0.0,"max_hp_loss":0.0,"gold_gain":0.0,"event_name":"Masked Bandits","player_choice":"Fought Bandits","floor":28.0,"gold_loss":0.0,"damage_taken":0.0},{"damage_healed":0.0,"max_hp_gain":0.0,"max_hp_loss":0.0,"gold_gain":0.0,"event_name":"Colosseum","player_choice":"Fight","floor":29.0,"gold_loss":0.0,"damage_taken":0.0},{"damage_healed":0.0,"max_hp_gain":0.0,"max_hp_loss":0.0,"gold_gain":0.0,"event_name":"Colosseum","player_choice":"Fought Nobs","floor":29.0,"gold_loss":0.0,"damage_taken":0.0}],"is_beta":false,"boss_relics":[{"not_picked":["Runic Dome","Velvet Choker"],"picked":"Empty Cage"},{"not_picked":["Snecko Eye","SlaversCollar"],"picked":"Coffee Dripper"}],"items_purged_floors":[31],"is_endless":false,"potions_floor_spawned":[4,6,7,12,16,24,28,29],"killed_by":"3 Darklings","ascension_level":0}}