{"host":"dr5t8qsew5rvjx1s","time":1609944514,"event":{"mods":["Act Like it!","BaseMod","BetterRewards","Colored Powertips","Highlight Path","Marked Mod","Mimic Mod","Minty Spire (QoL Compilation)","StSLib","The Marked"],"gold_per_floor":[117,117,129,129,140,140,171,171,171,183,198,198,45,59,59,59,59],"floor_reached":16,"playtime":543,"items_purged":[],"score":102,"play_id":"1aa8cd70-4431-4a6c-9965-0d522b7ab7c0","local_time":"20210106154834","is_ascension_mode":false,"campfire_choices":[{"data":"Vigilance","floor":6,"key":"SMITH"},{"data":"MarkedMod:Acupuncture","floor":8,"key":"SMITH"},{"data":"Evaluate","floor":12,"key":"SMITH"},{"floor":15,"key":"REST"}],"circlet_count":0,"master_deck":["Strike_P","Strike_P","Strike_P","Strike_P","Defend_P","Defend_P","Defend_P","Defend_P","Eruption+1","Vigilance+1","MarkedMod:Acupuncture+1","Consecrate","Perseverance","EmptyBody","Evaluate+1","MarkedMod:OneThousandNeedles"],"relics":["PureWater","Singing Bowl","Gambling Chip","PreservedInsect"],"acts_visited":["Exordium"],"potions_floor_usage":[16],"damage_taken":[{"damage":2,"enemies":"Jaw Worm","floor":1,"turns":4},{"damage":0,"enemies":"2 Louse","floor":3,"turns":2},{"damage":0,"enemies":"Cultist","floor":5,"turns":2},{"damage":28,"enemies":"Gremlin Nob","floor":7,"turns":5},{"damage":0,"enemies":"Looter","floor":10,"turns":1},{"damage":0,"enemies":"2 Fungi Beasts","floor":11,"turns":2},{"damage":3,"enemies":"Red Slaver","floor":14,"turns":2},{"damage":100,"enemies":"Hexaghost","floor":16,"turns":11}],"seed_played":"8076361928840840922","potions_obtained":[{"floor":7,"key":"FairyPotion"},{"floor":10,"key":"SteroidPotion"},{"floor":11,"key":"ColorlessPotion"}],"is_trial":false,"path_per_floor":["M","?","M","?","M","R","E","R","T","M","M","R","$","M","R","B"],"character_chosen":"WATCHER","items_purchased":["PreservedInsect"],"campfire_rested":1,"item_purchase_floors":[13],"current_hp_per_floor":[77,77,77,77,77,77,51,51,51,51,51,51,51,48,72,0,0],"gold":59,"neow_bonus":"TEN_PERCENT_HP_BONUS","is_daily":false,"chose_seed":false,"campfire_upgraded":3,"win_rate":0.0,"timestamp":1609944514,"path_taken":["M","?","M","?","?","R","E","R","T","?","M","R","$","M","R","BOSS"],"items_purchased_type":["Relic"],"build_version":"2020-12-22","purchased_purges":0,"victory":false,"max_hp_per_floor":[79,79,79,79,79,79,81,81,81,81,81,81,81,81,81,81,81],"card_choices":[{"not_picked":["Halt","FollowUp"],"picked":"MarkedMod:Acupuncture","floor":1},{"not_picked":["Adaptation","Collect"],"picked":"Consecrate","floor":3},{"not_picked":["CarveReality","Study"],"picked":"Perseverance","floor":5},{"not_picked":["FlyingSleeves","CutThroughFate","FearNoEvil"],"picked":"Singing Bowl","floor":7},{"not_picked":["Nirvana","JustLucky"],"picked":"EmptyBody","floor":10},{"not_picked":["Consecrate","Vengeance"],"picked":"Evaluate","floor":11},{"not_picked":["Adaptation","Protect"],"picked":"MarkedMod:OneThousandNeedles","floor":14}],"player_experience":544092,"relics_obtained":[{"floor":7,"key":"Singing Bowl"},{"floor":9,"key":"Gambling Chip"}],"event_choices":[{"damage_healed":0,"gold_gain":0,"player_choice":"Ignored","damage_taken":0,"max_hp_gain":0,"max_hp_loss":0,"event_name":"Golden Wing","floor":2,"gold_loss":0},{"damage_healed":0,"gold_gain":0,"player_choice":"Grow","damage_taken":0,"max_hp_gain":0,"max_hp_loss":0,"event_name":"Living Wall","floor":4,"gold_loss":0,"cards_upgraded":["Eruption"]}],"is_beta":false,"boss_relics":[],"items_purged_floors":[],"is_endless":false,"potions_floor_spawned":[7,10,11],"killed_by":"Hexaghost","ascension_level":0}}