{"host":"d8d3jqle49sogkjv","time":1609938270,"event":{"mods":["BaseMod","Colored Map","Colored Powertips","Minty Spire (QoL Compilation)","StSLib"],"gold_per_floor":[109,109,124,144,158,158,187,197,220,251,267,297,297,31,31,131,131,146,46,64,76,89,118,118,150,150,169,14,28,54,66,66,168,168,178,228,228,244,39,70,70,95,95,95,111,137,137,151,151,151,151,151,30,58,58,58],"floor_reached":55,"playtime":4293,"items_purged":["Strike_G","Defend_G"],"score":1194,"play_id":"7e6ce4f0-e843-4c35-8483-6a195d9a7a8e","local_time":"20210106140430","is_ascension_mode":true,"campfire_choices":[{"data":"Poisoned Stab","floor":6.0,"key":"SMITH"},{"floor":15.0,"key":"REST"},{"data":"Panache","floor":32.0,"key":"SMITH"},{"data":"Footwork","floor":41.0,"key":"SMITH"},{"data":"Catalyst","floor":44.0,"key":"SMITH"},{"floor":49.0,"key":"RECALL"},{"data":"Blade Dance","floor":52.0,"key":"SMITH"}],"circlet_count":0,"master_deck":["Strike_G+1","Strike_G+1","Strike_G","Strike_G","Defend_G","Defend_G+1","Defend_G+1","Defend_G","Survivor","Neutralize","Poisoned Stab+1","Backflip","Caltrops","Blade Dance+1","Calculated Gamble","Footwork+1","Prepared","Panache+1","Tools of the Trade","Backflip","Infinite Blades","Adrenaline","Escape Plan+1","Catalyst+1","Underhanded Strike","Accuracy+1","Backstab","Infinite Blades+1","Envenom+1","Well Laid Plans+1","Acrobatics","Bane+1","Caltrops+1","Footwork+1","Concentrate+1","Caltrops+1","Dodge and Roll"],"relics":["Ring of the Snake","Strawberry","Bag of Preparation","War Paint","Art of War","Akabeko","Philosopher\u0027s Stone","Bird Faced Urn","Frozen Egg 2","Anchor","Gremlin Horn","Singing Bowl","Sozu","Tough Bandages","TwistedFunnel","HornCleat","Nunchaku","Shuriken","Pen Nib"],"acts_visited":["Exordium","TheCity","TheBeyond","TheEnding"],"potions_floor_usage":[55],"damage_taken":[{"damage":2.0,"enemies":"Small Slimes","floor":1.0,"turns":4.0},{"damage":8.0,"enemies":"Jaw Worm","floor":3.0,"turns":5.0},{"damage":0.0,"enemies":"Cultist","floor":4.0,"turns":4.0},{"damage":0.0,"enemies":"Red Slaver","floor":5.0,"turns":5.0},{"damage":2.0,"enemies":"3 Sentries","floor":7.0,"turns":8.0},{"damage":0.0,"enemies":"2 Fungi Beasts","floor":8.0,"turns":3.0},{"damage":18.0,"enemies":"Gremlin Nob","floor":10.0,"turns":4.0},{"damage":0.0,"enemies":"3 Louse","floor":11.0,"turns":3.0},{"damage":8.0,"enemies":"3 Sentries","floor":12.0,"turns":8.0},{"damage":1.0,"enemies":"Slime Boss","floor":16.0,"turns":8.0},{"damage":16.0,"enemies":"2 Thieves","floor":18.0,"turns":3.0},{"damage":0.0,"enemies":"Spheric Guardian","floor":20.0,"turns":3.0},{"damage":12.0,"enemies":"Shelled Parasite and Fungi","floor":21.0,"turns":4.0},{"damage":25.0,"enemies":"Snecko","floor":22.0,"turns":6.0},{"damage":9.0,"enemies":"Book of Stabbing","floor":23.0,"turns":5.0},{"damage":22.0,"enemies":"Slavers","floor":25.0,"turns":4.0},{"damage":0.0,"enemies":"Snake Plant","floor":27.0,"turns":4.0},{"damage":0.0,"enemies":"Sentry and Sphere","floor":29.0,"turns":3.0},{"damage":5.0,"enemies":"Book of Stabbing","floor":30.0,"turns":4.0},{"damage":3.0,"enemies":"Centurion and Healer","floor":31.0,"turns":3.0},{"damage":16.0,"enemies":"Automaton","floor":33.0,"turns":6.0},{"damage":0.0,"enemies":"Orb Walker","floor":35.0,"turns":2.0},{"damage":34.0,"enemies":"Mind Bloom Boss Battle","floor":36.0,"turns":5.0},{"damage":0.0,"enemies":"3 Darklings","floor":38.0,"turns":4.0},{"damage":16.0,"enemies":"Nemesis","floor":40.0,"turns":5.0},{"damage":7.0,"enemies":"Reptomancer","floor":42.0,"turns":4.0},{"damage":0.0,"enemies":"Sphere and 2 Shapes","floor":45.0,"turns":2.0},{"damage":13.0,"enemies":"Giant Head","floor":46.0,"turns":5.0},{"damage":0.0,"enemies":"Jaw Worm Horde","floor":48.0,"turns":2.0},{"damage":75.0,"enemies":"Awakened One","floor":50.0,"turns":8.0},{"damage":27.0,"enemies":"Shield and Spear","floor":54.0,"turns":5.0},{"damage":83,"enemies":"The Heart","floor":55,"turns":3}],"seed_played":"6034640780560902675","potions_obtained":[{"floor":3.0,"key":"ColorlessPotion"},{"floor":5.0,"key":"SkillPotion"},{"floor":8.0,"key":"DistilledChaos"},{"floor":11.0,"key":"LiquidMemories"},{"floor":12.0,"key":"Poison Potion"},{"floor":13.0,"key":"Explosive Potion"},{"floor":13.0,"key":"SpeedPotion"},{"floor":18.0,"key":"Regen Potion"},{"floor":22.0,"key":"DistilledChaos"},{"floor":29.0,"key":"SpeedPotion"},{"floor":30.0,"key":"Weak Potion"}],"is_trial":false,"path_per_floor":["M","?","M","M","M","R","E","M","T","E","M","E","?","$","R","B",null,"M","$","M","M","M","E","T","E","T","M","$","M","E","M","R","B",null,"M","?","?","M","$","E","R","E","T","R","M","E","?","M","R","B",null,"R","$","E","B"],"character_chosen":"THE_SILENT","items_purchased":["Panache","Accuracy+1","DistilledChaos","TwistedFunnel","Acrobatics","Caltrops+1","Dodge and Roll"],"campfire_rested":1,"item_purchase_floors":[14,28,28,39,39,53,53],"current_hp_per_floor":[68,53,45,45,45,45,43,43,43,25,25,17,17,17,40,39,68,52,52,52,54,29,20,20,8,8,18,18,28,37,44,44,42,70,80,55,55,69,69,67,67,76,76,76,83,70,70,84,84,26,70,70,70,67,0,0],"gold":58,"neow_bonus":"RANDOM_COMMON_RELIC","is_daily":false,"chose_seed":false,"campfire_upgraded":5,"win_rate":0.0,"timestamp":1609938270,"path_taken":["M","?","M","M","M","R","E","M","T","E","M","E","?","$","R","BOSS","M","?","?","M","M","E","?","E","T","M","$","M","E","M","R","BOSS","M","?","?","M","?","E","R","E","T","R","?","E","?","?","R","BOSS","R","$","E","BOSS"],"items_purchased_type":["Card","Card","Potion","Relic","Card","Card","Card"],"build_version":"2020-12-22","purchased_purges":2,"victory":false,"max_hp_per_floor":[77,77,77,77,77,77,77,77,77,77,77,77,77,77,77,77,77,77,77,77,77,77,77,77,77,77,77,77,77,79,79,79,79,79,81,83,83,83,83,83,83,83,83,83,83,83,83,85,85,85,85,85,85,87,87,87],"card_choices":[{"not_picked":["Prepared","Well Laid Plans","Quick Slash"],"picked":"SKIP","floor":1.0},{"not_picked":["Outmaneuver","Prepared"],"picked":"Poisoned Stab","floor":3.0},{"not_picked":["Slice","Underhanded Strike"],"picked":"Backflip","floor":4.0},{"not_picked":["Dash","Flying Knee"],"picked":"Caltrops","floor":5.0},{"not_picked":["Eviscerate","Cloak And Dagger","Underhanded Strike"],"picked":"SKIP","floor":7.0},{"not_picked":["PiercingWail","Night Terror"],"picked":"Blade Dance","floor":8.0},{"not_picked":["Quick Slash","Endless Agony"],"picked":"Calculated Gamble","floor":10.0},{"not_picked":["Blade Dance","Dodge and Roll"],"picked":"Footwork","floor":11.0},{"not_picked":["Outmaneuver","Distraction"],"picked":"Prepared","floor":12.0},{"not_picked":["Wraith Form v2","Unload"],"picked":"Tools of the Trade","floor":16.0},{"not_picked":["Masterful Stab","All Out Attack"],"picked":"Backflip","floor":18.0},{"not_picked":["Choke","Flying Knee","Finisher"],"picked":"SKIP","floor":20.0},{"not_picked":["Flying Knee","Riddle With Holes"],"picked":"Infinite Blades","floor":21.0},{"not_picked":["Slice","Dodge and Roll+1"],"picked":"Adrenaline","floor":22.0},{"not_picked":["Blade Dance","Flying Knee"],"picked":"Escape Plan+1","floor":23.0},{"not_picked":["Underhanded Strike","Setup+1"],"picked":"Catalyst","floor":25.0},{"not_picked":["Flechettes","Outmaneuver"],"picked":"Underhanded Strike","floor":27.0},{"not_picked":["Underhanded Strike","Choke"],"picked":"Backstab","floor":29.0},{"not_picked":["Masterful Stab","Prepared","Grand Finale"],"picked":"Singing Bowl","floor":30.0},{"not_picked":["Distraction","Skewer"],"picked":"Infinite Blades+1","floor":31.0},{"not_picked":["Corpse Explosion","Malaise"],"picked":"Envenom+1","floor":33.0},{"not_picked":["Bane","Dodge and Roll","Masterful Stab+1"],"picked":"Singing Bowl","floor":35.0},{"not_picked":["Masterful Stab+1","Poisoned Stab+1","Skewer"],"picked":"Singing Bowl","floor":36.0},{"not_picked":["Dash","Bane+1"],"picked":"Well Laid Plans+1","floor":38.0},{"not_picked":["Well Laid Plans+1","Escape Plan+1"],"picked":"Bane+1","floor":40.0},{"not_picked":["Dagger Spray+1","Unload"],"picked":"Caltrops+1","floor":42.0},{"not_picked":["Quick Slash+1","Heel Hook"],"picked":"Footwork+1","floor":45.0},{"not_picked":["Infinite Blades+1","Slice"],"picked":"Concentrate+1","floor":46.0},{"not_picked":["Flechettes+1","Bane","Quick Slash+1"],"picked":"Singing Bowl","floor":48.0},{"not_picked":["Deflect","Poisoned Stab","Backflip"],"picked":"Singing Bowl","floor":54.0}],"player_experience":374145,"relics_obtained":[{"floor":7.0,"key":"Bag of Preparation"},{"floor":9.0,"key":"War Paint"},{"floor":10.0,"key":"Art of War"},{"floor":12.0,"key":"Akabeko"},{"floor":23.0,"key":"Bird Faced Urn"},{"floor":24.0,"key":"Frozen Egg 2"},{"floor":25.0,"key":"Anchor"},{"floor":26.0,"key":"Gremlin Horn"},{"floor":30.0,"key":"Singing Bowl"},{"floor":36.0,"key":"Tough Bandages"},{"floor":40.0,"key":"HornCleat"},{"floor":42.0,"key":"Nunchaku"},{"floor":46.0,"key":"Shuriken"},{"floor":54.0,"key":"Pen Nib"}],"event_choices":[{"damage_healed":0.0,"max_hp_gain":0.0,"max_hp_loss":0.0,"gold_gain":0.0,"event_name":"Shining Light","player_choice":"Entered Light","floor":2.0,"gold_loss":0.0,"damage_taken":15.0,"cards_upgraded":["Strike_G","Strike_G"]},{"damage_healed":0.0,"max_hp_gain":0.0,"max_hp_loss":0.0,"gold_gain":0.0,"event_name":"Lab","player_choice":"Got Potions","floor":13.0,"gold_loss":0.0,"damage_taken":0.0},{"damage_healed":0.0,"max_hp_gain":0.0,"max_hp_loss":0.0,"gold_gain":0.0,"event_name":"MindBloom","player_choice":"Fight","floor":36.0,"gold_loss":0.0,"damage_taken":0.0},{"damage_healed":0.0,"max_hp_gain":0.0,"max_hp_loss":0.0,"gold_gain":0.0,"event_name":"Tomb of Lord Red Mask","player_choice":"Ignored","floor":37.0,"gold_loss":0.0,"damage_taken":0.0},{"damage_healed":0.0,"max_hp_gain":0.0,"max_hp_loss":0.0,"gold_gain":0.0,"event_name":"SecretPortal","player_choice":"Ignored","floor":47.0,"gold_loss":0.0,"damage_taken":0.0}],"is_beta":false,"boss_relics":[{"not_picked":["Cursed Key","Runic Pyramid"],"picked":"Philosopher\u0027s Stone"},{"not_picked":["Runic Dome","Calling Bell"],"picked":"Sozu"}],"items_purged_floors":[14,19],"is_endless":false,"potions_floor_spawned":[3,5,8,11,12,18,20,22,29,30,35,42,45],"killed_by":"The Heart","ascension_level":9}}