{"host":"urcd10ipogtopotm","time":1609895838,"event":{"mods":["2.2 Compatiblity","AchievementEnabler","Act Like it!","Bard","BaseMod","Beaked The Cultist","Better Third Choice","Block Reminder","Colored Map","Colored Powertips","Downfall","Hallownest","Hermit","Highlight Path","Infinite Spire","Minty Spire (QoL Compilation)","Permanent Neow","Quick Restart","Random Character Button","Relic Stats","Replay The Spire","Shade Mod","Shop Mod","StSLib","The Blackbeard","The Bug Knight","The Construct","The Cursed","The Disciple","The Forsaken","The Hierophant","The Necromancer","The Runesmith","The Senshi","The Servant 0.9.4"],"gold_per_floor":[113,126,126,141,141,175,189,189,189,200,225,238,48,61,61,161,161,179,189,199,250,268,268,268,41,41,53,97,174,174,22,22,120,120,137,137,151,171,190,190,208,234,234,149,149,168,168,180,180,180,180,180,51,85,85,85],"floor_reached":55,"playtime":6931,"items_purged":["Strike_W","Strike_W"],"score":710,"play_id":"340dce14-a627-44cb-90db-f81ef5ad3dfe","local_time":"20210105201718","is_ascension_mode":false,"campfire_choices":[{"data":"Summon_Undead_Army","floor":8.0,"key":"SMITH"},{"data":"Mayhem","floor":15.0,"key":"SMITH"},{"data":"Uncharnel","floor":23.0,"key":"SMITH"},{"data":"Summon_Vampire_Lady","floor":30.0,"key":"SMITH"},{"floor":32.0,"key":"RECALL"},{"floor":40.0,"key":"REST"},{"data":"Summon_Undead","floor":45.0,"key":"SMITH"},{"data":"Summon_Undead","floor":49,"key":"SMITH"},{"data":"Hallownest:skillKingdomsEdgeMap","floor":52,"key":"SMITH"}],"circlet_count":0,"master_deck":["Strike_W","Strike_W","Negative_Energy_Arrows+1","Bone_Wall","Blood_Is_Power","Hallownest:skillSlugHide","Hallownest:skillSlugHide","Hallownest:skillSlugHide","Hallownest:skillSlugHide","Hallownest:skillSlugHide","Summon_Undead_Army+1","Negative_Energy_Sphere","Summon_Undead+1","Summon_Undead+1","Mayhem+1","Grasp_Heart","Uncharnel+1","Summon_Vampire_Lady+1","Life_Drain","Negative_Energy_Shield+1","Hallownest:skillKingdomsEdgeMap+1","Uncharnel+1"],"relics":["Vampire_Amulet","Hallownest:DreamNailRelic","Du-Vu Doll","Lizard Tail","Replay:Grab Bag","Sozu","ChewingGum","construct:ClawGrip","ReplayTheSpireMod:Ring of Challenge","Blood Vial","White Beast Statue","PreservedInsect","Membership Card","beaked:MawFillet","theForsaken:ScaryMask","construct:FoamFinger","theSenshi:SailorFukuRelic","Orichalcum"],"acts_visited":["Hallownest:Greenpath","Hallownest:CityofTears","Hallownest:KingdomsEdge","TheEnding"],"potions_floor_usage":[],"damage_taken":[{"damage":0.0,"enemies":"Hallownest:monsterHuskWarrior","floor":1.0,"turns":3.0},{"damage":2.0,"enemies":"Hallownest:2_MossCreeps","floor":2.0,"turns":4.0},{"damage":2.0,"enemies":"Hallownest:2_Baldur","floor":4.0,"turns":4.0},{"damage":7.0,"enemies":"Hallownest:eliteVengeflyKing","floor":6.0,"turns":9.0},{"damage":2.0,"enemies":"Hallownest:monsterFoolEater","floor":7.0,"turns":9.0},{"damage":6.0,"enemies":"Hallownest:Guard_and_Warrior","floor":10.0,"turns":5.0},{"damage":12.0,"enemies":"Hallownest:eliteMossKnight","floor":11.0,"turns":7.0},{"damage":24.0,"enemies":"Hallownest:1_Ooma_and_2_Uuma","floor":12.0,"turns":5.0},{"damage":8.0,"enemies":"Hallownest:Wandering_and_Horned","floor":14.0,"turns":5.0},{"damage":133.0,"enemies":"Hallownest:BossHornet","floor":16.0,"turns":8.0},{"damage":7.0,"enemies":"Hallownest:2_Mistakes","floor":18.0,"turns":4.0},{"damage":15.0,"enemies":"Hallownest:Guard_and_Sentry","floor":19.0,"turns":5.0},{"damage":23.0,"enemies":"Hallownest:Master_and_Novice","floor":20.0,"turns":5.0},{"damage":9.0,"enemies":"Hallownest:monsterShrumalOgre","floor":22.0,"turns":4.0},{"damage":32.0,"enemies":"Hallownest:3_Mistakes","floor":27.0,"turns":7.0},{"damage":30.0,"enemies":"Hallownest:Glutton_and_Coward","floor":28.0,"turns":4.0},{"damage":50.0,"enemies":"Hallownest:eliteWatcherKnight","floor":29.0,"turns":8.0},{"damage":58.0,"enemies":"Hallownest:BossMantisLord","floor":33.0,"turns":7.0},{"damage":34.0,"enemies":"Hallownest:3_Siblings","floor":35.0,"turns":6.0},{"damage":73.0,"enemies":"Hallownest:2_Littles","floor":37.0,"turns":6.0},{"damage":31.0,"enemies":"Hallownest:Slobbering_and_Violent","floor":38.0,"turns":6.0},{"damage":21.0,"enemies":"Hallownest:2_Great","floor":39.0,"turns":6.0},{"damage":7.0,"enemies":"Hallownest:2_Wing_and_1_Kings","floor":41.0,"turns":8.0},{"damage":40.0,"enemies":"Hallownest:StalkingDevout","floor":42.0,"turns":6.0},{"damage":5,"enemies":"Hallownest:2_Soldiers_and_1_Guardian","floor":46,"turns":6},{"damage":8,"enemies":"Hallownest:monsterPrimalAspid","floor":48,"turns":4},{"damage":93,"enemies":"Hallownest:BossGreyPrinceZote","floor":50,"turns":10},{"damage":74,"enemies":"Shield and Spear","floor":54,"turns":6},{"damage":62,"enemies":"The Heart","floor":55,"turns":3}],"seed_played":"-8247817206994552808","potions_obtained":[{"floor":1.0,"key":"Strength Potion"},{"floor":6.0,"key":"Strength Potion"},{"floor":7.0,"key":"Weak Potion"},{"floor":10.0,"key":"EssenceOfSteel"},{"floor":16.0,"key":"PowerPotion"}],"is_trial":false,"path_per_floor":["M","M","?","M","?","E","M","R","T","M","E","M","$","M","R","B",null,"M","M","M","?","M","R","?","$","T","M","M","E","R","$","R","B",null,"M","?","M","M","M","R","M","E","T","?","R","M","?","M","R","B",null,"R","$","E","B"],"character_chosen":"NECROMANCER","items_purchased":["Mayhem","Blood Vial","Membership Card","theSenshi:SailorFukuRelic"],"campfire_rested":1,"item_purchase_floors":[13,25,31,53],"current_hp_per_floor":[75,75,75,75,75,75,75,75,75,73,75,71,71,75,75,39,75,72,70,74,74,73,73,73,73,73,61,55,51,51,51,51,25,75,75,75,24,21,21,43,75,52,52,52,52,73,75,75,75,41,75,75,75,23,0,0],"gold":85,"neow_bonus":"UPGRADE_CARD","is_daily":false,"chose_seed":false,"campfire_upgraded":7,"win_rate":0.0,"timestamp":1609895838,"path_taken":["M","M","?","M","?","E","?","R","T","?","E","M","?","M","R","BOSS","M","M","M","?","M","R","?","$","T","?","M","E","R","?","R","BOSS","M","?","M","M","?","R","M","E","T","?","R","M","?","M","R","BOSS","R","$","E","BOSS"],"items_purchased_type":["Card","Relic","Relic","Relic"],"build_version":"2020-12-22","purchased_purges":2,"victory":false,"max_hp_per_floor":[75,75,75,75,75,75,75,75,75,75,75,75,75,75,75,75,75,75,75,75,75,75,75,75,75,75,75,75,75,75,75,75,75,75,75,75,75,75,75,75,75,75,75,75,75,75,75,75,75,75,75,75,75,75,75,75],"relic_stats":{"Sozu":17,"Blood Vial":18,"Lizard Tail":37,"counters":[29,170],"PreservedInsect":129,"Orichalcum":[6],"obtain_stats":[{"construct:ClawGrip":17,"theForsaken:ScaryMask":42,"construct:FoamFinger":43,"Replay:Grab Bag":17,"PreservedInsect":29,"Hallownest:DreamNailRelic":5,"Orichalcum":54,"White Beast Statue":26,"Du-Vu Doll":6,"Sozu":17,"Blood Vial":25,"Lizard Tail":11,"ChewingGum":17,"beaked:MawFillet":34,"Vampire_Amulet":0,"Membership Card":31,"ReplayTheSpireMod:Ring of Challenge":24,"theSenshi:SailorFukuRelic":53},{"construct:ClawGrip":10,"theForsaken:ScaryMask":24,"construct:FoamFinger":24,"Replay:Grab Bag":10,"PreservedInsect":17,"Hallownest:DreamNailRelic":3,"Orichalcum":28,"White Beast Statue":14,"Du-Vu Doll":4,"Sozu":10,"Blood Vial":14,"Lizard Tail":7,"ChewingGum":10,"beaked:MawFillet":18,"Vampire_Amulet":0,"Membership Card":17,"ReplayTheSpireMod:Ring of Challenge":14,"theSenshi:SailorFukuRelic":27},{"construct:ClawGrip":59,"theForsaken:ScaryMask":141,"construct:FoamFinger":141,"Replay:Grab Bag":59,"PreservedInsect":96,"Hallownest:DreamNailRelic":11,"Orichalcum":167,"White Beast Statue":77,"Du-Vu Doll":20,"Sozu":59,"Blood Vial":77,"Lizard Tail":41,"ChewingGum":59,"beaked:MawFillet":103,"Vampire_Amulet":0,"Membership Card":96,"ReplayTheSpireMod:Ring of Challenge":77,"theSenshi:SailorFukuRelic":161}]},"card_choices":[{"not_picked":["Bone_Shift","Chill_Blood"],"picked":"Blood_Is_Power","floor":1.0},{"not_picked":["Toxic_Smoke_Screen","Negative_Energy_Sphere","Negative_Energy_Shield"],"picked":"SKIP","floor":2.0},{"not_picked":["Death_March_Dance","Shackles_Of_Pain"],"picked":"Summon_Undead_Army","floor":4.0},{"not_picked":["Chill_Blood","Shackles_Of_Pain"],"picked":"Negative_Energy_Sphere","floor":6.0},{"not_picked":["Necromantic_Selection","Vampiric_Strike"],"picked":"Summon_Undead","floor":7.0},{"not_picked":["Shackles_Of_Pain","Corrupt","Negative_Energy_Javelin"],"picked":"SKIP","floor":10.0},{"not_picked":["Bone_Bullets","Finger_Of_Death"],"picked":"Summon_Undead","floor":11.0},{"not_picked":["Acid_Javelin","Whirlwind_of_Bones","Finger_Of_Death"],"picked":"SKIP","floor":12.0},{"not_picked":["Blood_Whip","Finger_Of_Death","Blood_Curse"],"picked":"SKIP","floor":14.0},{"not_picked":["Summon_Death_Knight","Cloudkill"],"picked":"Grasp_Heart","floor":16.0},{"not_picked":["Death_March_Dance","Negative_Energy_Javelin","Bone_Spikes"],"picked":"SKIP","floor":18.0},{"not_picked":["Bone_Spikes","Slay_Living+1","Blood_for_Blood"],"picked":"SKIP","floor":19.0},{"not_picked":["Bone_Prison","Blood_for_Blood","Vampiric_Strike"],"picked":"SKIP","floor":20.0},{"not_picked":["Scare","Negative_Energy_Sphere"],"picked":"Uncharnel","floor":22.0},{"not_picked":["Death_March_Dance","Consume_Illness"],"picked":"Summon_Vampire_Lady","floor":27.0},{"not_picked":["Bones_to_Steel","Siphon_Strength+1"],"picked":"Life_Drain","floor":28.0},{"not_picked":["Chill_Blood","Epidemic","Blood_Whip"],"picked":"SKIP","floor":29.0},{"not_picked":["Negative_Energy_Sphere+1","Necromantic_Selection","Consume_Illness+1"],"picked":"SKIP","floor":35.0},{"not_picked":["Bone_Armory","Negative_Energy_Javelin","Shackles_Of_Pain+1"],"picked":"SKIP","floor":37.0},{"not_picked":["Finger_Of_Death+1","Negative_Energy_Mist"],"picked":"Negative_Energy_Shield+1","floor":38.0},{"not_picked":["Shackles_Of_Pain","Death_March_Dance+1","Blood_Curse+1"],"picked":"SKIP","floor":39.0},{"not_picked":["Blood_Curse","Acid_Javelin+1","Bone_Shift+1"],"picked":"SKIP","floor":41.0},{"not_picked":["Consume_Illness","Violent_Necrosis+1","Shackles_Of_Pain+1"],"picked":"SKIP","floor":42.0},{"not_picked":["Death_March_Dance+1","Necromantic_Selection","Blood_Shield"],"picked":"SKIP","floor":46},{"not_picked":["Scare","Chill_Blood+1"],"picked":"Uncharnel+1","floor":48},{"not_picked":["Bones_to_Steel","Death_Coil","Chill_Blood"],"picked":"SKIP","floor":54}],"player_experience":106364,"relics_obtained":[{"floor":6.0,"key":"Du-Vu Doll"},{"floor":11.0,"key":"Lizard Tail"},{"floor":24.0,"key":"ReplayTheSpireMod:Ring of Challenge"},{"floor":26.0,"key":"White Beast Statue"},{"floor":29.0,"key":"PreservedInsect"},{"floor":42.0,"key":"theForsaken:ScaryMask"},{"floor":43.0,"key":"construct:FoamFinger"},{"floor":54,"key":"Orichalcum"}],"event_choices":[],"is_beta":false,"boss_relics":[{"not_picked":["ReplayTheSpireMod:SealedPack","Ring of Chaos"],"picked":"Replay:Grab Bag"},{"not_picked":["ReplayTheSpireMod:Onyx Gauntlets","Painkiller Herb"],"picked":"Sozu"},{"not_picked":["Busted Crown","Runic Dome"],"picked":"ChewingGum"},{"not_picked":["SacredBark","Kintsugi"],"picked":"construct:ClawGrip"},{"not_picked":["Replay:Ancient Bell","Coffee Dripper"],"picked":"beaked:MawFillet"}],"items_purged_floors":[25,53],"is_endless":false,"potions_floor_spawned":[1,6,7,10,16,22,27,28,29,33,35,37,38,39,41,42,46,48,54],"killed_by":"The Heart","ascension_level":0}}