{"host":"6dypmz777xraikqf","time":1609938039,"event":{"mods":["AchievementEnabler","BaseMod","BetterRewards","Colored Map","Colored Powertips","Downfall","Highlight Path","Hubris","Infinite Spire","Minty Spire (QoL Compilation)","Replay The Spire","StSLib"],"gold_per_floor":[116,116,136,99,111,128,145,175,175,156,156,187,217,242,242,342,342,359,274,274,294,307,340,340,356,356,373,399,399,399,399,504,504,516,516,516],"floor_reached":36,"playtime":2662,"items_purged":["Defend_R"],"score":804,"play_id":"5f43388a-f345-4a1d-ad8b-1f4efd9e13c7","local_time":"20210106130039","is_ascension_mode":true,"campfire_choices":[{"floor":11,"key":"REST"},{"data":"ReplayTheSpireMod:Muscle Training","floor":15,"key":"SMITH"},{"floor":24,"key":"REST"},{"data":"Limit Break","floor":30,"key":"SMITH"},{"floor":32,"key":"DIG"}],"circlet_count":0,"master_deck":["Strike_R","Strike_R","Strike_R","Strike_R","Strike_R","Defend_R","Defend_R","Defend_R","Bash","True Grit","Deep Breath","Havoc+1","Pommel Strike","Feel No Pain","Battle Trance","Havoc","Defy Death","infinitespire:Fortify","Body Slam","Metallicize","Replay:Undeath\u0027s Touch","ReplayTheSpireMod:Muscle Training+1","Limit Break+1","True Grit","Shockwave","Infernal Blade","Spot Weakness+1","Shrug It Off","Dark Embrace","Demon Form","Limit Break"],"relics":["Burning Blood","Dead Branch","White Beast Statue","Snack Pack","Bag of Marbles","Onion Ring","hubris:RunicObelisk","Turnip","hubris:Icosahedron","hubris:Teleporter","Singing Bowl","ReplayTheSpireMod:TigerMarble","Ornamental Fan","Art of War","Cursed Key"],"acts_visited":["TheCity","TheBeyond"],"potions_floor_usage":[8,10,12,12,14,16,27,28,33,33,36,36],"damage_taken":[{"damage":2,"enemies":"Small Slimes","floor":1,"turns":4},{"damage":0,"enemies":"Cultist","floor":3,"turns":4},{"damage":0,"enemies":"2 Louse","floor":5,"turns":4},{"damage":6,"enemies":"Blue Slaver","floor":6,"turns":2},{"damage":17,"enemies":"2 Fungi Beasts","floor":7,"turns":3},{"damage":40,"enemies":"Nightmare","floor":8,"turns":10},{"damage":1,"enemies":"Exordium Thugs","floor":10,"turns":4},{"damage":21,"enemies":"Gremlin Nob","floor":12,"turns":4},{"damage":1,"enemies":"Replay:BlueRogue","floor":14,"turns":5},{"damage":12,"enemies":"The Guardian","floor":16,"turns":7},{"damage":21,"enemies":"3 Byrds","floor":18,"turns":5},{"damage":7,"enemies":"Chosen","floor":21,"turns":3},{"damage":14,"enemies":"Sentry and Sphere","floor":22,"turns":6},{"damage":28,"enemies":"Replay:Snechameleon","floor":23,"turns":6},{"damage":6,"enemies":"Centurion and Healer","floor":25,"turns":4},{"damage":23,"enemies":"Cultist and Chosen","floor":27,"turns":5},{"damage":23,"enemies":"Slavers","floor":28,"turns":5},{"damage":25,"enemies":"Champ","floor":33,"turns":7},{"damage":0,"enemies":"Orb Walker","floor":35,"turns":2},{"damage":12,"enemies":"infinitespire:Three Voidlings","floor":36,"turns":5},{"damage":83,"enemies":"Nightmare_Alpha","floor":36,"turns":5}],"seed_played":"-7836811085688387481","potions_obtained":[{"floor":6,"key":"Swift Potion"},{"floor":7,"key":"LiquidMemories"},{"floor":8,"key":"AttackPotion"},{"floor":10,"key":"ElixirPotion"},{"floor":12,"key":"Adrenaline Potion"},{"floor":14,"key":"SkillPotion"},{"floor":16,"key":"BlessingOfTheForge"},{"floor":18,"key":"ElixirPotion"},{"floor":21,"key":"Explosive Potion"},{"floor":22,"key":"SteroidPotion"},{"floor":25,"key":"Strength Potion"},{"floor":27,"key":"Languid Potion"},{"floor":28,"key":"Explosive Potion"},{"floor":33,"key":"BlessingOfTheForge"},{"floor":35,"key":"sneckomod:MuddlingPotion"}],"is_trial":false,"path_per_floor":["M","?","M","$","M","M","M","NM","T","M","R","E","?","E","R","B",null,"M","?","?","M","M","E","R","M","T","M","E","R","T","R_BF","B",null,"M","?"],"character_chosen":"IRONCLAD","items_purchased":["True Grit","Deep Breath","Feel No Pain"],"campfire_rested":2,"item_purchase_floors":[0,0,4],"current_hp_per_floor":[56,56,62,62,68,68,57,23,23,28,52,39,39,46,46,44,71,60,60,60,61,57,35,59,63,63,52,39,39,39,39,26,67,82,0,0],"gold":516,"neow_bonus":"","is_daily":false,"chose_seed":false,"campfire_upgraded":2,"win_rate":0.0,"timestamp":1609938039,"path_taken":["M","?","M","?","?","M","M","NM","T","M","R","E","?","E","R","BOSS","M","?","?","M","M","E","R","M","T","M","E","R","?","R_BF","BOSS","M","?"],"items_purchased_type":["Card","Card","Card"],"build_version":"2020-12-22","purchased_purges":1,"victory":false,"max_hp_per_floor":[80,80,80,80,80,80,80,80,80,80,80,80,80,80,80,80,80,80,80,80,80,80,80,80,80,80,80,80,80,80,80,80,80,82,82,82],"card_choices":[{"not_picked":["Anger","ReplayTheSpireMod:Limb From Limb"],"picked":"Havoc","floor":1},{"not_picked":["Headbutt","Anger"],"picked":"Pommel Strike","floor":3},{"not_picked":["Berserk","Wild Strike"],"picked":"Battle Trance","floor":5},{"not_picked":["Carnage","Power Through"],"picked":"Havoc","floor":6},{"not_picked":["Life Link","Run Through"],"picked":"Defy Death","floor":7},{"not_picked":["ReplayTheSpireMod:Haul","ReplayTheSpireMod:Chaos Vortex"],"picked":"infinitespire:Fortify","floor":8},{"not_picked":["Metallicize","Carnage"],"picked":"Body Slam","floor":8},{"not_picked":["Iron Wave","Wild Strike"],"picked":"Metallicize","floor":10},{"not_picked":["Hemogenesis","Shockwave"],"picked":"Replay:Undeath\u0027s Touch","floor":12},{"not_picked":["Hemokinesis","Rage"],"picked":"ReplayTheSpireMod:Muscle Training","floor":14},{"not_picked":["Feed","Impervious"],"picked":"Limit Break","floor":16},{"not_picked":["Sword Boomerang","Anger"],"picked":"True Grit","floor":18},{"not_picked":["ReplayTheSpireMod:LeadingStrike+1","Pommel Strike"],"picked":"Shockwave","floor":21},{"not_picked":["Evolve","Thunderclap"],"picked":"Infernal Blade","floor":22},{"not_picked":["Warcry+1","Replay:Undeath\u0027s Touch"],"picked":"Spot Weakness+1","floor":23},{"not_picked":["Shockwave","Sword Boomerang"],"picked":"Shrug It Off","floor":25},{"not_picked":["Sever Soul","Headbutt+1"],"picked":"Dark Embrace","floor":27},{"not_picked":["Massacre","Wild Strike"],"picked":"Demon Form","floor":28},{"not_picked":["Juggernaut","Feed"],"picked":"Limit Break","floor":33},{"not_picked":["Cleave","Ghostly Armor","Perfected Strike"],"picked":"Singing Bowl","floor":35}],"player_experience":119760,"relics_obtained":[{"floor":8,"key":"White Beast Statue"},{"floor":9,"key":"Snack Pack"},{"floor":12,"key":"Bag of Marbles"},{"floor":14,"key":"Onion Ring"},{"floor":23,"key":"hubris:Teleporter"},{"floor":26,"key":"Singing Bowl"},{"floor":28,"key":"ReplayTheSpireMod:TigerMarble"},{"floor":31,"key":"Ornamental Fan"},{"floor":32,"key":"Art of War"}],"event_choices":[{"damage_healed":0,"gold_gain":0,"player_choice":"Upgraded","damage_taken":0,"max_hp_gain":0,"max_hp_loss":0,"event_name":"Upgrade Shrine","floor":2,"gold_loss":0,"cards_upgraded":["Havoc"]},{"damage_healed":0,"gold_gain":30,"player_choice":"Searched \u00271\u0027 times","damage_taken":0,"max_hp_gain":0,"max_hp_loss":0,"event_name":"Dead Adventurer","floor":13,"gold_loss":0},{"damage_healed":0,"gold_gain":0,"player_choice":"Obtained Relic","damage_taken":0,"relics_obtained":["Turnip"],"max_hp_gain":0,"max_hp_loss":0,"event_name":"Addict","floor":19,"gold_loss":85}],"is_beta":false,"boss_relics":[{"not_picked":["Astrolabe","Replay:Wanted Poster"],"picked":"hubris:RunicObelisk"},{"not_picked":["Mark of Pain","Replay:Ancient Bell"],"picked":"Cursed Key"}],"items_purged_floors":[0],"is_endless":true,"potions_floor_spawned":[6,7,8,10,12,14,16,18,21,22,23,25,27,28,33,35,36],"killed_by":"Nightmare_Alpha","ascension_level":8}}