{"host":"asvo3lww92cpth4d","time":1609911928,"event":{"mods":["AchievementEnabler","Act Like it!","Aspiration","BaseMod","Colored Map","Conspire","Downfall","Duelist Mod","GifTheSpireLib","GungeonMod","Halation","Hubris","Hyrulean Relics","Infinite Spire","Jedi Mod","Lobotomy","Minty Spire (QoL Compilation)","Rare Cards Sparkle","Replay The Spire","SCP261 Mod","Shop Mod","Spikes Relics","Spires And Sneckos","StSLib","Stuff the Spire","The Factory","The Jungle","The Kombatant","The Necromancer","The Wild Card","TheArtist","TheHero","vexMod"],"gold_per_floor":[141,63,75,95,109,109,140,153,230,230,243,191,191,211,211,310,310,330,330,320,332,332,332],"floor_reached":22,"playtime":1740,"items_purged":[],"score":190,"play_id":"a8b2ecab-2905-4f35-bf47-d38a2c129c12","local_time":"20210106164528","is_ascension_mode":false,"campfire_choices":[{"data":"theDuelist:GravityAxe","floor":6,"key":"SMITH"},{"floor":13,"key":"REST"},{"floor":15,"key":"REST"}],"circlet_count":0,"master_deck":["theDuelist:BeaverWarrior","theDuelist:BeaverWarrior","theDuelist:CastleWalls","theDuelist:CastleWalls","theDuelist:FinalFlame","theDuelist:GiantSoldier","theDuelist:GiantSoldier","theDuelist:ScrapFactory","theDuelist:Sparks","theDuelist:Sparks","theDuelist:ForbiddenLance","theDuelist:GravityAxe+1","theDuelist:BigFire","theDuelist:MeteorDestruction+1","theDuelist:Hinotama","theDuelist:WormApocalypse","theDuelist:FluteKuriboh","theDuelist:MeteorDestruction","theDuelist:FluteKuriboh","theDuelist:HappyLover","theDuelist:BattleFootballer","theDuelist:RainbowNeos","theDuelist:SpiritHarp"],"relics":["theDuelist:MillenniumPuzzle","theDuelist:CardPoolRelic","theDuelist:CardPoolBasicRelic","theDuelist:BoosterPackPoolRelic","theDuelist:CardPoolAddRelic","theDuelist:CardPoolMinusRelic","theDuelist:CardPoolSaveRelic","theDuelist:CardPoolOptionsRelic","halation:QuantumPhysicsTextbook","conspire:Flyswatter","RollingBoulder"],"acts_visited":["Exordium","TheCity"],"potions_floor_usage":[],"damage_taken":[{"damage":1,"enemies":"Jaw Worm","floor":1,"turns":5},{"damage":0,"enemies":"Cultist","floor":3,"turns":2},{"damage":5,"enemies":"conspire:RoseBush","floor":4,"turns":2},{"damage":0,"enemies":"2 Fungi Beasts","floor":5,"turns":3},{"damage":2,"enemies":"Replay:BlueRogue","floor":7,"turns":4},{"damage":0,"enemies":"Large Slime","floor":8,"turns":4},{"damage":9,"enemies":"Lots of Slimes","floor":11,"turns":4},{"damage":12,"enemies":"2 Fungi Beasts","floor":14,"turns":3},{"damage":27,"enemies":"Hexaghost","floor":16,"turns":9},{"damage":23,"enemies":"3 Byrds","floor":18,"turns":5},{"damage":7,"enemies":"2 Thieves","floor":20,"turns":4},{"damage":8,"enemies":"Centurion and Healer","floor":21,"turns":4},{"damage":61,"enemies":"Centurion and Healer","floor":22,"turns":8}],"seed_played":"-4919434138276740016","potions_obtained":[{"floor":1,"key":"Weak Potion"},{"floor":3,"key":"theDuelist:SolderPotionB"},{"floor":8,"key":"Block Potion"},{"floor":18,"key":"DemoMod:LeadSkinPotion"}],"is_trial":false,"path_per_floor":["M","$","M","M","M","R","E","M","T","?","M","$","R","M","R","B",null,"M","?","M","M","?"],"character_chosen":"THE_DUELIST","items_purchased":["theDuelist:GravityAxe","theDuelist:MeteorDestruction"],"campfire_rested":2,"item_purchase_floors":[2,12],"current_hp_per_floor":[87,87,87,82,82,82,80,80,80,80,71,71,88,76,88,61,88,65,74,67,59,0,0],"gold":332,"neow_bonus":"TEN_PERCENT_HP_BONUS","is_daily":false,"chose_seed":false,"campfire_upgraded":1,"win_rate":0.0,"timestamp":1609911928,"path_taken":["M","$","M","M","M","R","E","M","T","?","M","$","R","?","R","BOSS","M","?","M","M","?"],"items_purchased_type":["Card","Card"],"build_version":"2020-12-22","purchased_purges":0,"victory":false,"max_hp_per_floor":[88,88,88,88,88,88,88,88,88,88,88,88,88,88,88,88,88,88,88,88,88,88,88],"card_choices":[{"not_picked":["theDuelist:AncientGearFist","theDuelist:KamionTimelord"],"picked":"theDuelist:ForbiddenLance","floor":1},{"not_picked":["theDuelist:CrystalBlessing","theDuelist:FrontierWiseman","theDuelist:GravityBlaster","theDuelist:FusionFire"],"picked":"theDuelist:BigFire","floor":3},{"not_picked":["theDuelist:Wiretap","theDuelist:MagnumShield+1","theDuelist:MagicalStone+1","theDuelist:CombinationAttack+1"],"picked":"theDuelist:MeteorDestruction+1","floor":4},{"not_picked":["theDuelist:WhiteHowling","theDuelist:GravityAxe","theDuelist:Electrowhip","theDuelist:ElectromagneticShield"],"picked":"SKIP","floor":5},{"not_picked":["theDuelist:DoubleTool","theDuelist:SpiritHarp","theDuelist:Tuningware","theDuelist:MiracleFertilizer"],"picked":"theDuelist:Hinotama","floor":7},{"not_picked":["theDuelist:SpellShatteringArrow","theDuelist:FluteKuriboh","theDuelist:DarkBurningAttack","theDuelist:BigFire"],"picked":"theDuelist:WormApocalypse","floor":8},{"not_picked":["theDuelist:SpellShatteringArrow","theDuelist:BigFire","theDuelist:ScrapFactory","theDuelist:FusionWeapon"],"picked":"theDuelist:FluteKuriboh","floor":11},{"not_picked":["theDuelist:RainbowNeos","theDuelist:EgoBoost","theDuelist:Tuningware","theDuelist:LegendHeart"],"picked":"theDuelist:FluteKuriboh","floor":14},{"not_picked":["theDuelist:RainbowNeos","theDuelist:KamionTimelord","theDuelist:RainbowKuriboh","theDuelist:RainbowOverdragon"],"picked":"theDuelist:HappyLover","floor":16},{"not_picked":["theDuelist:BigFire","theDuelist:WormApocalypse","theDuelist:BreakDraw","theDuelist:MythicalBeast"],"picked":"theDuelist:BattleFootballer","floor":18},{"not_picked":["theDuelist:MeteorDestruction+1","theDuelist:SwordDeepSeated","theDuelist:PowerWall","theDuelist:SparkBlaster"],"picked":"theDuelist:RainbowNeos","floor":20},{"not_picked":["theDuelist:CoreBlaster","theDuelist:Tuningware","theDuelist:ScrapFactory","theDuelist:OnslaughtFireKings+1"],"picked":"theDuelist:SpiritHarp","floor":21}],"player_experience":181346,"relics_obtained":[{"floor":7,"key":"halation:QuantumPhysicsTextbook"},{"floor":9,"key":"conspire:Flyswatter"}],"event_choices":[{"damage_healed":0,"gold_gain":0,"player_choice":"Gave Potion","damage_taken":0,"relics_obtained":["RollingBoulder"],"max_hp_gain":0,"max_hp_loss":0,"event_name":"WeMeetAgain","floor":10,"gold_loss":0},{"damage_healed":0,"gold_gain":0,"player_choice":"Fight","duelist":true,"damage_taken":0,"max_hp_gain":0,"max_hp_loss":0,"event_name":"Battle City","floor":22,"gold_loss":0}],"is_beta":false,"boss_relics":[{"not_picked":["halation:PinkAlligatorPlush","Replay:Bronze Core","vexMod:EndlessSickness"]}],"items_purged_floors":[],"is_endless":false,"potions_floor_spawned":[1,3,8,18,21],"killed_by":"Centurion and Healer","ascension_level":0}}