{"host":"5x08nt64u3vxxcfi","time":1609901315,"event":{"mods":["BaseMod","Minty Spire (QoL Compilation)","StSLib","SuperFastMode"],"gold_per_floor":[10,24,24,36,50,50,82,82,106,70,103,127,127,12,12,110,110,121,103,115,115,134,134,146,146,146,172,28,46,46,62,62,62,62],"floor_reached":33,"playtime":801,"items_purged":[],"score":302,"play_id":"52f48e4f-92af-4b6d-892c-2337d9fa02f5","local_time":"20210106114835","is_ascension_mode":false,"campfire_choices":[{"data":"Eruption","floor":6,"key":"SMITH"},{"data":"WindmillStrike","floor":13,"key":"SMITH"},{"data":"Crescendo","floor":15,"key":"SMITH"},{"data":"BattleHymn","floor":23,"key":"SMITH"},{"data":"ThirdEye","floor":25,"key":"SMITH"},{"data":"Wallop","floor":32,"key":"SMITH"}],"circlet_count":0,"master_deck":["Strike_P","Strike_P","Strike_P","Defend_P+1","Defend_P","Defend_P","Defend_P","Eruption+1","Vigilance","ThirdEye+1","BattleHymn+1","Crescendo+1","ClearTheMind+1","EmptyMind","Indignation","LikeWater","WindmillStrike+1","FearNoEvil","Nirvana","Brilliance","EmptyBody","ThirdEye+1","Tantrum+1","Ghostly","Ghostly","Ghostly","Ghostly","Ghostly","WindmillStrike+1","LikeWater+1","CutThroughFate+1","WaveOfTheHand","TalkToTheHand","Wallop+1"],"relics":["PureWater","StoneCalendar","Centennial Puzzle","Dream Catcher","Orichalcum","Toy Ornithopter","VioletLotus","Unceasing Top","Tiny Chest","War Paint"],"acts_visited":["Exordium","TheCity"],"potions_floor_usage":[7,16,16],"damage_taken":[{"damage":0,"enemies":"Cultist","floor":1,"turns":4},{"damage":1,"enemies":"2 Louse","floor":2,"turns":4},{"damage":0,"enemies":"Jaw Worm","floor":4,"turns":4},{"damage":7,"enemies":"Blue Slaver","floor":5,"turns":3},{"damage":12,"enemies":"Gremlin Nob","floor":7,"turns":3},{"damage":8,"enemies":"3 Sentries","floor":11,"turns":5},{"damage":29,"enemies":"Hexaghost","floor":16,"turns":7},{"damage":0,"enemies":"Spheric Guardian","floor":18,"turns":3},{"damage":10,"enemies":"2 Thieves","floor":19,"turns":4},{"damage":26,"enemies":"Snake Plant","floor":20,"turns":4},{"damage":2,"enemies":"Snecko","floor":22,"turns":6},{"damage":0,"enemies":"3 Cultists","floor":24,"turns":5},{"damage":18,"enemies":"Book of Stabbing","floor":27,"turns":5},{"damage":0,"enemies":"Centurion and Healer","floor":29,"turns":4},{"damage":6,"enemies":"Sentry and Sphere","floor":31,"turns":5},{"damage":96,"enemies":"Automaton","floor":33,"turns":6}],"seed_played":"-4725108837788613336","potions_obtained":[{"floor":4,"key":"LiquidMemories"},{"floor":5,"key":"Strength Potion"},{"floor":7,"key":"SkillPotion"},{"floor":20,"key":"BottledMiracle"},{"floor":27,"key":"Block Potion"},{"floor":31,"key":"FearPotion"}],"is_trial":false,"path_per_floor":["M","M","?","M","M","R","E","?","T","$","E","T","R","$","R","B",null,"M","M","M","?","M","R","M","R","T","E","$","M","?","M","R","B"],"character_chosen":"WATCHER","items_purchased":["LikeWater","FearNoEvil","Nirvana","War Paint"],"campfire_rested":0,"item_purchase_floors":[10,14,14,28],"current_hp_per_floor":[72,71,72,72,65,65,53,53,53,53,45,45,45,45,45,26,72,72,62,36,36,34,34,34,34,34,16,16,16,16,10,10,0,0],"gold":62,"neow_bonus":"ONE_RARE_RELIC","is_daily":false,"chose_seed":false,"campfire_upgraded":6,"win_rate":0.0,"timestamp":1609901315,"path_taken":["M","M","?","M","?","R","E","?","T","$","E","?","R","?","R","BOSS","M","M","M","?","M","R","M","R","T","E","$","M","?","M","R","BOSS"],"items_purchased_type":["Card","Card","Card","Relic"],"build_version":"2020-12-22","purchased_purges":0,"victory":false,"max_hp_per_floor":[72,72,72,72,72,72,72,72,72,72,72,72,72,72,72,72,72,72,72,72,36,36,36,36,36,36,36,36,36,36,36,36,36,36],"card_choices":[{"not_picked":["Perseverance","DeceiveReality"],"picked":"ThirdEye","floor":1},{"not_picked":["Indignation","Perseverance"],"picked":"BattleHymn","floor":2},{"not_picked":["FollowUp","EmptyBody"],"picked":"Crescendo","floor":4},{"not_picked":["Prostrate","EmptyMind"],"picked":"ClearTheMind","floor":5},{"not_picked":["WreathOfFlame","Prostrate"],"picked":"EmptyMind","floor":7},{"not_picked":["Blasphemy","Sanctity"],"picked":"WindmillStrike","floor":11},{"not_picked":["Blasphemy","Scrawl"],"picked":"Brilliance","floor":16},{"not_picked":["Study","ClearTheMind"],"picked":"EmptyBody","floor":18},{"not_picked":["Perseverance","CarveReality"],"picked":"ThirdEye+1","floor":19},{"not_picked":["Crescendo","Pray"],"picked":"Tantrum+1","floor":20},{"not_picked":["Prostrate","FollowUp"],"picked":"WindmillStrike+1","floor":22},{"not_picked":["SashWhip","FlyingSleeves+1"],"picked":"LikeWater+1","floor":24},{"not_picked":["Protect","FollowUp"],"picked":"CutThroughFate+1","floor":27},{"not_picked":["Alpha","Protect+1"],"picked":"WaveOfTheHand","floor":29},{"not_picked":["ThirdEye","Meditate"],"picked":"Wallop","floor":31}],"player_experience":46083,"relics_obtained":[{"floor":7,"key":"Centennial Puzzle"},{"floor":9,"key":"Dream Catcher"},{"floor":11,"key":"Orichalcum"},{"floor":12,"key":"Toy Ornithopter"},{"floor":26,"key":"Unceasing Top"},{"floor":27,"key":"Tiny Chest"}],"event_choices":[{"damage_healed":1,"gold_gain":0,"player_choice":"Full Heal","damage_taken":0,"max_hp_gain":0,"max_hp_loss":0,"event_name":"Wheel of Change","floor":3,"gold_loss":0},{"damage_healed":0,"gold_gain":0,"cards_transformed":["Strike_P"],"player_choice":"Change","damage_taken":0,"max_hp_gain":0,"max_hp_loss":0,"event_name":"Living Wall","floor":8,"gold_loss":0,"cards_obtained":["Indignation"]},{"damage_healed":0,"gold_gain":0,"player_choice":"Became a Ghost","damage_taken":0,"max_hp_gain":0,"max_hp_loss":36,"event_name":"Ghosts","floor":21,"gold_loss":0,"cards_obtained":["Ghostly","Ghostly","Ghostly","Ghostly","Ghostly"]},{"damage_healed":0,"gold_gain":0,"player_choice":"Read","damage_taken":0,"max_hp_gain":0,"max_hp_loss":0,"event_name":"The Library","floor":30,"gold_loss":0,"cards_obtained":["TalkToTheHand"]}],"is_beta":false,"boss_relics":[{"not_picked":["Tiny House","Fusion Hammer"],"picked":"VioletLotus"}],"items_purged_floors":[],"is_endless":false,"potions_floor_spawned":[4,5,7,20,27,31],"killed_by":"Automaton","ascension_level":0}}