{"host":"sm7bnwhqk38mm91i","time":1609901013,"event":{"mods":["BaseMod","Minty Spire (QoL Compilation)"],"gold_per_floor":[112,187,205,205,218,243,255,255,309,325,325,20,30,43,43,148,148,164,164,10,10,10,10,10,36,36,53,53,53,87,105,105,105,105],"floor_reached":33,"playtime":2401,"items_purged":[],"score":324,"play_id":"f33fba98-ad12-4290-8b04-d43d74a48a36","local_time":"20210105214333","is_ascension_mode":true,"campfire_choices":[{"floor":8,"key":"REST"},{"floor":15,"key":"REST"},{"data":"Juggernaut","floor":23,"key":"SMITH"},{"floor":32,"key":"REST"}],"circlet_count":0,"master_deck":["Defend_R","Defend_R","Defend_R","Bash","Pommel Strike","Headbutt","Heavy Blade","Juggernaut+1","Clothesline","Whirlwind","Heavy Blade","Barricade","Cleave+1","Double Tap","Combust","Bite","Bite","Bite","Bite","Bite+1","Metallicize","Dual Wield+1","Dark Embrace","Armaments","Warcry"],"relics":["Burning Blood","Letter Opener","Red Skull","PreservedInsect","Thread and Needle","Sozu","MealTicket","Whetstone","Gremlin Horn","Bird Faced Urn"],"acts_visited":["Exordium","TheCity"],"potions_floor_usage":[7,33],"damage_taken":[{"damage":11,"enemies":"Jaw Worm","floor":1,"turns":3},{"damage":0,"enemies":"Small Slimes","floor":3,"turns":3},{"damage":6,"enemies":"Cultist","floor":5,"turns":3},{"damage":68,"enemies":"Lagavulin","floor":6,"turns":7},{"damage":6,"enemies":"3 Louse","floor":7,"turns":4},{"damage":5,"enemies":"Large Slime","floor":10,"turns":4},{"damage":0,"enemies":"2 Fungi Beasts","floor":13,"turns":3},{"damage":3,"enemies":"Looter","floor":14,"turns":2},{"damage":31,"enemies":"Slime Boss","floor":16,"turns":9},{"damage":17,"enemies":"Spheric Guardian","floor":18,"turns":4},{"damage":25,"enemies":"Gremlin Leader","floor":25,"turns":5},{"damage":24,"enemies":"2 Thieves","floor":27,"turns":3},{"damage":42,"enemies":"Slavers","floor":30,"turns":3},{"damage":9,"enemies":"Sentry and Sphere","floor":31,"turns":3},{"damage":72,"enemies":"Automaton","floor":33,"turns":6}],"seed_played":"2487203141113718781","potions_obtained":[{"floor":5,"key":"SkillPotion"},{"floor":7,"key":"Explosive Potion"},{"floor":10,"key":"Weak Potion"}],"is_trial":false,"path_per_floor":["M","?","M","?","M","E","M","R","T","M","?","$","M","M","R","B",null,"M","?","$","?","?","R","$","E","T","M","?","$","E","M","R","B"],"character_chosen":"IRONCLAD","items_purchased":["Thread and Needle","MealTicket"],"campfire_rested":3,"item_purchase_floors":[12,20],"current_hp_per_floor":[75,64,70,75,75,13,13,38,38,39,39,39,45,48,73,48,85,74,59,59,59,59,59,59,45,45,41,31,46,19,33,52,0,0],"gold":105,"neow_bonus":"THREE_CARDS","is_daily":false,"chose_seed":false,"campfire_upgraded":1,"win_rate":0.0,"timestamp":1609901013,"path_taken":["M","?","M","?","M","E","M","R","T","M","?","$","?","M","R","BOSS","M","?","$","?","?","R","$","E","T","M","?","?","E","M","R","BOSS"],"items_purchased_type":["Relic","Relic"],"build_version":"2020-12-22","purchased_purges":0,"victory":false,"max_hp_per_floor":[80,80,80,85,85,85,85,85,85,85,85,85,85,85,85,85,85,85,59,59,59,59,59,59,59,59,59,64,64,64,64,64,64,64],"card_choices":[{"not_picked":["Body Slam","Intimidate"],"picked":"Pommel Strike","floor":0},{"not_picked":["Anger","Flame Barrier"],"picked":"Headbutt","floor":1},{"not_picked":["Shrug It Off","Thunderclap"],"picked":"Heavy Blade","floor":3},{"not_picked":["Pommel Strike","True Grit"],"picked":"Juggernaut","floor":5},{"not_picked":["Flex","Hemokinesis"],"picked":"Clothesline","floor":6},{"not_picked":["True Grit","Searing Blow"],"picked":"Whirlwind","floor":7},{"not_picked":["Warcry","Twin Strike"],"picked":"Heavy Blade","floor":10},{"not_picked":["Shrug It Off","Whirlwind"],"picked":"Barricade","floor":13},{"not_picked":["Twin Strike","Disarm"],"picked":"Cleave","floor":14},{"not_picked":["Demon Form","Brutality"],"picked":"Double Tap","floor":16},{"not_picked":["Flame Barrier","Clothesline"],"picked":"Combust","floor":18},{"not_picked":["Ghostly Armor","Rampage"],"picked":"Dual Wield+1","floor":25},{"not_picked":["Dropkick","Shrug It Off+1"],"picked":"Dark Embrace","floor":27},{"not_picked":["Sever Soul","Bloodletting"],"picked":"Armaments","floor":30},{"not_picked":["Anger","Body Slam"],"picked":"Warcry","floor":31}],"player_experience":20224,"relics_obtained":[{"floor":6,"key":"Letter Opener"},{"floor":9,"key":"Red Skull"},{"floor":25,"key":"Whetstone"},{"floor":26,"key":"Gremlin Horn"},{"floor":30,"key":"Bird Faced Urn"}],"event_choices":[{"damage_healed":0,"gold_gain":75,"player_choice":"Gather Gold","damage_taken":11,"max_hp_gain":0,"max_hp_loss":0,"event_name":"World of Goop","floor":2,"gold_loss":0},{"damage_healed":0,"gold_gain":0,"player_choice":"Donut","damage_taken":0,"max_hp_gain":5,"max_hp_loss":0,"event_name":"Big Fish","floor":4,"gold_loss":0},{"damage_healed":0,"gold_gain":0,"player_choice":"Gave Potion","damage_taken":0,"relics_obtained":["PreservedInsect"],"max_hp_gain":0,"max_hp_loss":0,"event_name":"WeMeetAgain","floor":11,"gold_loss":0},{"damage_healed":0,"gold_gain":0,"player_choice":"Became a vampire","damage_taken":0,"max_hp_gain":0,"max_hp_loss":26,"event_name":"Vampires","floor":19,"gold_loss":0,"cards_obtained":["Bite","Bite","Bite","Bite","Bite"]},{"damage_healed":0,"gold_gain":0,"player_choice":"Read","damage_taken":0,"max_hp_gain":0,"max_hp_loss":0,"event_name":"The Library","floor":21,"gold_loss":0,"cards_obtained":["Metallicize"]},{"cards_removed":["Defend_R"],"damage_healed":0,"gold_gain":0,"player_choice":"Elegance","damage_taken":0,"max_hp_gain":0,"max_hp_loss":0,"event_name":"Back to Basics","floor":22,"gold_loss":0},{"damage_healed":0,"gold_gain":0,"player_choice":"Shed Blood","damage_taken":15,"max_hp_gain":5,"max_hp_loss":0,"event_name":"Forgotten Altar","floor":28,"gold_loss":0}],"is_beta":false,"boss_relics":[{"not_picked":["Coffee Dripper","Philosopher\u0027s Stone"],"picked":"Sozu"}],"items_purged_floors":[],"is_endless":false,"potions_floor_spawned":[5,7,10,18,30],"killed_by":"Automaton","ascension_level":1}}