{"host":"s41rn2jhghpwfrvz","time":1609897794,"event":{"mods":["BaseMod","Minty Spire (QoL Compilation)","Quick Restart","Relic Stats","SuperFastMode"],"gold_per_floor":[113,113,113,125,125,125,135,169,169,169,169],"floor_reached":10,"playtime":282,"items_purged":[],"score":132,"play_id":"98de634a-7c3a-4d63-b34a-3c3f671751dc","local_time":"20210106034954","daily_mods":["SealedDeck","Diverse","DeadlyEvents"],"is_ascension_mode":true,"campfire_choices":[{"data":"Prostrate","floor":6,"key":"SMITH"}],"circlet_count":0,"master_deck":["AscendersBane","Prepared","Turbo","Deflect","PiercingWail","Intimidate","Acrobatics","MentalFortress","Prostrate+1","Body Slam+1","Second Wind","Pommel Strike"],"relics":["Burning Blood","Girya","Self Forming Clay","Magic Flower"],"acts_visited":["Exordium"],"potions_floor_usage":[8],"damage_taken":[{"damage":0,"enemies":"Small Slimes","floor":1,"turns":5},{"damage":7,"enemies":"2 Louse","floor":4,"turns":4},{"damage":0,"enemies":"Cultist","floor":7,"turns":4},{"damage":4,"enemies":"Lagavulin","floor":8,"turns":5},{"damage":7,"enemies":"Gremlin Nob","floor":10,"turns":3}],"seed_played":"-1899967747561131393","potions_obtained":[{"floor":4,"key":"Swift Potion"}],"is_trial":true,"path_per_floor":["M","?","?","M","?","R","M","E","T","E"],"character_chosen":"IRONCLAD","items_purchased":[],"campfire_rested":0,"item_purchase_floors":[],"current_hp_per_floor":[74,29,22,21,21,21,27,29,29,22,22],"gold":169,"neow_bonus":"","is_daily":false,"chose_seed":false,"campfire_upgraded":1,"win_rate":0.0,"timestamp":1609897794,"path_taken":["M","?","?","M","?","R","M","E","T","E"],"items_purchased_type":[],"build_version":"2020-12-22","purchased_purges":0,"victory":false,"max_hp_per_floor":[75,75,75,75,75,75,75,75,75,75,75],"relic_stats":{"counters":[5,21],"Self Forming Clay":[3],"Magic Flower":[0],"obtain_stats":[{"Girya":2,"Self Forming Clay":8,"Magic Flower":9,"Burning Blood":0},{"Girya":1,"Self Forming Clay":4,"Magic Flower":4,"Burning Blood":0},{"Girya":5,"Self Forming Clay":18,"Magic Flower":18,"Burning Blood":0}],"Burning Blood":24},"card_choices":[{"not_picked":["Dodge and Roll","Streamline"],"picked":"Second Wind","floor":1},{"not_picked":["CarveReality","TalkToTheHand","Thunderclap"],"picked":"SKIP","floor":4},{"not_picked":["Thunderclap","ReachHeaven","Sweeping Beam"],"picked":"SKIP","floor":7},{"not_picked":["Coolheaded","Accuracy"],"picked":"Pommel Strike","floor":8}],"player_experience":1654380,"relics_obtained":[{"floor":8,"key":"Self Forming Clay"},{"floor":9,"key":"Magic Flower"}],"event_choices":[{"damage_healed":0,"gold_gain":0,"player_choice":"Success","damage_taken":45,"relics_obtained":["Girya"],"max_hp_gain":0,"max_hp_loss":0,"event_name":"Scrap Ooze","floor":2,"gold_loss":0},{"cards_removed":["Swivel"],"damage_healed":0,"gold_gain":0,"player_choice":"Card Removal","damage_taken":7,"max_hp_gain":0,"max_hp_loss":0,"event_name":"Golden Wing","floor":3,"gold_loss":0},{"damage_healed":0,"gold_gain":0,"player_choice":"Grow","damage_taken":0,"max_hp_gain":0,"max_hp_loss":0,"event_name":"Living Wall","floor":5,"gold_loss":0,"cards_upgraded":["Body Slam"]}],"is_beta":false,"boss_relics":[],"items_purged_floors":[],"is_endless":false,"potions_floor_spawned":[4],"killed_by":"Gremlin Nob","ascension_level":20}}