{"host":"w5vfr18i2ft1pzo2","time":1609948518,"event":{"mods":["AchievementEnabler","Act Like it!","Aspiration","BaseMod","Better Third Choice","BetterRewards","Colored Map","Colored Powertips","Conspire","Curses Come First","DNKmod","Defuse TimeMaze Blight","Dota2Spire","Elementarium","Energized Spire","Evolution","Force Act Four","Friendly Minions","Gensokyo","GifTheSpireLib","Gold Saver","GungeonMod","Halation","Hallownest","Hubris","Hyrulean Relics","Infinite Spire","Jedi Mod","Marisa????????","Minty Spire (QoL Compilation)","MostiFishMod","Prisma Mod","Remilia??????","Replay The Spire","SacredBarkPlus","Small Relic Pack","Spicy Shops","Spikes Relics","StSLib","Stuff the Spire","SuperFastMode","Synergy Search","The Blue Laboratory","The Servant 0.9.4","TheWitcher","Trackpad","Treasure Hunter","Uncapped","Wandering Minibosses","Yakumo Yukari mod","noobMod","vexMod","??????REMEMod"],"gold_per_floor":[1799,1497,1497,1529,1549,1582,1602,1621,1621,1636,1636,1744,1744,1848,1848,1948,1948,1959,1974,1988,1988,1998,2118,2118,2135,2158,2158,1270,1288,1302,1314,1314,1410,1410,1410,1230,1245,1095,1114,1254,1254,1270,1270,1395,1395,1278,1278,1292,1292,1292,1292,1292,1292,1396,1397],"floor_reached":56,"playtime":1712,"items_purged":["Defend_P","Defend_P","Defend_P","Defend_P"],"score":2189,"play_id":"028be3bb-c513-4cc6-9ef2-725eeaa8ca89","local_time":"20210106235518","is_ascension_mode":true,"campfire_choices":[{"floor":11,"key":"RECALL"},{"data":"Eruption","floor":15,"key":"SMITH"},{"data":"MostiFishMod:PathToVictory","floor":32,"key":"SMITH"},{"data":"ForeignInfluence","floor":41,"key":"SMITH"},{"data":"MostiFishMod:ButterFly","floor":49,"key":"SMITH"},{"data":"CutThroughFate","floor":52,"key":"SMITH"}],"circlet_count":0,"master_deck":["Strike_P","Strike_P","Strike_P","Strike_P","Eruption+1","Vigilance","WorldDissolvedintheRealm_purple+1","MostiFishMod:OneDayCity+1","MostiFishMod:PerfectForm","MostiFishMod:ButterFly+1","MostiFishMod:Speedup","CutThroughFate","TH:DeckOfManyThings","EmptyMind+1","MostiFishMod:Speedup+1","TH:DeckOfManyThings","TH:CursedSword","TH:DeckOfManyThings","TH:CursedSword+1","MostiFishMod:StarOceanP","Consecrate","CutThroughFate","LikeWater+1","TH:DeckOfManyThings","ForeignInfluence+1","TH:CopperCoins","MostiFishMod:PerfectForm","TalkToTheHand+1","Replay:Cycle+1","MostiFishMod:PathToVictory+1","TH:BikiniMail","LessonLearned","CutThroughFate+1","TH:DeckOfManyThings","Wireheading","MentalFortress","TH:BikiniMail","TH:CursedSword","CutThroughFate+1","SandsOfTime","TH:CursedSword"],"relics":["PureWater","EVO:Axolotl","DaveBox","ice","REME_ComplimentaryCards","aspiration:DSix","Transparent","SynthV:TestCard","ReplayTheSpireMod:ShopPack","Hallownest:SheosBrushRelic","trackpad:PetRock","DemoMod:GlassGuonStoneRelic","StuffTheSpire:TintedRock","Dota2Spire:DrumOfEndurance","WizardHat","SlaversCollar","ExusiaiGun","Oddly Smooth Stone","relicPack:DSword","War Paint","Question Card","Elementarium:ElementariumTrophy","hubris:Stopwatch","hubris:Icosahedron","Hallownest:StagBellRelic1","Incense Burner","Rawhide","StuffTheSpire:CocoNut","relicPack:AllForOne","Dota2Spire:OctarineCore","ExusiaiGun","Replay:Ringing Soul"],"acts_visited":["Hallownest:Greenpath","Elementarium:Elementarium","Hallownest:KingdomsEdge","TheEnding"],"potions_floor_usage":[12,14,18,19,34],"damage_taken":[{"damage":7,"enemies":"Hallownest:monsterHuskWarrior","floor":1,"turns":1},{"damage":7,"enemies":"conspire:MimicChest","floor":4,"turns":1},{"damage":7,"enemies":"Hallownest:monsterHuskGuard","floor":5,"turns":1},{"damage":7,"enemies":"Hallownest:eliteCrystalGuardian","floor":6,"turns":1},{"damage":7,"enemies":"2_ Uuma","floor":7,"turns":1},{"damage":8,"enemies":"Hallownest:1_Baldur_1_Crawlid_1_Warrior","floor":8,"turns":1},{"damage":7,"enemies":"Hallownest:monsterMossCharger","floor":10,"turns":1},{"damage":8,"enemies":"Hallownest:eliteVengeflyKing","floor":12,"turns":2},{"damage":8,"enemies":"Hallownest:eliteMossKnight","floor":14,"turns":2},{"damage":18,"enemies":"Hallownest:BossHornet","floor":16,"turns":2},{"damage":8,"enemies":"Elementarium:2_ELEMENTALS","floor":18,"turns":2},{"damage":7,"enemies":"Elementarium:MUD_AND_TAR_GOLEMS","floor":19,"turns":2},{"damage":14,"enemies":"Elementarium:CYCLONE_AND_ORB_OF_FIRE","floor":20,"turns":1},{"damage":5,"enemies":"Elementarium:STONE_GOLEMS","floor":22,"turns":1},{"damage":5,"enemies":"Nightmare","floor":23,"turns":1},{"damage":6,"enemies":"Elementarium:VOID_CORRUPTION_AND_ORB_OF_FIRE","floor":25,"turns":2},{"damage":5,"enemies":"Elementarium:RubyGolem","floor":29,"turns":1},{"damage":5,"enemies":"Elementarium:3_ELEMENTALS","floor":30,"turns":1},{"damage":5,"enemies":"Elementarium:Hydrostalker","floor":31,"turns":1},{"damage":6,"enemies":"Elementarium:GoldenDragon","floor":33,"turns":2},{"damage":6,"enemies":"Hallownest:2_Littles","floor":37,"turns":2},{"damage":5,"enemies":"Hallownest:Shield_Heavy","floor":39,"turns":1},{"damage":5,"enemies":"Hallownest:eliteHiveKnight","floor":40,"turns":1},{"damage":5,"enemies":"Hallownest:monsterPrimalAspid","floor":42,"turns":1},{"damage":11,"enemies":"Hallownest:eliteCollector","floor":44,"turns":3},{"damage":4,"enemies":"Hallownest:2_Soldiers_and_1_Guardian","floor":48,"turns":1},{"damage":14,"enemies":"Hallownest:BossHollowKnight","floor":50,"turns":1},{"damage":4,"enemies":"Shield and Spear","floor":54,"turns":1},{"damage":21,"enemies":"The Heart","floor":55,"turns":5}],"seed_played":"-8421452776543668867","potions_obtained":[{"floor":6,"key":"Explosive Potion"},{"floor":12,"key":"Weak Potion"},{"floor":14,"key":"Block Potion"},{"floor":20,"key":"blueLaboratory:PyrophylliteBrew"},{"floor":23,"key":"Block Potion"},{"floor":29,"key":"blueLaboratory:LouseDecoction"},{"floor":31,"key":"SkillPotion"},{"floor":40,"key":"blueLaboratory:ImpenetrablePotion"}],"is_trial":false,"path_per_floor":["M","$","?","?","M","E","M","M","T","M","R","E","T","E","R","B",null,"M","M","M","?","M","NM","?","M","T","?","$","M","M","M","R","B",null,"?","?","M","$","M","E","R","M","T","E","?","$","?","M","R","B",null,"R","$","E","B",null],"character_chosen":"WATCHER","items_purchased":["ReplayTheSpireMod:ShopPack","MostiFishMod:PerfectForm","Question Card","CutThroughFate","Dota2Spire:OctarineCore"],"campfire_rested":0,"item_purchase_floors":[2,28,28,46,46],"current_hp_per_floor":[72,72,72,72,72,72,72,72,72,72,72,72,72,72,72,72,72,72,72,72,54,54,54,19,50,50,50,50,54,54,54,54,54,54,54,54,54,54,54,54,54,54,54,61,61,61,46,46,46,46,46,46,46,49,49],"gold":1397,"neow_bonus":"DSIX","is_daily":false,"chose_seed":false,"campfire_upgraded":5,"win_rate":0.0,"timestamp":1609948518,"path_taken":["M","$","?","?","M","E","M","M","T","M","R","E","?","E","R","BOSS","M","?","M","?","?","NM","?","M","T","?","$","?","M","M","R","BOSS","?","?","?","?","?","E","R","M","T","E","?","$","?","?","R","BOSS","R","$","E","BOSS"],"items_purchased_type":["Relic","Card","Relic","Card","Relic"],"build_version":"2020-12-22","purchased_purges":4,"victory":true,"max_hp_per_floor":[72,72,72,72,72,72,72,72,72,72,72,72,72,72,72,72,72,72,72,72,54,54,54,54,54,54,54,54,54,54,54,54,54,54,54,54,54,54,54,54,54,54,54,61,61,61,46,46,46,46,46,46,46,49,49],"card_choices":[{"not_picked":["Replay:BluntJabs","REME_MusicOfDeath","JustLucky"],"picked":"SKIP","floor":1},{"not_picked":["MostiFishMod:JungleRules","TH:TreasureMap","Secret Technique","REME_EyeOfCthun"],"picked":"MostiFishMod:OneDayCity","floor":2},{"not_picked":["Bandage Up","Apotheosis","vexMod:EmailVexCard","DemoMod:Spice"],"picked":"MostiFishMod:PerfectForm","floor":2},{"not_picked":["Magnetism","conspire:Banana","Discovery","hubris:Insight"],"picked":"MostiFishMod:ButterFly","floor":2},{"not_picked":["SashWhip","MostiFishMod:OutWit","Replay:BluntJabs","Crescendo"],"picked":"MostiFishMod:Speedup","floor":4},{"not_picked":["FlyingSleeves","REME_MusicOfDeath","Halt","BowlingBash"],"picked":"CutThroughFate","floor":5},{"not_picked":["TH:Mimic","TH:ArmorSpikes","TH:PixieDust"],"picked":"TH:DeckOfManyThings","floor":6},{"not_picked":["Replay:ManipulateFuture","EmptyBody","BowlingBash","REME_Repentance","FollowUp"],"picked":"SKIP","floor":6},{"not_picked":["SashWhip","EmptyFist","CrushJoints","WaveOfTheHand","InnerPeace"],"picked":"SKIP","floor":7},{"not_picked":["Evaluate","Consecrate","FollowUp","JustLucky"],"picked":"EmptyMind","floor":8},{"not_picked":["Halt","BowlingBash","Protect","FlyingSleeves"],"picked":"MostiFishMod:Speedup","floor":10},{"not_picked":["TH:BikiniMail","TH:EnergyPotion","TH:ElvenBoots"],"picked":"TH:DeckOfManyThings","floor":12},{"not_picked":["SpiritShield","Protect","CrushJoints","Weave","FlurryOfBlows"],"picked":"SKIP","floor":12},{"not_picked":["TH:BikiniMail","TH:ElvenBoots","TH:EnergyPotion"],"picked":"TH:CursedSword","floor":13},{"not_picked":["TH:CopperCoins","TH:ArmorSpikes","TH:EnergyPotion"],"picked":"TH:DeckOfManyThings","floor":14},{"not_picked":["Replay:ManipulateFuture","FlyingSleeves","InnerPeace","WaveOfTheHand","Prostrate"],"picked":"SKIP","floor":14},{"not_picked":["TH:Mimic","TH:PixieDust","TH:EnergyPotion"],"picked":"TH:CursedSword","floor":16},{"not_picked":["DeusExMachina","MostiFishMod:Moonprays","MostiFishMod:Adaptation","Replay:AllIn"],"picked":"MostiFishMod:StarOceanP","floor":16},{"not_picked":["EmptyFist+1","ClearTheMind","CrushJoints","PathToVictory"],"picked":"Consecrate","floor":18},{"not_picked":["FearNoEvil","CrushJoints","FollowUp","Replay:AtTheReady+1"],"picked":"CutThroughFate","floor":19},{"not_picked":["Collect","DeceiveReality+1","CrushJoints","BowlingBash","Protect","Indignation"],"picked":"SKIP","floor":20},{"not_picked":["Weave","Evaluate+1","Swivel","FlurryOfBlows"],"picked":"LikeWater","floor":22},{"not_picked":["TH:BikiniMail","TH:CopperCoins","TH:ArmorSpikes"],"picked":"TH:DeckOfManyThings","floor":23},{"not_picked":["ThirdEye","Evaluate+1","Replay:AllIn","FlurryOfBlows","REME_MusicOfDeath"],"picked":"SKIP","floor":23},{"not_picked":["FlyingSleeves","EmptyMind","Halt","EmptyBody"],"picked":"ForeignInfluence","floor":25},{"not_picked":["TH:Mimic","TH:EnergyPotion","TH:ElvenBoots"],"picked":"TH:CopperCoins","floor":26},{"not_picked":["MostiFishMod:Disappear","Evaluate+1","Replay:BluntJabs","ThirdEye","Protect"],"picked":"TalkToTheHand+1","floor":29},{"not_picked":["MostiFishMod:LegendTransform","Indignation+1","CutThroughFate","ClearTheMind","FollowUp+1"],"picked":"Replay:Cycle+1","floor":30},{"not_picked":["jedi:nirvanicrebirth","EmptyMind+1","REME_Repentance","Replay:AtTheReady","Nirvana"],"picked":"MostiFishMod:PathToVictory","floor":31},{"not_picked":["TH:Mimic","TH:ArmorSpikes","TH:EnergyPotion","TH:PixieDust"],"picked":"TH:BikiniMail","floor":33},{"not_picked":["MostiFishMod:StarOceanP","MostiFishMod:ScryFuture","MasterReality","REME_EmptyShield","Brilliance"],"picked":"LessonLearned","floor":33},{"not_picked":["EmptyFist+1","Replay:AtTheReady+1","Evaluate+1","Weave+1","EmptyBody+1"],"picked":"CutThroughFate+1","floor":37},{"not_picked":["PathToVictory","Crescendo+1","ThirdEye","Replay:ManipulateFuture+1","Replay:Vibes","ClearTheMind+1"],"picked":"SKIP","floor":39},{"not_picked":["TH:ArmorSpikes","TH:ElvenBoots","TH:Mimic","TH:BikiniMail"],"picked":"TH:DeckOfManyThings","floor":40},{"not_picked":["BowlingBash","Replay:BluntJabs","Replay:Anticipation+1","Protect+1","JustLucky+1"],"picked":"Wireheading","floor":40},{"not_picked":["JustLucky","FlyingSleeves","Replay:BluntJabs+1","REME_Repentance+1","Replay:Vibes"],"picked":"MentalFortress","floor":42},{"not_picked":["TH:CopperCoins","TH:TreasureMap","TH:Mimic","TH:ElvenBoots"],"picked":"TH:BikiniMail","floor":43},{"not_picked":["TH:CopperCoins","TH:DeckOfManyThings","TH:Mimic","TH:EnergyPotion"],"picked":"TH:CursedSword","floor":44},{"not_picked":["Replay:Vibes","CrushJoints+1","Worship+1","ClearTheMind+1","Halt","Meditate+1"],"picked":"SKIP","floor":44},{"not_picked":["FlurryOfBlows+1","REME_Repentance+1","EmptyBody+1","CutThroughFate","Worship+1"],"picked":"SandsOfTime","floor":48},{"not_picked":["TH:BikiniMail","TH:PixieDust","TH:ArmorSpikes","TH:CopperCoins"],"picked":"TH:CursedSword","floor":54},{"not_picked":["SignatureMove","CrushJoints","PathToVictory","Replay:BluntJabs+1","EmptyBody+1","SashWhip+1"],"picked":"SKIP","floor":54}],"player_experience":234428,"relics_obtained":[{"floor":1,"key":"SynthV:TestCard"},{"floor":4,"key":"trackpad:PetRock"},{"floor":6,"key":"StuffTheSpire:TintedRock"},{"floor":12,"key":"Dota2Spire:DrumOfEndurance"},{"floor":14,"key":"WizardHat"},{"floor":23,"key":"Oddly Smooth Stone"},{"floor":26,"key":"War Paint"},{"floor":40,"key":"Incense Burner"},{"floor":43,"key":"Rawhide"},{"floor":44,"key":"StuffTheSpire:CocoNut"},{"floor":54,"key":"Replay:Ringing Soul"}],"event_choices":[],"is_beta":false,"boss_relics":[{"not_picked":["StuffTheSpire:Kangaroo","trackpad:Coffee"],"picked":"SlaversCollar"},{"not_picked":["energizedSpire:BlackCloud","halation:CatFaceCupcake"],"picked":"hubris:Stopwatch"}],"items_purged_floors":[2,2,28,38],"is_endless":false,"potions_floor_spawned":[5,6,7,12,14,20,23,29,31,40,54],"ascension_level":9}}