{"host":"04aht2z7d1qbuefv","time":1609898658,"event":{"mods":["AchievementEnabler","BaseMod","Downfall","Minty Spire (QoL Compilation)","StSLib","The Cursed","The Necromancer"],"gold_per_floor":[99,99,99,99,249,284,284,314,89,100,117,117,117,134,146,245,245,245,257,269,282,61,61,61,61],"floor_reached":23,"playtime":897,"items_purged":["Slimebound:Icky"],"score":199,"play_id":"37c88e11-b664-4abd-af27-1926ed94926e","local_time":"20210105230418","is_ascension_mode":false,"campfire_choices":[{"floor":1,"key":"RECALL"},{"floor":9,"key":"REST"},{"floor":13,"key":"REST"},{"data":"hexamod:GhostflameInferno","floor":18,"key":"SMITH"}],"circlet_count":0,"master_deck":["hexamod:Strike","hexamod:Strike","hexamod:Strike","hexamod:Strike","hexamod:Defend","hexamod:Defend","hexamod:Defend","hexamod:Defend","hexamod:Sear","hexamod:Float","hexamod:Firestarter","hexamod:EmpoweredFlame","hexamod:HauntingEcho","hexamod:GhostflameBarrier","hexamod:RadiantFlame","hexamod:GhostflameInferno+1","hexamod:NecessarySacrifice+1"],"relics":["hexamod:SpiritBrand","downfall:HeartsMalice","Smiling Mask","Turnip","downfall:HeartBlessingRed","downfall:HeartBlessingGreen","downfall:HeartBlessingBlue","SlaversCollar","Bag of Preparation"],"acts_visited":["Exordium","TheCity"],"potions_floor_usage":[8,16,16],"damage_taken":[{"damage":0,"enemies":"Cultist","floor":2,"turns":1},{"damage":0,"enemies":"Jaw Worm","floor":3,"turns":1},{"damage":0,"enemies":"2 Louse","floor":4,"turns":1},{"damage":37,"enemies":"Lagavulin","floor":6,"turns":7},{"damage":16,"enemies":"Gremlin Nob","floor":8,"turns":3},{"damage":10,"enemies":"Lots of Slimes","floor":10,"turns":5},{"damage":1,"enemies":"Blue Slaver","floor":11,"turns":3},{"damage":10,"enemies":"Large Slime","floor":14,"turns":4},{"damage":7,"enemies":"Exordium Thugs","floor":15,"turns":4},{"damage":17,"enemies":"downfall:Silent","floor":16,"turns":9},{"damage":10,"enemies":"3 Byrds","floor":19,"turns":4},{"damage":37,"enemies":"Cultist and Chosen","floor":20,"turns":10},{"damage":26,"enemies":"Shelled Parasite and Fungi","floor":21,"turns":9},{"damage":4,"enemies":"downfall:FleeingMerchant","floor":22,"turns":4},{"damage":3,"enemies":"Snake Plant","floor":23,"turns":1}],"seed_played":"939929173145387431","potions_obtained":[{"floor":6,"key":"Fire Potion"},{"floor":11,"key":"sneckomod:MuddlingPotion"},{"floor":15,"key":"Block Potion"}],"is_trial":false,"path_per_floor":["R","M","M","M","?","E","T","E","R","M","M","?","R","M","M","B",null,"R","M","M","M","$","M"],"character_chosen":"THE_SPIRIT","items_purchased":["Bag of Preparation"],"campfire_rested":2,"item_purchase_floors":[22],"current_hp_per_floor":[70,70,70,70,70,33,33,17,51,41,40,32,56,46,39,22,80,80,70,33,7,3,0,0,0],"gold":61,"neow_bonus":"THREE_ENEMY_KILL","is_daily":false,"chose_seed":false,"campfire_upgraded":1,"win_rate":0.0,"timestamp":1609898658,"path_taken":["R","M","M","?","?","E","T","E","R","M","M","?","R","M","M","BOSS","R","M","M","?","?","M"],"items_purchased_type":["Relic"],"build_version":"2020-12-22","purchased_purges":1,"victory":false,"max_hp_per_floor":[70,70,70,70,70,70,70,70,80,80,80,80,80,80,80,80,80,80,80,80,80,80,80,80,80],"card_choices":[{"not_picked":["hexamod:NightmareStrike","hexamod:SpectersWail"],"picked":"hexamod:Firestarter","floor":2},{"not_picked":["hexamod:GhostLash","hexamod:FlamesFromBeyond"],"picked":"hexamod:EmpoweredFlame","floor":3},{"not_picked":["hexamod:FlamesFromBeyond","hexamod:DynamicBlow","hexamod:SwordOfDarkness"],"picked":"SKIP","floor":4},{"not_picked":["hexamod:DynamicBlow","hexamod:SpectersWail","hexamod:BacktrackSmack"],"picked":"SKIP","floor":6},{"not_picked":["hexamod:Toasty","hexamod:RetreatToShadows"],"picked":"hexamod:HauntingEcho","floor":8},{"not_picked":["hexamod:Hexaguard","hexamod:CatchUp"],"picked":"hexamod:GhostflameBarrier","floor":10},{"not_picked":["hexamod:SwordOfDarkness","hexamod:SpectersWail"],"picked":"hexamod:RadiantFlame","floor":11},{"not_picked":["hexamod:SpectralSpark","hexamod:RecurringNightmare","hexamod:GhostLash"],"picked":"SKIP","floor":14},{"not_picked":["hexamod:SpectersWail","hexamod:ChargedBarrage","hexamod:RetreatToShadows"],"picked":"SKIP","floor":15},{"not_picked":["hexamod:FifthSeal","hexamod:UnleashSpirits"],"picked":"hexamod:GhostflameInferno","floor":16},{"not_picked":["hexamod:Hexaguard","hexamod:NightmareGuise+1","hexamod:ThermalTransfer"],"picked":"SKIP","floor":19},{"not_picked":["hexamod:HauntingEcho","hexamod:SwordOfDarkness","hexamod:GhostShield"],"picked":"SKIP","floor":20},{"not_picked":["hexamod:NightmareStrike+1","hexamod:GiftsFromTheDead"],"picked":"hexamod:NecessarySacrifice+1","floor":21},{"not_picked":["hexamod:NightmareGuise+1","hexamod:InspiringFlames","hexamod:ShieldOfDarkness"],"picked":"SKIP","floor":22}],"player_experience":153478,"relics_obtained":[{"floor":6,"key":"Smiling Mask"},{"floor":8,"key":"Turnip"}],"event_choices":[{"damage_healed":0,"gold_gain":0,"player_choice":"Damaged","damage_taken":8,"max_hp_gain":0,"max_hp_loss":0,"event_name":"Wheel of Change","floor":12,"gold_loss":0}],"is_beta":false,"boss_relics":[{"not_picked":["Tiny House","Pandora\u0027s Box"],"picked":"SlaversCollar"}],"items_purged_floors":[22],"is_endless":false,"potions_floor_spawned":[6,11,15],"killed_by":"Snake Plant","ascension_level":0}}