{"host":"s794kqxf2n1qz2yr","time":1609919593,"event":{"mods":["100% Spire Juice","2.2 Compatiblity","A Magickal Journey","AchievementEnabler","Aspiration","BaseMod","Downfall","Friendly Minions","Hermit","Minty Spire (QoL Compilation)","Permanent Neow","StSLib","The Disciple","The Marked"],"gold_per_floor":[119,69,83,94,111,140,140,165,236,264,284,284,295,309,309,412,412,377,393,407,407,422,422,422],"floor_reached":23,"playtime":1792,"items_purged":[],"score":217,"play_id":"486b4d45-13f2-46e9-8987-df0328059f0b","local_time":"20210106075313","is_ascension_mode":false,"campfire_choices":[{"floor":7,"key":"REST"},{"data":"theMarked:Strike","floor":12,"key":"PURGE"},{"data":"theMarked:Strike","floor":15,"key":"PURGE"}],"circlet_count":0,"master_deck":["theMarked:Strike","theMarked:Strike","theMarked:Defend","theMarked:Defend","theMarked:Defend","theMarked:Defend","theMarked:SoldierOfQuellstein","theMarked:Opportunist","theMarked:Opportunist","theMarked:TwofoldDefense","theMarked:EnhanceMovement","theMarked:HeightenedSenses","theMarked:WardOff","theMarked:StartUp","theMarked:Levitate","theMarked:EternalStudent","theMarked:TwofoldDefense","theMarked:Opportunist"],"relics":["Fusion Hammer","aspiration:StickyExplosives_weak","Peace Pipe","Kunai","Pantograph","Black Star"],"acts_visited":["Exordium","TheCity"],"potions_floor_usage":[6,16,16,18,23,23],"damage_taken":[{"damage":0,"enemies":"2 Louse","floor":1,"turns":4},{"damage":0,"enemies":"Small Slimes","floor":3,"turns":3},{"damage":1,"enemies":"Jaw Worm","floor":4,"turns":4},{"damage":2,"enemies":"Blue Slaver","floor":5,"turns":4},{"damage":8,"enemies":"3 Sentries","floor":6,"turns":9},{"damage":16,"enemies":"Lagavulin","floor":8,"turns":8},{"damage":9,"enemies":"Gremlin Nob","floor":10,"turns":5},{"damage":3,"enemies":"Exordium Wildlife","floor":11,"turns":5},{"damage":0,"enemies":"Looter","floor":13,"turns":4},{"damage":0,"enemies":"Exordium Thugs","floor":14,"turns":4},{"damage":16,"enemies":"Hexaghost","floor":16,"turns":13},{"damage":21,"enemies":"2 Thieves","floor":18,"turns":5},{"damage":24,"enemies":"Chosen","floor":19,"turns":8},{"damage":2,"enemies":"Sentry and Sphere","floor":20,"turns":9},{"damage":1,"enemies":"Centurion and Healer","floor":22,"turns":7},{"damage":40,"enemies":"Gremlin Leader","floor":23,"turns":8}],"seed_played":"4059582585056008415","potions_obtained":[{"floor":4,"key":"Block Potion"},{"floor":8,"key":"DuplicationPotion"},{"floor":10,"key":"BlessingOfTheForge"},{"floor":13,"key":"Fire Potion"},{"floor":16,"key":"theMarked:ChargePotion"},{"floor":19,"key":"Explosive Potion"},{"floor":20,"key":"AttackPotion"}],"is_trial":false,"path_per_floor":["M","?","M","M","M","E","R","E","T","E","M","R","M","M","R","B",null,"M","M","M","?","M","E"],"character_chosen":"THE_DEFAULT","items_purchased":[],"campfire_rested":1,"item_purchase_floors":[],"current_hp_per_floor":[70,70,70,69,67,59,70,54,54,45,42,42,42,42,42,51,70,49,25,23,30,29,0,0],"gold":422,"neow_bonus":"BOSS_RELIC","is_daily":false,"chose_seed":false,"campfire_upgraded":0,"win_rate":0.0,"timestamp":1609919593,"path_taken":["M","?","M","M","M","E","R","E","T","E","M","R","M","M","R","BOSS","M","M","M","?","M","E"],"items_purchased_type":[],"build_version":"2020-12-22","purchased_purges":0,"victory":false,"max_hp_per_floor":[70,70,70,70,70,70,70,70,70,70,70,70,70,70,70,70,70,70,70,70,70,70,70,70],"card_choices":[{"not_picked":["theMarked:Frustration","theMarked:Convert"],"picked":"theMarked:Opportunist","floor":1},{"not_picked":["theMarked:SwordAndMagic","theMarked:ElectricStrings"],"picked":"theMarked:Opportunist","floor":3},{"not_picked":["theMarked:ChainLightning","theMarked:ShockingTouch"],"picked":"theMarked:TwofoldDefense","floor":4},{"not_picked":["theMarked:DeterminationOfTheMarked","theMarked:ElementalBlade"],"picked":"theMarked:EnhanceMovement","floor":5},{"not_picked":["theMarked:DispelDoubt","theMarked:DeterminationOfTheMarked","theMarked:Generate"],"picked":"SKIP","floor":6},{"not_picked":["theMarked:WastefulAttack","theMarked:Improvise"],"picked":"theMarked:HeightenedSenses","floor":8},{"not_picked":["theMarked:BanishingStrike","theMarked:ElectricStrings"],"picked":"theMarked:WardOff","floor":10},{"not_picked":["theMarked:SwordAndMagic","theMarked:TwofoldDefense"],"picked":"theMarked:StartUp","floor":11},{"not_picked":["theMarked:EmpowerWeapon","theMarked:Aftermath"],"picked":"theMarked:Levitate","floor":13},{"not_picked":["theMarked:ElectricStrings","theMarked:WastefulDefense","theMarked:Frustration"],"picked":"SKIP","floor":14},{"not_picked":["theMarked:FavorableWinds","theMarked:Levitate"],"picked":"theMarked:EternalStudent","floor":16},{"not_picked":["theMarked:Polarize+1","theMarked:Standoff","theMarked:ContemptForTheProud"],"picked":"SKIP","floor":18},{"not_picked":["theMarked:RogueSparks+1","theMarked:ResourceFulStrike"],"picked":"theMarked:TwofoldDefense","floor":19},{"not_picked":["theMarked:Reabsorb","theMarked:ResourceFulStrike","theMarked:WastefulAttack+1"],"picked":"SKIP","floor":20},{"not_picked":["theMarked:RepellingDischarge","theMarked:ElectricStrings"],"picked":"theMarked:Opportunist","floor":22}],"player_experience":296223,"relics_obtained":[{"floor":6,"key":"aspiration:StickyExplosives_weak"},{"floor":8,"key":"Peace Pipe"},{"floor":9,"key":"Kunai"},{"floor":10,"key":"Pantograph"}],"event_choices":[{"cards_removed":["theMarked:Strike"],"damage_healed":0,"gold_gain":0,"player_choice":"Card Removal","damage_taken":0,"max_hp_gain":0,"max_hp_loss":0,"event_name":"The Cleric","floor":2,"gold_loss":50}],"is_beta":false,"boss_relics":[{"not_picked":["Astrolabe","Empty Cage"],"picked":"Black Star"}],"items_purged_floors":[],"is_endless":false,"potions_floor_spawned":[4,8,10,13,14,16,19,20],"killed_by":"Gremlin Leader","ascension_level":0}}