{"host":"bxn2em57qlx5u4i0","time":1609977334,"event":{"mods":["BaseMod","Colored Map","Colored Powertips","Highlight Path","Minty Spire (QoL Compilation)","Random Character Button","Relic Sorter","Relic Stats","StSLib","SuperFastMode"],"gold_per_floor":[117,117,117,117,131,161,74,100,123,123,123,48,48,61,61,136,186,200,179,79,98,15,15,43,43,43],"floor_reached":25,"playtime":562,"items_purged":["Strike_G","Strike_G"],"score":504,"play_id":"e0566173-b7a1-4fb8-b096-d1d67f42a87d","local_time":"20210106185534","is_ascension_mode":true,"campfire_choices":[{"data":"Leg Sweep","floor":11.0,"key":"SMITH"},{"data":"Predator","floor":13.0,"key":"SMITH"},{"data":"Noxious Fumes","floor":15.0,"key":"SMITH"},{"data":"A Thousand Cuts","floor":23,"key":"SMITH"}],"circlet_count":0,"master_deck":["AscendersBane","Strike_G","Strike_G","Defend_G","Defend_G","Defend_G","Defend_G","Defend_G","Survivor+1","Neutralize","Terror","Predator+1","Leg Sweep+1","Noxious Fumes+1","Noxious Fumes+1","A Thousand Cuts+1","Poisoned Stab","Escape Plan","Well Laid Plans"],"relics":["Ring of the Snake","NeowsBlessing","PreservedInsect","Mummified Hand","Tiny Chest","Oddly Smooth Stone","Tiny House","Lantern"],"acts_visited":["Exordium","TheCity"],"potions_floor_usage":[19,19],"damage_taken":[{"damage":0.0,"enemies":"Small Slimes","floor":1.0,"turns":1.0},{"damage":0.0,"enemies":"Cultist","floor":5.0,"turns":1.0},{"damage":0.0,"enemies":"Lagavulin","floor":6.0,"turns":1.0},{"damage":11.0,"enemies":"3 Sentries","floor":8.0,"turns":8.0},{"damage":0.0,"enemies":"Jaw Worm","floor":14.0,"turns":3.0},{"damage":10.0,"enemies":"Hexaghost","floor":16.0,"turns":9.0},{"damage":7.0,"enemies":"Spheric Guardian","floor":18.0,"turns":5.0},{"damage":11,"enemies":"2 Thieves","floor":19,"turns":4},{"damage":18,"enemies":"Snake Plant","floor":21,"turns":6},{"damage":19,"enemies":"Gremlin Leader","floor":24,"turns":4},{"damage":8,"enemies":"Shelled Parasite and Fungi","floor":25,"turns":2}],"seed_played":"2040603140693740347","potions_obtained":[{"floor":8.0,"key":"Poison Potion"},{"floor":17.0,"key":"BlessingOfTheForge"},{"floor":19,"key":"FearPotion"}],"is_trial":false,"path_per_floor":["M","?","?","?","M","E","$","E","T","?","R","$","R","M","R","B",null,"M","M","$","M","$","R","E","M"],"character_chosen":"THE_SILENT","items_purchased":["Noxious Fumes","Well Laid Plans"],"campfire_rested":0,"item_purchase_floors":[7,22],"current_hp_per_floor":[59,52,52,52,52,52,52,41,41,41,41,41,41,41,41,31,62,55,44,44,26,26,26,7,0,0],"gold":43,"neow_bonus":"THREE_ENEMY_KILL","is_daily":false,"chose_seed":false,"campfire_upgraded":4,"win_rate":0.0,"timestamp":1609977334,"path_taken":["M","?","?","?","?","E","$","E","T","?","R","?","R","M","R","BOSS","M","M","$","M","?","R","E","M"],"items_purchased_type":["Card","Card"],"build_version":"2020-12-22","purchased_purges":2,"victory":false,"max_hp_per_floor":[66,66,66,66,66,66,66,66,66,66,66,66,66,66,66,66,71,71,71,71,71,71,71,71,71,71],"relic_stats":{"counters":[11,44],"Mummified Hand":[22],"Tiny Chest":0,"PreservedInsect":80,"obtain_stats":[{"Lantern":24,"Tiny House":17,"NeowsBlessing":0,"Mummified Hand":6,"Oddly Smooth Stone":9,"Tiny Chest":8,"PreservedInsect":4,"Ring of the Snake":0},{"Lantern":10,"Tiny House":6,"NeowsBlessing":0,"Mummified Hand":3,"Oddly Smooth Stone":4,"Tiny Chest":4,"PreservedInsect":1,"Ring of the Snake":0},{"Lantern":42,"Tiny House":23,"NeowsBlessing":0,"Mummified Hand":3,"Oddly Smooth Stone":11,"Tiny Chest":11,"PreservedInsect":1,"Ring of the Snake":0}],"Ring of the Snake":[22]},"card_choices":[{"not_picked":["Deflect","PiercingWail"],"picked":"Terror","floor":1.0},{"not_picked":["Reflex","Setup"],"picked":"Predator","floor":5.0},{"not_picked":["Dagger Throw","Setup"],"picked":"Leg Sweep","floor":6.0},{"not_picked":["All Out Attack","Flechettes","Finisher"],"picked":"SKIP","floor":8.0},{"not_picked":["Underhanded Strike","Concentrate"],"picked":"Noxious Fumes","floor":14.0},{"not_picked":["Storm of Steel","Envenom"],"picked":"A Thousand Cuts","floor":16.0},{"not_picked":["Dodge and Roll","PiercingWail"],"picked":"Poisoned Stab","floor":17.0},{"not_picked":["PiercingWail","Tactician","Dagger Throw"],"picked":"SKIP","floor":18.0},{"not_picked":["Prepared","PiercingWail"],"picked":"Escape Plan","floor":19},{"not_picked":["Backflip","Riddle With Holes","Blade Dance"],"picked":"SKIP","floor":21},{"not_picked":["Sucker Punch","Blur","Setup"],"picked":"SKIP","floor":24}],"player_experience":2857471,"relics_obtained":[{"floor":4.0,"key":"PreservedInsect"},{"floor":6.0,"key":"Mummified Hand"},{"floor":8.0,"key":"Tiny Chest"},{"floor":9.0,"key":"Oddly Smooth Stone"},{"floor":24,"key":"Lantern"}],"event_choices":[{"cards_removed":["Strike_G"],"damage_healed":0.0,"max_hp_gain":0.0,"max_hp_loss":0.0,"gold_gain":0.0,"event_name":"Golden Wing","player_choice":"Card Removal","floor":2.0,"gold_loss":0.0,"damage_taken":7.0},{"damage_healed":0.0,"max_hp_gain":0.0,"max_hp_loss":0.0,"gold_gain":0.0,"event_name":"Liars Game","player_choice":"Ignored","floor":3.0,"gold_loss":0.0,"damage_taken":0.0},{"damage_healed":0.0,"max_hp_gain":0.0,"max_hp_loss":0.0,"gold_gain":0.0,"event_name":"Wheel of Change","player_choice":"Relic","floor":4.0,"gold_loss":0.0,"damage_taken":0.0},{"damage_healed":0.0,"max_hp_gain":0.0,"max_hp_loss":0.0,"gold_gain":0.0,"event_name":"Living Wall","player_choice":"Grow","floor":10.0,"gold_loss":0.0,"damage_taken":0.0,"cards_upgraded":["Noxious Fumes"]}],"is_beta":false,"boss_relics":[{"not_picked":["Ectoplasm","WristBlade"],"picked":"Tiny House"}],"items_purged_floors":[12,20],"is_endless":false,"potions_floor_spawned":[8,19],"killed_by":"Shelled Parasite and Fungi","ascension_level":20}}