{"host":"kn32u0f2pym5bozc","time":1609930633,"event":{"mods":["2.2 Compatiblity","BaseMod","Better Third Choice","Minty Spire (QoL Compilation)","Permanent Neow","Relic Stats","StSLib","The Animator"],"gold_per_floor":[111,111,186,204,204,237,237,288,312,328,328,362,362,327,327,327,327],"floor_reached":16,"playtime":662,"items_purged":[],"score":254,"play_id":"6329ca46-c638-4d08-9d50-0dcb9372d95d","local_time":"20210106055713","is_ascension_mode":true,"campfire_choices":[{"data":"animator:DolaCouronne","floor":7.0,"key":"SMITH"},{"floor":11.0,"key":"REST"},{"data":"animator:AcuraShin","floor":13.0,"key":"SMITH"},{"data":"animator:Kuribayashi","floor":15.0,"key":"SMITH"}],"circlet_count":0,"master_deck":["AscendersBane","animator:Strike_GATE","animator:Defend_GATE","animator:Strike","animator:Strike","animator:Strike","animator:Defend","animator:Defend","animator:Defend","animator:TukaLunaMarceau","animator:Kuribayashi+1","animator:DolaCouronne+1","animator:DwarfShaman+1","animator:Shuna","animator:YaoHaDucy","animator:Hakurou","animator:AcuraShin+1"],"relics":["animator:LivingPicture","animator:TheMissingPiece","animator:PurgingStone","NeowsBlessing","Golden Idol","Bag of Preparation","Bronze Scales","Oddly Smooth Stone","White Beast Statue"],"acts_visited":["Exordium"],"potions_floor_usage":[16],"damage_taken":[{"damage":0.0,"enemies":"Jaw Worm","floor":1.0,"turns":1.0},{"damage":0.0,"enemies":"Small Slimes","floor":4.0,"turns":1.0},{"damage":0.0,"enemies":"Gremlin Nob","floor":6.0,"turns":1.0},{"damage":24.0,"enemies":"Lagavulin","floor":8.0,"turns":8.0},{"damage":0.0,"enemies":"Cultist","floor":10.0,"turns":4.0},{"damage":7.0,"enemies":"Gremlin Nob","floor":12.0,"turns":4.0},{"damage":52,"enemies":"Slime Boss","floor":16,"turns":13}],"seed_played":"1005915951506642502","potions_obtained":[{"floor":8.0,"key":"Fire Potion"},{"floor":10.0,"key":"SpeedPotion"},{"floor":12.0,"key":"GamblersBrew"}],"is_trial":false,"path_per_floor":["M","?","?","M","?","E","R","E","T","M","R","E","R","?","R","B"],"character_chosen":"THE_ANIMATOR","items_purchased":[],"campfire_rested":1,"item_purchase_floors":[],"current_hp_per_floor":[54,54,43,43,43,43,43,19,19,19,35,28,28,41,41,0,0],"gold":327,"neow_bonus":"THREE_ENEMY_KILL","is_daily":false,"chose_seed":false,"campfire_upgraded":3,"win_rate":0.0,"timestamp":1609930633,"path_taken":["M","?","?","M","?","E","R","E","T","M","R","E","R","?","R","BOSS"],"items_purchased_type":[],"build_version":"2020-12-22","purchased_purges":0,"victory":false,"max_hp_per_floor":[60,54,54,54,54,54,54,54,54,54,54,54,54,54,54,54,54],"relic_stats":{"counters":[7,32],"Golden Idol":29,"Bronze Scales":[33],"Bag of Preparation":[8],"obtain_stats":[{"animator:PurgingStone":0,"NeowsBlessing":0,"Golden Idol":2,"animator:TheMissingPiece":0,"Bronze Scales":8,"Oddly Smooth Stone":9,"animator:LivingPicture":0,"Bag of Preparation":6,"White Beast Statue":12},{"animator:PurgingStone":0,"NeowsBlessing":0,"Golden Idol":1,"animator:TheMissingPiece":0,"Bronze Scales":4,"Oddly Smooth Stone":4,"animator:LivingPicture":0,"Bag of Preparation":3,"White Beast Statue":6},{"animator:PurgingStone":0,"NeowsBlessing":0,"Golden Idol":1,"animator:TheMissingPiece":0,"Bronze Scales":11,"Oddly Smooth Stone":11,"animator:LivingPicture":0,"Bag of Preparation":3,"White Beast Statue":19}]},"card_choices":[{"not_picked":["animator:PandorasActor","animator:Melzalgald"],"picked":"animator:DolaCouronne","floor":1.0},{"not_picked":["animator:Geryuganshoop","animator:Shion"],"picked":"animator:DwarfShaman","floor":4.0},{"not_picked":["animator:Rider","animator:GoblinSlayer"],"picked":"animator:Shuna","floor":6.0},{"not_picked":["animator:TukaLunaMarceau","animator:Tyuule"],"picked":"animator:YaoHaDucy","floor":8.0},{"not_picked":["animator:ChaikaBohdan","animator:MumenRider"],"picked":"animator:Hakurou","floor":10.0},{"not_picked":["animator:Shuna","animator:Emonzaemon"],"picked":"animator:AcuraShin","floor":12.0}],"player_experience":796837,"relics_obtained":[{"floor":6.0,"key":"Bag of Preparation"},{"floor":8.0,"key":"Bronze Scales"},{"floor":9.0,"key":"Oddly Smooth Stone"},{"floor":12.0,"key":"White Beast Statue"}],"event_choices":[{"damage_healed":0.0,"max_hp_gain":0.0,"max_hp_loss":6.0,"gold_gain":0.0,"event_name":"Golden Idol","player_choice":"Lose Max HP","floor":2.0,"gold_loss":0.0,"damage_taken":0.0,"relics_obtained":["Golden Idol"]},{"damage_healed":0.0,"max_hp_gain":0.0,"max_hp_loss":0.0,"gold_gain":75.0,"event_name":"betterThird:BetterGoop","player_choice":"Gold","floor":3.0,"gold_loss":0.0,"damage_taken":11.0},{"damage_healed":0.0,"max_hp_gain":0.0,"max_hp_loss":0.0,"gold_gain":0.0,"event_name":"Living Wall","player_choice":"Grow","floor":5.0,"gold_loss":0.0,"damage_taken":0.0,"cards_upgraded":["animator:DwarfShaman"]},{"damage_healed":13.0,"max_hp_gain":0.0,"max_hp_loss":0.0,"gold_gain":0.0,"event_name":"The Cleric","player_choice":"Healed","floor":14.0,"gold_loss":35.0,"damage_taken":0.0}],"is_beta":false,"boss_relics":[],"items_purged_floors":[],"is_endless":false,"potions_floor_spawned":[8,10,12],"killed_by":"Slime Boss","ascension_level":16}}