{"host":"rolltorest","time":1609920284,"event":{"mods":["BaseMod","Minty Spire (QoL Compilation)","Relic Stats","Robot Space Explorer","Slay the Relics Exporter","StSLib"],"gold_per_floor":[112,168,93,106,131,131,131,156,205,205,231,264,280,245,245,349,349,361,361,378,95,107,107,137,137,186,221,221,248,248,163,163,265,315,334,357,179,89,15,45,55,86,113,41,61,61,71,101,101,101,101,101,2,31,31,31],"floor_reached":55,"playtime":1961,"items_purged":["RobotSpaceExplorer:Strike","RobotSpaceExplorer:Strike","RobotSpaceExplorer:Strike+1"],"score":1329,"play_id":"d62df2be-d650-4fc9-977e-bc3abdf51a1a","local_time":"20210106000444","is_ascension_mode":true,"campfire_choices":[{"data":"RobotSpaceExplorer:Blaster","floor":6,"key":"SMITH"},{"data":"RobotSpaceExplorer:DoubleBlock","floor":10,"key":"SMITH"},{"data":"RobotSpaceExplorer:PlasmaMissile","floor":15,"key":"SMITH"},{"data":"RobotSpaceExplorer:DoubleFind","floor":23,"key":"SMITH"},{"data":"RobotSpaceExplorer:Comet","floor":25,"key":"SMITH"},{"data":"RobotSpaceExplorer:Multitool","floor":30,"key":"SMITH"},{"floor":32,"key":"REST"},{"floor":46,"key":"RECALL"},{"floor":49,"key":"REST"},{"data":"RobotSpaceExplorer:PowerCollector","floor":52,"key":"SMITH"}],"circlet_count":0,"master_deck":["AscendersBane","RobotSpaceExplorer:Defend+1","RobotSpaceExplorer:Defend+1","RobotSpaceExplorer:Defend+1","RobotSpaceExplorer:Defend+1","RobotSpaceExplorer:Scan","RobotSpaceExplorer:MiniLasers","RobotSpaceExplorer:Blaster+1","RobotSpaceExplorer:PlasmaMissile+1","RobotSpaceExplorer:DoubleBlock+1","RobotSpaceExplorer:Scanner+1","RobotSpaceExplorer:DoubleFind+1","RobotSpaceExplorer:LuckyStrike+1","RobotSpaceExplorer:MetalStrike+1","RobotSpaceExplorer:Comet+1","RobotSpaceExplorer:FrostMissile+1","RobotSpaceExplorer:LuckyStrike+1","RobotSpaceExplorer:Arsenal+1","RobotSpaceExplorer:SurgingShield","RobotSpaceExplorer:Multitool+1","RobotSpaceExplorer:TrailblazerForm","RobotSpaceExplorer:Fix","RobotSpaceExplorer:PowerCollector+1","Purity","RobotSpaceExplorer:PlasmaMissile+1","RobotSpaceExplorer:Electropulse+1","RobotSpaceExplorer:ShockMissile+1","RobotSpaceExplorer:Ammunition+1","RobotSpaceExplorer:Fix","Sadistic Nature"],"relics":["RobotSpaceExplorer:RoboCore","Toy Ornithopter","Thread and Needle","Tiny Chest","Odd Mushroom","Molten Egg 2","Philosopher\u0027s Stone","HornCleat","Membership Card","Happy Flower","Dead Branch","RobotSpaceExplorer:BottledGravity","Ginger","Tiny House","Strawberry","ClockworkSouvenir","Lizard Tail","Bronze Scales","Omamori","Toolbox","Bottled Lightning","Gremlin Horn"],"acts_visited":["Exordium","TheCity","TheBeyond","TheEnding"],"potions_floor_usage":[16,24,27,35,41,45,48,48],"damage_taken":[{"damage":3,"enemies":"Small Slimes","floor":1,"turns":3},{"damage":4,"enemies":"Jaw Worm","floor":4,"turns":3},{"damage":11,"enemies":"Lagavulin","floor":8,"turns":9},{"damage":8,"enemies":"The Mushroom Lair","floor":11,"turns":7},{"damage":14,"enemies":"3 Sentries","floor":12,"turns":11},{"damage":0,"enemies":"2 Louse","floor":13,"turns":3},{"damage":8,"enemies":"Hexaghost","floor":16,"turns":9},{"damage":0,"enemies":"Chosen","floor":18,"turns":5},{"damage":1,"enemies":"Shell Parasite","floor":20,"turns":6},{"damage":0,"enemies":"Snake Plant","floor":22,"turns":4},{"damage":8,"enemies":"Slavers","floor":24,"turns":4},{"damage":14,"enemies":"Gremlin Leader","floor":27,"turns":5},{"damage":7,"enemies":"Slavers","floor":29,"turns":4},{"damage":0,"enemies":"Champ","floor":33,"turns":7},{"damage":5,"enemies":"Orb Walker","floor":35,"turns":2},{"damage":18,"enemies":"Giant Head","floor":40,"turns":7},{"damage":38,"enemies":"3 Darklings","floor":41,"turns":4},{"damage":13,"enemies":"Nemesis","floor":42,"turns":5},{"damage":1,"enemies":"Jaw Worm Horde","floor":45,"turns":2},{"damage":14,"enemies":"Spire Growth","floor":47,"turns":4},{"damage":33,"enemies":"Reptomancer","floor":48,"turns":5},{"damage":14,"enemies":"Time Eater","floor":50,"turns":12},{"damage":83,"enemies":"Shield and Spear","floor":54,"turns":5},{"damage":69,"enemies":"The Heart","floor":55,"turns":6}],"seed_played":"8559331044851652623","potions_obtained":[{"floor":11,"key":"LiquidBronze"},{"floor":12,"key":"AttackPotion"},{"floor":18,"key":"SkillPotion"},{"floor":33,"key":"RobotSpaceExplorer:RecyclePotion"},{"floor":34,"key":"Energy Potion"},{"floor":40,"key":"Regen Potion"},{"floor":42,"key":"DistilledChaos"},{"floor":45,"key":"Regen Potion"}],"is_trial":false,"path_per_floor":["M","?","$","M","T","R","?","E","T","R","?","E","M","?","R","B",null,"M","T","M","$","M","R","E","R","T","E","?","E","R","?","R","B",null,"M","T","$","?","$","E","M","E","T","$","M","R","M","E","R","B",null,"R","$","E","B"],"character_chosen":"RobotSpaceExplorer","items_purchased":["Membership Card","RobotSpaceExplorer:Arsenal","RobotSpaceExplorer:PowerCollector","Purity","RobotSpaceExplorer:PlasmaMissile+1","ClockworkSouvenir","Toolbox","Sadistic Nature"],"campfire_rested":2,"item_purchase_floors":[21,21,37,37,37,39,44,53],"current_hp_per_floor":[47,47,47,43,43,43,48,37,37,37,29,15,15,35,35,32,68,68,68,67,67,67,67,64,64,64,55,55,48,48,48,72,72,83,80,87,87,87,87,69,48,39,39,39,47,47,33,25,52,48,81,81,81,58,0,0],"gold":31,"neow_bonus":"THREE_RARE_CARDS","is_daily":false,"chose_seed":false,"campfire_upgraded":7,"win_rate":0.0,"timestamp":1609920284,"path_taken":["M","?","$","M","?","R","?","E","T","R","?","E","?","?","R","BOSS","M","?","?","$","M","R","E","R","T","E","?","E","R","?","R","BOSS","M","?","?","?","$","E","M","E","T","$","M","R","M","E","R","BOSS","R","$","E","BOSS"],"items_purchased_type":["Relic","Card","Card","Card","Card","Relic","Relic","Card"],"build_version":"2020-12-18","purchased_purges":3,"victory":false,"max_hp_per_floor":[75,75,75,75,75,75,80,80,80,80,80,80,80,80,80,80,80,80,80,80,80,80,80,80,80,80,80,80,80,80,80,80,80,85,85,92,92,92,92,92,92,92,92,92,92,92,92,92,92,92,92,92,92,92,92,92],"relic_stats":{"Lizard Tail":46,"Happy Flower":[22],"Gremlin Horn":[0,0],"counters":[24,132],"Dead Branch":[99],"Bronze Scales":[195],"Tiny Chest":2,"Ginger":[12],"obtain_stats":[{"Tiny House":34,"Happy Flower":24,"Gremlin Horn":54,"Dead Branch":27,"RobotSpaceExplorer:RoboCore":0,"Thread and Needle":8,"Omamori":43,"Ginger":31,"Odd Mushroom":11,"ClockworkSouvenir":39,"Lizard Tail":40,"HornCleat":19,"RobotSpaceExplorer:BottledGravity":29,"Strawberry":36,"Bronze Scales":42,"Toolbox":44,"Tiny Chest":9,"Molten Egg 2":12,"Philosopher\u0027s Stone":17,"Membership Card":21,"Bottled Lightning":48,"Toy Ornithopter":5},{"Tiny House":14,"Happy Flower":11,"Gremlin Horn":23,"Dead Branch":12,"RobotSpaceExplorer:RoboCore":0,"Thread and Needle":3,"Omamori":18,"Ginger":13,"Odd Mushroom":4,"ClockworkSouvenir":15,"Lizard Tail":16,"HornCleat":8,"RobotSpaceExplorer:BottledGravity":13,"Strawberry":15,"Bronze Scales":18,"Toolbox":18,"Tiny Chest":3,"Molten Egg 2":5,"Philosopher\u0027s Stone":7,"Membership Card":9,"Bottled Lightning":21,"Toy Ornithopter":2},{"Tiny House":80,"Happy Flower":64,"Gremlin Horn":126,"Dead Branch":69,"RobotSpaceExplorer:RoboCore":0,"Thread and Needle":15,"Omamori":98,"Ginger":73,"Odd Mushroom":22,"ClockworkSouvenir":82,"Lizard Tail":89,"HornCleat":50,"RobotSpaceExplorer:BottledGravity":73,"Strawberry":82,"Bronze Scales":98,"Toolbox":98,"Tiny Chest":15,"Molten Egg 2":33,"Philosopher\u0027s Stone":45,"Membership Card":56,"Bottled Lightning":109,"Toy Ornithopter":6}],"Toy Ornithopter":37},"card_choices":[{"not_picked":["RobotSpaceExplorer:DroneSwarm","RobotSpaceExplorer:Comet"],"picked":"RobotSpaceExplorer:Blaster","floor":0},{"not_picked":["RobotSpaceExplorer:FrostMissile","RobotSpaceExplorer:Pulsar"],"picked":"RobotSpaceExplorer:PlasmaMissile","floor":1},{"not_picked":["RobotSpaceExplorer:SlimeMissile","RobotSpaceExplorer:FranticSearch"],"picked":"RobotSpaceExplorer:DoubleBlock","floor":4},{"not_picked":["RobotSpaceExplorer:Ammunition","RobotSpaceExplorer:StunGrenade"],"picked":"RobotSpaceExplorer:Scanner","floor":8},{"not_picked":["RobotSpaceExplorer:Ammunition","RobotSpaceExplorer:PowerGlove"],"picked":"RobotSpaceExplorer:DoubleFind","floor":11},{"not_picked":["RobotSpaceExplorer:ToxicBomb","RobotSpaceExplorer:ImprovisedAttack+1"],"picked":"RobotSpaceExplorer:LuckyStrike+1","floor":12},{"not_picked":["RobotSpaceExplorer:Ammunition","RobotSpaceExplorer:Pulsar"],"picked":"RobotSpaceExplorer:MetalStrike+1","floor":13},{"not_picked":["RobotSpaceExplorer:Exploration","RobotSpaceExplorer:Wormhole"],"picked":"RobotSpaceExplorer:Comet","floor":16},{"not_picked":["RobotSpaceExplorer:ShockKick+1","RobotSpaceExplorer:StunGrenade+1"],"picked":"RobotSpaceExplorer:FrostMissile+1","floor":18},{"not_picked":["RobotSpaceExplorer:LaserBurst+1","RobotSpaceExplorer:ShockKick+1"],"picked":"RobotSpaceExplorer:LuckyStrike+1","floor":20},{"not_picked":["RobotSpaceExplorer:GlueShot","RobotSpaceExplorer:ToxicBomb","RobotSpaceExplorer:SelfCleaning"],"picked":"SKIP","floor":22},{"not_picked":["RobotSpaceExplorer:FrostMissile+1","RobotSpaceExplorer:ShockKick+1"],"picked":"RobotSpaceExplorer:SurgingShield","floor":24},{"not_picked":["RobotSpaceExplorer:MiniBoosters","RobotSpaceExplorer:SurgingStrike+1"],"picked":"RobotSpaceExplorer:Multitool","floor":27},{"not_picked":["RobotSpaceExplorer:ShovelStrike+1","RobotSpaceExplorer:Jetpack","RobotSpaceExplorer:PowerGlove"],"picked":"SKIP","floor":29},{"not_picked":["RobotSpaceExplorer:BlastShield","RobotSpaceExplorer:Autoloader"],"picked":"RobotSpaceExplorer:TrailblazerForm","floor":33},{"not_picked":["RobotSpaceExplorer:SurgingShield","RobotSpaceExplorer:SlimeMissile+1"],"picked":"RobotSpaceExplorer:Fix","floor":34},{"not_picked":["RobotSpaceExplorer:LuckyStrike+1","RobotSpaceExplorer:StarDust","RobotSpaceExplorer:ScrapMissile+1"],"picked":"SKIP","floor":35},{"not_picked":["RobotSpaceExplorer:Blitz+1","RobotSpaceExplorer:MetalStrike+1"],"picked":"RobotSpaceExplorer:Electropulse+1","floor":40},{"not_picked":["RobotSpaceExplorer:Pulsar+1","RobotSpaceExplorer:SwiftStep","RobotSpaceExplorer:GearShield"],"picked":"SKIP","floor":41},{"not_picked":["RobotSpaceExplorer:Counterblock","RobotSpaceExplorer:DroneSwarm"],"picked":"RobotSpaceExplorer:ShockMissile+1","floor":42},{"not_picked":["RobotSpaceExplorer:Pulsar+1","RobotSpaceExplorer:ShovelStrike+1","RobotSpaceExplorer:Counterblock"],"picked":"SKIP","floor":45},{"not_picked":["RobotSpaceExplorer:LaserBurst+1","RobotSpaceExplorer:GlueShot"],"picked":"RobotSpaceExplorer:Ammunition+1","floor":47},{"not_picked":["RobotSpaceExplorer:BigMissile+1","RobotSpaceExplorer:MiniBoosters"],"picked":"RobotSpaceExplorer:Fix","floor":48},{"not_picked":["RobotSpaceExplorer:ShockKick+1","RobotSpaceExplorer:SurgingShield","RobotSpaceExplorer:SwiftStep"],"picked":"SKIP","floor":54}],"player_experience":1767793,"relics_obtained":[{"floor":5,"key":"Toy Ornithopter"},{"floor":8,"key":"Thread and Needle"},{"floor":9,"key":"Tiny Chest"},{"floor":11,"key":"Odd Mushroom"},{"floor":12,"key":"Molten Egg 2"},{"floor":19,"key":"HornCleat"},{"floor":24,"key":"Happy Flower"},{"floor":27,"key":"Dead Branch"},{"floor":29,"key":"RobotSpaceExplorer:BottledGravity"},{"floor":36,"key":"Strawberry"},{"floor":40,"key":"Lizard Tail"},{"floor":42,"key":"Bronze Scales"},{"floor":43,"key":"Omamori"},{"floor":48,"key":"Bottled Lightning"},{"floor":54,"key":"Gremlin Horn"}],"event_choices":[{"damage_healed":0,"gold_gain":56,"player_choice":"Gained Gold","damage_taken":0,"max_hp_gain":0,"max_hp_loss":0,"event_name":"Golden Wing","floor":2,"gold_loss":0},{"damage_healed":0,"gold_gain":0,"player_choice":"Donut","damage_taken":0,"max_hp_gain":5,"max_hp_loss":0,"event_name":"Big Fish","floor":7,"gold_loss":0},{"damage_healed":0,"gold_gain":0,"player_choice":"Fought Mushrooms","damage_taken":0,"max_hp_gain":0,"max_hp_loss":0,"event_name":"Mushrooms","floor":11,"gold_loss":0},{"damage_healed":20,"gold_gain":0,"player_choice":"Healed","damage_taken":0,"max_hp_gain":0,"max_hp_loss":0,"event_name":"The Cleric","floor":14,"gold_loss":35},{"damage_healed":0,"gold_gain":0,"player_choice":"Simplicity","damage_taken":0,"max_hp_gain":0,"max_hp_loss":0,"event_name":"Back to Basics","floor":28,"gold_loss":0,"cards_upgraded":["RobotSpaceExplorer:Strike","RobotSpaceExplorer:Strike","RobotSpaceExplorer:Defend","RobotSpaceExplorer:Defend","RobotSpaceExplorer:Defend","RobotSpaceExplorer:Defend"]},{"damage_healed":0,"gold_gain":0,"player_choice":"Obtained Relic","damage_taken":0,"relics_obtained":["Ginger"],"max_hp_gain":0,"max_hp_loss":0,"event_name":"Addict","floor":31,"gold_loss":85},{"cards_removed":["RobotSpaceExplorer:Strike"],"damage_healed":0,"gold_gain":0,"player_choice":"Upgrade and Remove","damage_taken":0,"max_hp_gain":0,"max_hp_loss":0,"event_name":"Designer","floor":38,"gold_loss":90,"cards_upgraded":["RobotSpaceExplorer:Scanner"]}],"is_beta":true,"boss_relics":[{"not_picked":["Sozu","SlaversCollar"],"picked":"Philosopher\u0027s Stone"},{"not_picked":["Pandora\u0027s Box","Empty Cage"],"picked":"Tiny House"}],"items_purged_floors":[3,21,37],"is_endless":false,"potions_floor_spawned":[11,12,13,18,22,33,40,42,45,47],"killed_by":"The Heart","ascension_level":12}}