{"host":"m6aaltr68g9tvoay","time":1609973463,"event":{"mods":["AchievementEnabler","BaseMod","Colored Map","Minty Spire (QoL Compilation)","StSLib"],"gold_per_floor":[119,119,76,151,98,98,98,124,124,124,38,38,64,78,78,152,152,165,165,177,177,102,102,112,112,112],"floor_reached":25,"playtime":642,"items_purged":[],"score":390,"play_id":"53cda0b2-bdaa-4dcd-821f-8cbbfdb52ba6","local_time":"20210106145103","is_ascension_mode":true,"campfire_choices":[{"data":"Armaments","floor":6,"key":"SMITH"},{"data":"Uppercut","floor":10,"key":"SMITH"},{"data":"Rage","floor":15,"key":"SMITH"},{"floor":23,"key":"REST"}],"circlet_count":0,"master_deck":["AscendersBane","Strike_R","Strike_R","Strike_R","Strike_R","Defend_R","Defend_R","Defend_R","Defend_R","Bash","Armaments+1","Uppercut+1","Rage+1","Disarm","Double Tap","Demon Form","Heavy Blade","Shrug It Off"],"relics":["Burning Blood","PreservedInsect","Singing Bowl","Boot","Bag of Preparation","Nunchaku","SacredBark"],"acts_visited":["Exordium","TheCity"],"potions_floor_usage":[16,16,18,25],"damage_taken":[{"damage":3,"enemies":"2 Louse","floor":1,"turns":4},{"damage":30,"enemies":"Lagavulin","floor":8,"turns":5},{"damage":15,"enemies":"3 Sentries","floor":13,"turns":7},{"damage":7,"enemies":"Jaw Worm","floor":14,"turns":4},{"damage":8,"enemies":"Hexaghost","floor":16,"turns":9},{"damage":33,"enemies":"Shell Parasite","floor":18,"turns":6},{"damage":13,"enemies":"Chosen","floor":20,"turns":5},{"damage":26,"enemies":"Snake Plant","floor":24,"turns":5},{"damage":42,"enemies":"Slavers","floor":25,"turns":3}],"seed_played":"-908989543106497211","potions_obtained":[{"floor":0,"key":"LiquidBronze"},{"floor":0,"key":"Strength Potion"},{"floor":16,"key":"EssenceOfSteel"},{"floor":24,"key":"Explosive Potion"}],"is_trial":false,"path_per_floor":["M","?","$","?","?","R","T","E","T","R","$","?","E","M","R","B",null,"M","$","M","?","?","R","M","E"],"character_chosen":"IRONCLAD","items_purchased":["Uppercut","Disarm"],"campfire_rested":1,"item_purchase_floors":[3,11],"current_hp_per_floor":[71,71,71,71,71,71,71,47,47,47,47,47,40,39,39,37,67,40,40,35,35,35,58,38,0,0],"gold":112,"neow_bonus":"THREE_SMALL_POTIONS","is_daily":false,"chose_seed":false,"campfire_upgraded":3,"win_rate":0.0,"timestamp":1609973463,"path_taken":["M","?","$","?","?","R","?","E","T","R","?","?","E","M","R","BOSS","M","$","M","?","?","R","M","E"],"items_purchased_type":["Card","Card"],"build_version":"2020-12-22","purchased_purges":0,"victory":false,"max_hp_per_floor":[75,75,75,75,75,75,75,75,75,75,75,75,77,77,77,77,77,77,77,79,79,79,79,79,79,79],"card_choices":[{"not_picked":["Pommel Strike","Anger"],"picked":"Armaments","floor":1},{"not_picked":["Warcry","Flex"],"picked":"Rage","floor":8},{"not_picked":["Havoc","Dark Embrace","Perfected Strike"],"picked":"Singing Bowl","floor":13},{"not_picked":["Havoc","Shrug It Off"],"picked":"Double Tap","floor":14},{"not_picked":["Juggernaut","Berserk"],"picked":"Demon Form","floor":16},{"not_picked":["Body Slam","Ghostly Armor"],"picked":"Heavy Blade","floor":18},{"not_picked":["Pommel Strike","Uppercut","Body Slam"],"picked":"Singing Bowl","floor":20},{"not_picked":["Metallicize","Second Wind"],"picked":"Shrug It Off","floor":24}],"player_experience":1342692,"relics_obtained":[{"floor":7,"key":"PreservedInsect"},{"floor":8,"key":"Singing Bowl"},{"floor":9,"key":"Boot"},{"floor":13,"key":"Nunchaku"}],"event_choices":[{"damage_healed":0,"gold_gain":0,"player_choice":"Ignored","damage_taken":0,"max_hp_gain":0,"max_hp_loss":0,"event_name":"Shining Light","floor":2,"gold_loss":0},{"damage_healed":0,"gold_gain":75,"player_choice":"Gained Gold","damage_taken":0,"max_hp_gain":0,"max_hp_loss":0,"event_name":"Golden Wing","floor":4,"gold_loss":0},{"damage_healed":0,"gold_gain":0,"player_choice":"Left Gold","damage_taken":0,"max_hp_gain":0,"max_hp_loss":0,"event_name":"World of Goop","floor":5,"gold_loss":53},{"damage_healed":0,"gold_gain":0,"player_choice":"Searched \u00272\u0027 times","damage_taken":0,"relics_obtained":["Bag of Preparation"],"max_hp_gain":0,"max_hp_loss":0,"event_name":"Dead Adventurer","floor":12,"gold_loss":0},{"damage_healed":0,"gold_gain":0,"player_choice":"Ignored","damage_taken":0,"max_hp_gain":0,"max_hp_loss":0,"event_name":"Ghosts","floor":21,"gold_loss":0},{"cards_removed":["Strike_R"],"damage_healed":0,"gold_gain":0,"player_choice":"Gave Gold","damage_taken":0,"max_hp_gain":0,"max_hp_loss":0,"event_name":"Beggar","floor":22,"gold_loss":75}],"is_beta":false,"boss_relics":[{"not_picked":["Ectoplasm","Snecko Eye"],"picked":"SacredBark"}],"items_purged_floors":[],"is_endless":false,"potions_floor_spawned":[8,14,16,24],"killed_by":"Slavers","ascension_level":18}}