{"host":"9n6i2vl93jt4o42q","time":1609965316,"event":{"mods":["BaseMod","Downfall","Minty Spire (QoL Compilation)","Relic Stats","StSLib"],"gold_per_floor":[99,113,133,133,153,186,210,135,153,164,3,3,0,0,11,112,112,37,56,76,76,89,116,116,1,1,12,12,12,41,60,79,181,181,181,197,216,242,292,292,292,66,92,105,122,154,79,114,133,133,133,158,8,8,8],"floor_reached":56,"playtime":11500,"items_purged":["Regret","Injury","Injury"],"score":1745,"play_id":"af55a914-c06a-4475-bf4a-0dfa2b99818f","local_time":"20210106213516","is_ascension_mode":true,"campfire_choices":[{"data":"Guardian:TwinSlam","floor":1,"key":"SMITH"},{"data":"Guardian:BronzeArmor","floor":8,"key":"SMITH"},{"floor":12,"key":"RECALL"},{"data":"Guardian:DonusPower","floor":18,"key":"SMITH"},{"data":"Guardian:ShieldSpikes","floor":26,"key":"SMITH"},{"data":"Guardian:ChargeCore","floor":29,"key":"SMITH"},{"data":"Guardian:SpikerProtocol","floor":35,"key":"SMITH"},{"data":"Guardian:DonusPower","floor":47,"key":"SMITH"},{"data":"Guardian:ArmoredProtocol","floor":54,"key":"SMITH"}],"circlet_count":0,"master_deck":["Guardian:Strike_Guardian","Guardian:Strike_Guardian","Guardian:Defend_Guardian+1","Guardian:Defend_Guardian","Guardian:Defend_Guardian","Guardian:Defend_Guardian+1","Guardian:CurlUp+1","Guardian:TwinSlam+1","Guardian:DonusPower+1","Guardian:SpikerProtocol+1","Guardian:BronzeArmor+1","Guardian:SentryBeam+1","Guardian:Recover","Guardian:ExploitGems","Guardian:ArmoredProtocol+1","Guardian:ChargeCore+1","Guardian:ShieldSpikes+1","Guardian:MultiBeam+1","Clumsy","Guardian:TemporalShield+1","Guardian:PrimingBeam","Guardian:ExploitGems","Guardian:AncientConstruct+1","Guardian:TemporalShield+1","Guardian:Planning","Guardian:PolyBeam+1","Guardian:DonusPower+1","Guardian:FloatingOrbs+1","Guardian:BronzeOrb+1","Guardian:PiercingHide","Guardian:Repulse+1"],"relics":["Cursed Key","Anchor","downfall:HeartBlessingBlue","downfall:ShatteredFragment","Empty Cage","downfall:HeartBlessingRed","White Beast Statue","Frozen Egg 2","Du-Vu Doll","Philosopher\u0027s Stone","Vajra","Shovel","Shuriken","OrangePellets","InkBottle","Bottled Tornado","downfall:HeartBlessingGreen","MealTicket","Bag of Marbles","Guardian:StasisUpgradeRelic"],"acts_visited":["Exordium","TheCity","TheBeyond","TheEnding"],"potions_floor_usage":[16,27,55],"damage_taken":[{"damage":0,"enemies":"Cultist","floor":2,"turns":4},{"damage":0,"enemies":"2 Louse","floor":3,"turns":2},{"damage":0,"enemies":"Small Slimes","floor":5,"turns":3},{"damage":25,"enemies":"Lagavulin","floor":6,"turns":8},{"damage":0,"enemies":"Blue Slaver","floor":9,"turns":2},{"damage":1,"enemies":"3 Louse","floor":10,"turns":3},{"damage":2,"enemies":"downfall:FleeingMerchant","floor":11,"turns":4},{"damage":0,"enemies":"downfall:FleeingMerchant","floor":13,"turns":4},{"damage":0,"enemies":"Exordium Thugs","floor":15,"turns":3},{"damage":27,"enemies":"downfall:Defect","floor":16,"turns":6},{"damage":0,"enemies":"Spheric Guardian","floor":19,"turns":3},{"damage":0,"enemies":"3 Byrds","floor":20,"turns":3},{"damage":0,"enemies":"Centurion and Healer","floor":22,"turns":4},{"damage":0,"enemies":"Book of Stabbing","floor":23,"turns":4},{"damage":0,"enemies":"downfall:FleeingMerchant","floor":25,"turns":4},{"damage":0,"enemies":"Cultist and Chosen","floor":27,"turns":4},{"damage":18,"enemies":"Slavers","floor":30,"turns":3},{"damage":0,"enemies":"Snake Plant","floor":31,"turns":2},{"damage":0,"enemies":"Chosen and Byrds","floor":32,"turns":4},{"damage":0,"enemies":"downfall:Silent","floor":33,"turns":5},{"damage":0,"enemies":"3 Shapes","floor":36,"turns":3},{"damage":12,"enemies":"3 Darklings","floor":37,"turns":3},{"damage":0,"enemies":"Mind Bloom Boss Battle","floor":39,"turns":5},{"damage":0,"enemies":"downfall:FleeingMerchant","floor":42,"turns":2},{"damage":0,"enemies":"Giant Head","floor":43,"turns":4},{"damage":0,"enemies":"Jaw Worm Horde","floor":44,"turns":2},{"damage":0,"enemies":"Sphere and 2 Shapes","floor":45,"turns":2},{"damage":8,"enemies":"Nemesis","floor":46,"turns":5},{"damage":4,"enemies":"Reptomancer","floor":48,"turns":4},{"damage":2,"enemies":"Maw","floor":49,"turns":4},{"damage":0,"enemies":"downfall:Watcher","floor":50,"turns":4},{"damage":9,"enemies":"downfall:CharBossMerchant","floor":52,"turns":6},{"damage":0,"enemies":"downfall:NeowBoss","floor":55,"turns":13}],"seed_played":"3271872180431078705","potions_obtained":[{"floor":2,"key":"champ:CounterPotion"},{"floor":3,"key":"sneckomod:MuddlingPotion"},{"floor":10,"key":"Swift Potion"},{"floor":22,"key":"Energy Potion"},{"floor":23,"key":"Slimebound:ThreeZeroPotion"},{"floor":25,"key":"Guardian:AcceleratePotion"},{"floor":27,"key":"champ:CounterPotion"},{"floor":30,"key":"Fire Potion"},{"floor":33,"key":"Regen Potion"},{"floor":46,"key":"PowerPotion"}],"is_trial":false,"path_per_floor":["R","M","M","?","M","E","T","R","M","M","$","R","$","?","M","B",null,"R","M","M","?","M","E","T","$","R","M","?","R","E","M","M","B",null,"R","M","M","?","?","?","T","$","E","M","M","E","R","E","M","B",null,"E","$","R","B",null],"character_chosen":"GUARDIAN","items_purchased":["Guardian:Gem_Crimson","Shuriken","Guardian:FloatingOrbs+1","OrangePellets","Guardian:StasisUpgradeRelic"],"campfire_rested":0,"item_purchase_floors":[11,42,42,42,53],"current_hp_per_floor":[80,80,80,80,80,55,55,65,65,64,62,62,62,38,38,11,90,90,90,90,72,72,72,72,72,72,72,72,72,54,54,54,54,95,95,95,83,83,83,83,83,83,83,83,83,75,75,71,69,69,95,86,95,95,95],"gold":8,"neow_bonus":"BOSS_RELIC","is_daily":false,"chose_seed":false,"campfire_upgraded":8,"win_rate":0.0,"timestamp":1609965316,"path_taken":["R","M","?","?","M","E","T","R","M","M","$","R","$","?","M","BOSS","R","M","M","?","M","E","T","$","R","M","?","R","E","?","M","BOSS","R","M","M","?","?","?","T","$","E","M","M","E","R","E","M","BOSS","E","$","R","BOSS"],"items_purchased_type":["Card","Relic","Card","Relic","Relic"],"build_version":"2020-12-22","purchased_purges":3,"victory":true,"max_hp_per_floor":[80,80,80,80,80,80,80,90,90,90,90,90,90,90,90,90,90,90,90,90,95,95,95,95,95,95,95,95,95,95,95,95,95,95,95,95,95,95,95,95,95,95,95,95,95,95,95,95,95,95,95,95,95,95,95],"relic_stats":{"OrangePellets":[8],"Shovel":0,"counters":[33,132],"Shuriken":[47],"MealTicket":9,"Cursed Key":3,"obtain_stats":[{"downfall:ShatteredFragment":14,"downfall:HeartBlessingRed":18,"Guardian:ModeShifter":0,"Vajra":38,"downfall:HeartBlessingGreen":47,"Frozen Egg 2":24,"Bottled Tornado":46,"Cursed Key":0,"Empty Cage":17,"White Beast Statue":23,"Du-Vu Doll":30,"OrangePellets":42,"Guardian:StasisUpgradeRelic":53,"Anchor":6,"Shovel":39,"downfall:HeartBlessingBlue":8,"Shuriken":42,"Philosopher\u0027s Stone":34,"MealTicket":48,"Bag of Marbles":52,"InkBottle":43},{"downfall:ShatteredFragment":8,"downfall:HeartBlessingRed":10,"Guardian:ModeShifter":0,"Vajra":22,"downfall:HeartBlessingGreen":28,"Frozen Egg 2":14,"Bottled Tornado":28,"Cursed Key":0,"Empty Cage":10,"White Beast Statue":14,"Du-Vu Doll":17,"OrangePellets":24,"Guardian:StasisUpgradeRelic":32,"Anchor":4,"Shovel":23,"downfall:HeartBlessingBlue":4,"Shuriken":24,"Philosopher\u0027s Stone":20,"MealTicket":29,"Bag of Marbles":32,"InkBottle":25},{"downfall:ShatteredFragment":30,"downfall:HeartBlessingRed":39,"Guardian:ModeShifter":0,"Vajra":81,"downfall:HeartBlessingGreen":101,"Frozen Egg 2":53,"Bottled Tornado":101,"Cursed Key":0,"Empty Cage":39,"White Beast Statue":53,"Du-Vu Doll":64,"OrangePellets":88,"Guardian:StasisUpgradeRelic":119,"Anchor":17,"Shovel":86,"downfall:HeartBlessingBlue":17,"Shuriken":88,"Philosopher\u0027s Stone":75,"MealTicket":105,"Bag of Marbles":119,"InkBottle":92}],"InkBottle":[34]},"card_choices":[{"not_picked":["Guardian:Emergency","Guardian:VentSteam"],"picked":"Guardian:Gem_Fragmented","floor":2},{"not_picked":["Guardian:Suspension","Guardian:ShieldSpikes"],"picked":"Guardian:DonusPower","floor":3},{"not_picked":["Guardian:Suspension","Guardian:Planning"],"picked":"Guardian:SpikerProtocol","floor":5},{"not_picked":["Guardian:TimeBomb","Guardian:Gem_Lightblue"],"picked":"Guardian:BronzeArmor","floor":6},{"not_picked":["Guardian:ShieldCharger","Guardian:Planning"],"picked":"Guardian:SentryBeam","floor":9},{"not_picked":["Guardian:Reroute","Guardian:FloatingOrbs"],"picked":"Guardian:Recover","floor":10},{"not_picked":["Guardian:GatlingBeam","Guardian:ShieldCharger","Guardian:WalkerClaw"],"picked":"SKIP","floor":11},{"not_picked":["Guardian:RollAttack","Guardian:Gem_Cyan"],"picked":"Guardian:Gem_White","floor":13},{"not_picked":["Guardian:MultiBeam","Guardian:ShieldCharger"],"picked":"Guardian:Gem_Green","floor":15},{"not_picked":["Guardian:FierceBash","Guardian:GemFire"],"picked":"Guardian:ExploitGems","floor":16},{"not_picked":["Guardian:Recover","Guardian:Incinerate"],"picked":"Guardian:ArmoredProtocol","floor":19},{"not_picked":["Guardian:Repulse","Guardian:BronzeOrb"],"picked":"Guardian:ChargeCore","floor":20},{"not_picked":["Guardian:SpikerProtocol+1","Guardian:Gem_White"],"picked":"Guardian:ShieldSpikes","floor":22},{"not_picked":["Guardian:Gem_Yellow","Guardian:TemporalStrike"],"picked":"Guardian:MultiBeam+1","floor":23},{"not_picked":["Guardian:Gem_Lightblue","Guardian:RollAttack"],"picked":"Guardian:TemporalShield+1","floor":25},{"not_picked":["Guardian:CrystalBeam","Guardian:Harden"],"picked":"Guardian:PrimingBeam","floor":27},{"not_picked":["Guardian:RollAttack+1","Guardian:GatlingBeam"],"picked":"Guardian:ExploitGems","floor":30},{"not_picked":["Guardian:PrimingBeam","Guardian:Planning"],"picked":"Guardian:Gem_Purple","floor":31},{"not_picked":["Guardian:TemporalShield+1","Guardian:RollAttack+1"],"picked":"Guardian:Gem_Green","floor":32},{"not_picked":["Guardian:SphericShield","Guardian:ExploitGems"],"picked":"Guardian:AncientConstruct+1","floor":33},{"not_picked":["Guardian:WalkerClaw+1","Guardian:Reroute+1"],"picked":"Guardian:TemporalShield+1","floor":36},{"not_picked":["Guardian:Reroute+1","Guardian:Recover"],"picked":"Guardian:Planning","floor":37},{"not_picked":["Guardian:PrimingBeam","Guardian:ChargeCore+1"],"picked":"Guardian:PolyBeam+1","floor":39},{"not_picked":["Guardian:TemporalShield+1","Guardian:ArmoredProtocol+1"],"picked":"Guardian:DonusPower","floor":42},{"not_picked":["Guardian:CrystalBeam+1","Guardian:Incinerate","Guardian:StasisStrike"],"picked":"SKIP","floor":43},{"not_picked":["Guardian:Planning+1","Guardian:VentSteam"],"picked":"Guardian:BronzeOrb+1","floor":44},{"not_picked":["Guardian:ChargeCore+1","Guardian:Clone+1"],"picked":"Guardian:Gem_Yellow","floor":45},{"not_picked":["Guardian:Planning+1","Guardian:MultiBeam"],"picked":"Guardian:Gem_Green","floor":46},{"not_picked":["Guardian:Suspension","Guardian:Gem_Purple"],"picked":"Guardian:PiercingHide","floor":48},{"not_picked":["Guardian:ShieldCharger+1","Guardian:SpikerProtocol+1","Guardian:Suspension"],"picked":"SKIP","floor":49},{"not_picked":["Guardian:SphericShield","Guardian:PolyBeam+1"],"picked":"Guardian:Repulse+1","floor":52}],"player_experience":2167823,"relics_obtained":[{"floor":6,"key":"Anchor"},{"floor":23,"key":"White Beast Statue"},{"floor":24,"key":"Frozen Egg 2"},{"floor":30,"key":"Du-Vu Doll"},{"floor":38,"key":"Vajra"},{"floor":39,"key":"Shovel"},{"floor":43,"key":"InkBottle"},{"floor":46,"key":"Bottled Tornado"},{"floor":48,"key":"MealTicket"},{"floor":52,"key":"Bag of Marbles"}],"event_choices":[{"damage_healed":0,"gold_gain":0,"player_choice":"Upgraded","damage_taken":0,"max_hp_gain":0,"max_hp_loss":0,"event_name":"Upgrade Shrine","floor":28,"gold_loss":0,"cards_upgraded":["Guardian:SentryBeam"]}],"is_beta":false,"boss_relics":[{"not_picked":["Runic Dome","Calling Bell"],"picked":"Empty Cage"},{"not_picked":["Sozu","Snecko Eye"],"picked":"Philosopher\u0027s Stone"}],"items_purged_floors":[11,25,42],"is_endless":false,"potions_floor_spawned":[2,3,10,22,23,25,27,30,31,32,33,36,37,39,42,43,44,45,46,48,49,52],"ascension_level":4}}