{"host":"w3x3n9s6mrz4xpf0","time":1609920217,"event":{"mods":["BaseMod","Minty Spire (QoL Compilation)","StSLib","SuperFastMode"],"gold_per_floor":[117,135,135,135,149,149,162,162,186,202,242,255,104,122,122,211,211,229,254,269,93,111,111,161,180,180,180,201,201,241,260,260,359,359,374,374,393,406,425,425,460,478,478,492,517,127,127,141,141,141],"floor_reached":51,"playtime":1766,"items_purged":["Strike_G","Strike_G","Die Die Die"],"score":1445,"play_id":"293d85cb-74d0-4be0-aff2-c95b41416147","local_time":"20210106170337","is_ascension_mode":true,"campfire_choices":[{"data":"Neutralize","floor":6.0,"key":"SMITH"},{"data":"Bouncing Flask","floor":8.0,"key":"SMITH"},{"data":"Catalyst","floor":15.0,"key":"SMITH"},{"floor":27.0,"key":"REST"},{"data":"Burst","floor":29.0,"key":"SMITH"},{"floor":32.0,"key":"REST"},{"floor":40,"key":"REST"},{"data":"Night Terror","floor":47,"key":"SMITH"},{"floor":49,"key":"REST"}],"circlet_count":0,"master_deck":["AscendersBane","Defend_G","Defend_G","Neutralize+1","Dagger Throw+1","Noxious Fumes+1","Malaise+1","Bouncing Flask+1","Catalyst+1","Burst+1","Wraith Form v2","Catalyst+1","Endless Agony","Acrobatics+1","Night Terror+1","Impatience"],"relics":["Astrolabe","Golden Idol","Bag of Marbles","Regal Pillow","Cursed Key","Bag of Preparation","Empty Cage","Pen Nib","Happy Flower"],"acts_visited":["TheCity","TheBeyond"],"potions_floor_usage":[50,50],"damage_taken":[{"damage":3.0,"enemies":"Jaw Worm","floor":1.0,"turns":5.0},{"damage":0.0,"enemies":"Cultist","floor":2.0,"turns":4.0},{"damage":2.0,"enemies":"2 Louse","floor":5.0,"turns":2.0},{"damage":8.0,"enemies":"Exordium Thugs","floor":7.0,"turns":4.0},{"damage":2.0,"enemies":"Exordium Wildlife","floor":10.0,"turns":4.0},{"damage":26.0,"enemies":"3 Sentries","floor":11.0,"turns":7.0},{"damage":8.0,"enemies":"Red Slaver","floor":12.0,"turns":4.0},{"damage":0.0,"enemies":"Large Slime","floor":14.0,"turns":4.0},{"damage":0.0,"enemies":"Slime Boss","floor":16.0,"turns":5.0},{"damage":0.0,"enemies":"3 Byrds","floor":18.0,"turns":5.0},{"damage":0.0,"enemies":"Spheric Guardian","floor":19.0,"turns":2.0},{"damage":17.0,"enemies":"Shelled Parasite and Fungi","floor":20.0,"turns":5.0},{"damage":25.0,"enemies":"3 Cultists","floor":22.0,"turns":5.0},{"damage":4.0,"enemies":"Snecko","floor":25.0,"turns":5.0},{"damage":2.0,"enemies":"Sentry and Sphere","floor":28.0,"turns":4.0},{"damage":8.0,"enemies":"Book of Stabbing","floor":30.0,"turns":5.0},{"damage":5.0,"enemies":"Centurion and Healer","floor":31.0,"turns":4.0},{"damage":9.0,"enemies":"Champ","floor":33.0,"turns":6.0},{"damage":1.0,"enemies":"Orb Walker","floor":35.0,"turns":3.0},{"damage":15.0,"enemies":"3 Shapes","floor":37.0,"turns":4.0},{"damage":2,"enemies":"Writhing Mass","floor":38,"turns":3},{"damage":12,"enemies":"Spire Growth","floor":39,"turns":2},{"damage":7,"enemies":"Nemesis","floor":41,"turns":3},{"damage":8,"enemies":"4 Shapes","floor":42,"turns":4},{"damage":5,"enemies":"Jaw Worm Horde","floor":44,"turns":4},{"damage":2,"enemies":"Transient","floor":45,"turns":6},{"damage":12,"enemies":"Spire Growth","floor":48,"turns":2},{"damage":6,"enemies":"Donu and Deca","floor":50,"turns":4}],"seed_played":"-4671418238466546113","potions_obtained":[{"floor":2.0,"key":"LiquidMemories"},{"floor":5.0,"key":"GamblersBrew"},{"floor":19.0,"key":"Ancient Potion"},{"floor":22.0,"key":"BlessingOfTheForge"},{"floor":30.0,"key":"Dexterity Potion"},{"floor":35.0,"key":"Energy Potion"},{"floor":39,"key":"DuplicationPotion"}],"is_trial":false,"path_per_floor":["M","M","?","?","M","R","M","R","T","M","E","M","$","M","R","B",null,"M","M","M","$","M","?","?","M","T","R","M","R","E","M","R","B",null,"M","?","M","M","M","R","E","M","T","M","M","$","R","M","R","B",null],"character_chosen":"THE_SILENT","items_purchased":["Catalyst","Wraith Form v2","Happy Flower","Impatience"],"campfire_rested":4,"item_purchase_floors":[13,21,46,46],"current_hp_per_floor":[56,56,56,56,54,54,46,46,46,44,18,10,10,10,10,10,48,48,48,31,31,6,6,6,2,2,35,33,33,25,20,53,44,56,55,55,40,38,26,59,52,44,44,39,37,37,37,25,58,52],"gold":141,"neow_bonus":"BOSS_RELIC","is_daily":false,"chose_seed":false,"campfire_upgraded":5,"win_rate":0.0,"timestamp":1609920217,"path_taken":["M","M","?","?","M","R","?","R","T","M","E","M","$","M","R","BOSS","M","M","?","$","M","?","?","?","T","R","M","R","E","M","R","BOSS","M","?","M","?","M","R","E","M","T","M","M","$","R","M","R","BOSS"],"items_purchased_type":["Card","Card","Relic","Card"],"build_version":"2020-12-22","purchased_purges":3,"victory":true,"max_hp_per_floor":[66,66,60,60,60,60,60,60,60,60,60,60,60,60,60,60,60,60,60,60,60,60,60,60,60,60,60,60,60,60,60,60,60,60,60,60,60,60,60,60,60,60,60,60,60,60,60,60,60,60],"card_choices":[{"not_picked":["Deflect","Blade Dance","Slice"],"picked":"SKIP","floor":1.0},{"not_picked":["Deadly Poison","Dodge and Roll","Blade Dance"],"picked":"SKIP","floor":2.0},{"not_picked":["Noxious Fumes","Skewer"],"picked":"Bouncing Flask","floor":5.0},{"not_picked":["Cloak And Dagger","Riddle With Holes","Envenom"],"picked":"SKIP","floor":7.0},{"not_picked":["Dagger Throw","Blur","Noxious Fumes"],"picked":"SKIP","floor":10.0},{"not_picked":["Deadly Poison","PiercingWail"],"picked":"Die Die Die","floor":11.0},{"not_picked":["Concentrate","Poisoned Stab","Cloak And Dagger"],"picked":"SKIP","floor":12.0},{"not_picked":["Calculated Gamble","Noxious Fumes","Prepared"],"picked":"SKIP","floor":14.0},{"not_picked":["Venomology","Bullet Time"],"picked":"Burst","floor":16.0},{"not_picked":["Poisoned Stab","Quick Slash","Prepared"],"picked":"SKIP","floor":18.0},{"not_picked":["Dagger Spray+1","Riddle With Holes","Quick Slash"],"picked":"SKIP","floor":19.0},{"not_picked":["Deflect","Dagger Spray","PiercingWail"],"picked":"SKIP","floor":20.0},{"not_picked":["Blade Dance","Slice","Acrobatics"],"picked":"SKIP","floor":22.0},{"not_picked":["Deflect","Cloak And Dagger","Slice"],"picked":"SKIP","floor":25.0},{"not_picked":["Flechettes","Acrobatics","Phantasmal Killer"],"picked":"SKIP","floor":28.0},{"not_picked":["Quick Slash","Dagger Throw","Poisoned Stab"],"picked":"SKIP","floor":30.0},{"not_picked":["Dagger Spray","Outmaneuver"],"picked":"Catalyst+1","floor":31.0},{"not_picked":["Flying Knee","Deflect","Cloak And Dagger+1"],"picked":"SKIP","floor":35.0},{"not_picked":["Noxious Fumes","Reflex","Flechettes"],"picked":"SKIP","floor":37.0},{"not_picked":["Poisoned Stab","Outmaneuver","All Out Attack"],"picked":"SKIP","floor":38},{"not_picked":["Sucker Punch+1","Underhanded Strike","Masterful Stab+1"],"picked":"SKIP","floor":39},{"not_picked":["Setup","Dagger Spray"],"picked":"Acrobatics+1","floor":41},{"not_picked":["Masterful Stab","Concentrate"],"picked":"Night Terror","floor":42},{"not_picked":["Poisoned Stab","Accuracy+1","Quick Slash"],"picked":"SKIP","floor":44},{"not_picked":["All Out Attack+1","Sucker Punch","Deflect"],"picked":"SKIP","floor":45},{"not_picked":["Expertise+1","Noxious Fumes","Outmaneuver"],"picked":"SKIP","floor":48}],"player_experience":107186,"relics_obtained":[{"floor":9.0,"key":"Bag of Marbles"},{"floor":11.0,"key":"Regal Pillow"},{"floor":30.0,"key":"Bag of Preparation"},{"floor":41,"key":"Pen Nib"}],"event_choices":[{"damage_healed":0.0,"max_hp_gain":0.0,"max_hp_loss":6.0,"gold_gain":0.0,"event_name":"Golden Idol","player_choice":"Lose Max HP","floor":3.0,"gold_loss":0.0,"damage_taken":0.0,"relics_obtained":["Golden Idol"]},{"cards_removed":["Strike_G"],"damage_healed":0.0,"max_hp_gain":0.0,"max_hp_loss":0.0,"gold_gain":0.0,"event_name":"Purifier","player_choice":"Purged","floor":4.0,"gold_loss":0.0,"damage_taken":0.0},{"damage_healed":0.0,"max_hp_gain":0.0,"max_hp_loss":0.0,"gold_gain":0.0,"event_name":"Vampires","player_choice":"Ignored","floor":23.0,"gold_loss":0.0,"damage_taken":0.0},{"damage_healed":0.0,"max_hp_gain":0.0,"max_hp_loss":0.0,"gold_gain":100.0,"event_name":"The Joust","player_choice":"Bet on Murderer","floor":24.0,"gold_loss":50.0,"damage_taken":0.0},{"damage_healed":0.0,"max_hp_gain":0.0,"max_hp_loss":0.0,"gold_gain":0.0,"cards_transformed":["Defend_G"],"event_name":"Transmorgrifier","player_choice":"Transformed","floor":36.0,"gold_loss":0.0,"damage_taken":0.0,"cards_obtained":["Endless Agony"]}],"is_beta":false,"boss_relics":[{"not_picked":["Velvet Choker","Tiny House"],"picked":"Cursed Key"},{"not_picked":["WristBlade","SacredBark"],"picked":"Empty Cage"}],"items_purged_floors":[13,21,46],"is_endless":false,"potions_floor_spawned":[2,5,14,19,22,30,35,37,39,45],"ascension_level":18}}