{"host":"t4ahr8360jjehcuv","time":1609934393,"event":{"mods":["BaseMod","Colored Map","DeckTracker","Highlight Path","Keyboard Shortcuts","Minty Spire (QoL Compilation)","Permanent Neow","Quick Restart","SuperFastMode","everything is the same but u backflip on backflip"],"gold_per_floor":[116,134,134,65,81,81,96,96,96,116,147,147,180,199,199,324,324,345,361,63,63,76,109,34,34,34,34,74,74,95,111,111,236,236,260,30,54,0,25,25,59,59,59,59,83,118,118,141,141,141],"floor_reached":51,"playtime":3313,"items_purged":["Defend_B"],"score":730,"play_id":"020b56d5-67b4-4164-911e-74d5ec7737aa","local_time":"20210106205953","is_ascension_mode":false,"campfire_choices":[{"data":"Zap","floor":6.0,"key":"SMITH"},{"data":"Chaos","floor":8.0,"key":"SMITH"},{"data":"Streamline","floor":12.0,"key":"SMITH"},{"data":"Self Repair","floor":15.0,"key":"SMITH"},{"data":"Seek","floor":25.0,"key":"SMITH"},{"data":"Coolheaded","floor":27.0,"key":"SMITH"},{"data":"Strike_B","floor":29.0,"key":"PURGE"},{"data":"Reprogram","floor":32.0,"key":"PURGE"},{"data":"Injury","floor":40.0,"key":"PURGE"},{"data":"Creative AI","floor":44.0,"key":"SMITH"},{"data":"Capacitor","floor":47.0,"key":"SMITH"},{"data":"Strike_B","floor":49.0,"key":"PURGE"}],"circlet_count":0,"master_deck":["Defend_B","Defend_B","Defend_B","Zap+1","Dualcast","Conserve Battery","Chaos+1","Sweeping Beam","Auto Shields","Self Repair+1","Chill","Hologram","Streamline+1","Tempest","Rip and Tear+1","Seek+1","Glacier","Stack","Ball Lightning+1","Capacitor+1","Compile Driver+1","Impatience","Barrage+1","Coolheaded+1","Leap","Rainbow","Defragment+1","Melter+1","Turbo+1","Sweeping Beam+1","Creative AI+1","Go for the Eyes+1","Lockon+1","Tempest+1"],"relics":["Cracked Core","Golden Idol","Happy Flower","Molten Egg 2","Ornamental Fan","Philosopher\u0027s Stone","Medical Kit","WingedGreaves","Peace Pipe","Eternal Feather","Bag of Preparation","Nuclear Battery","Orrery","Red Mask","Blood Vial","Pear","Centennial Puzzle","Gambling Chip"],"acts_visited":["Exordium","TheCity","TheBeyond"],"potions_floor_usage":[50,50],"damage_taken":[{"damage":0.0,"enemies":"Small Slimes","floor":1.0,"turns":4.0},{"damage":0.0,"enemies":"Cultist","floor":2.0,"turns":4.0},{"damage":0.0,"enemies":"Jaw Worm","floor":5.0,"turns":4.0},{"damage":1.0,"enemies":"Red Slaver","floor":7.0,"turns":3.0},{"damage":0.0,"enemies":"Large Slime","floor":10.0,"turns":5.0},{"damage":36.0,"enemies":"Lagavulin","floor":11.0,"turns":8.0},{"damage":4.0,"enemies":"Gremlin Nob","floor":13.0,"turns":3.0},{"damage":6.0,"enemies":"Exordium Thugs","floor":14.0,"turns":4.0},{"damage":41.0,"enemies":"Slime Boss","floor":16.0,"turns":10.0},{"damage":13.0,"enemies":"2 Thieves","floor":18.0,"turns":4.0},{"damage":1.0,"enemies":"Chosen","floor":19.0,"turns":4.0},{"damage":2.0,"enemies":"Snake Plant","floor":22.0,"turns":3.0},{"damage":16.0,"enemies":"Gremlin Leader","floor":23.0,"turns":7.0},{"damage":35.0,"enemies":"Book of Stabbing","floor":28.0,"turns":6.0},{"damage":14.0,"enemies":"3 Cultists","floor":30.0,"turns":6.0},{"damage":15.0,"enemies":"Shelled Parasite and Fungi","floor":31.0,"turns":5.0},{"damage":46.0,"enemies":"Champ","floor":33.0,"turns":12.0},{"damage":0.0,"enemies":"3 Shapes","floor":35.0,"turns":3.0},{"damage":19.0,"enemies":"3 Darklings","floor":37.0,"turns":5.0},{"damage":23.0,"enemies":"Reptomancer","floor":41.0,"turns":6.0},{"damage":18.0,"enemies":"Jaw Worm Horde","floor":45.0,"turns":3.0},{"damage":10.0,"enemies":"Nemesis","floor":46.0,"turns":5.0},{"damage":13.0,"enemies":"4 Shapes","floor":48.0,"turns":7.0},{"damage":32,"enemies":"Donu and Deca","floor":50,"turns":10}],"seed_played":"6371782251576469453","potions_obtained":[{"floor":5.0,"key":"Weak Potion"},{"floor":7.0,"key":"Strength Potion"},{"floor":10.0,"key":"Regen Potion"},{"floor":13.0,"key":"FairyPotion"},{"floor":14.0,"key":"SkillPotion"},{"floor":16.0,"key":"AttackPotion"},{"floor":19.0,"key":"Weak Potion"},{"floor":28.0,"key":"SkillPotion"},{"floor":33.0,"key":"EssenceOfSteel"},{"floor":41.0,"key":"PowerPotion"},{"floor":46.0,"key":"EssenceOfSteel"},{"floor":48.0,"key":"LiquidMemories"}],"is_trial":false,"path_per_floor":["M","M","?","$","M","R","M","R","T","M","E","R","E","M","R","B",null,"M","M","$","?","M","E","?","R","T","R","E","R","M","M","R","B",null,"M","$","M","?","T","R","E","$","T","R","M","E","R","M","R","B",null],"character_chosen":"DEFECT","items_purchased":["Self Repair","Ball Lightning+1","Capacitor","Compile Driver+1","Medical Kit","Orrery"],"campfire_rested":0,"item_purchase_floors":[4,20,20,20,20,36],"current_hp_per_floor":[68,68,68,68,68,68,68,68,68,68,39,39,42,43,43,17,68,65,68,68,56,54,48,48,48,48,63,38,53,49,44,59,23,68,68,68,59,59,59,68,65,65,65,78,70,72,78,78,78,46],"gold":141,"neow_bonus":"TRANSFORM_TWO_CARDS","is_daily":false,"chose_seed":false,"campfire_upgraded":8,"win_rate":0.0,"timestamp":1609934393,"path_taken":["M","M","?","$","M","R","M","R","T","M","E","R","E","M","R","BOSS","M","M","$","?","?","E","?","R","T","R","E","R","?","M","R","BOSS","M","$","M","?","?","R","E","$","T","R","M","E","R","M","R","BOSS"],"items_purchased_type":["Card","Card","Card","Card","Relic","Relic"],"build_version":"2020-12-22","purchased_purges":1,"victory":true,"max_hp_per_floor":[68,68,68,68,68,68,68,68,68,68,68,68,68,68,68,68,68,68,68,68,68,68,68,68,68,68,68,68,68,68,68,68,68,68,68,68,68,68,68,68,78,78,78,78,78,78,78,78,78,78],"card_choices":[{"not_picked":["Gash","Fusion"],"picked":"Sweeping Beam","floor":1.0},{"not_picked":["Stack","Conserve Battery"],"picked":"Auto Shields","floor":2.0},{"not_picked":["Gash","Cold Snap"],"picked":"Chill","floor":5.0},{"not_picked":["Gash","Auto Shields"],"picked":"Hologram","floor":7.0},{"not_picked":["Hologram","Cold Snap"],"picked":"Streamline","floor":10.0},{"not_picked":["Beam Cell+1","Hologram"],"picked":"Tempest","floor":11.0},{"not_picked":["Streamline+1","Conserve Battery","Steam"],"picked":"SKIP","floor":13.0},{"not_picked":["Force Field","Steam"],"picked":"Rip and Tear+1","floor":14.0},{"not_picked":["Fission","Amplify"],"picked":"Seek","floor":16.0},{"not_picked":["Steam+1","Darkness+1"],"picked":"Glacier","floor":18.0},{"not_picked":["Conserve Battery+1","Doom and Gloom+1"],"picked":"Stack","floor":19.0},{"not_picked":["Sweeping Beam+1","Steam Power"],"picked":"Barrage+1","floor":22.0},{"not_picked":["Conserve Battery","Barrage+1"],"picked":"Coolheaded","floor":23.0},{"not_picked":["Compile Driver+1","Conserve Battery"],"picked":"Leap","floor":28.0},{"not_picked":["Gash+1","Hologram+1","Rebound+1"],"picked":"SKIP","floor":30.0},{"not_picked":["Meteor Strike+1","Gash+1"],"picked":"Reprogram","floor":31.0},{"not_picked":["Seek","Machine Learning"],"picked":"Rainbow","floor":33.0},{"not_picked":["Streamline+1","Barrage+1"],"picked":"Defragment+1","floor":35.0},{"not_picked":["Conserve Battery+1","Cold Snap+1"],"picked":"Melter+1","floor":36.0},{"not_picked":["Compile Driver+1","Hologram+1"],"picked":"Turbo+1","floor":36.0},{"not_picked":["Cold Snap+1","Compile Driver+1"],"picked":"Sweeping Beam+1","floor":36.0},{"not_picked":["Turbo+1","Auto Shields+1"],"picked":"Creative AI","floor":37.0},{"not_picked":["Steam Power","Coolheaded+1"],"picked":"Go for the Eyes+1","floor":41.0},{"not_picked":["Heatsinks","Genetic Algorithm","Stack+1"],"picked":"SKIP","floor":45.0},{"not_picked":["Fusion+1","BootSequence"],"picked":"Lockon+1","floor":46.0},{"not_picked":["Cold Snap+1","Multi-Cast"],"picked":"Tempest+1","floor":48.0}],"player_experience":36896,"relics_obtained":[{"floor":9.0,"key":"Happy Flower"},{"floor":11.0,"key":"Molten Egg 2"},{"floor":13.0,"key":"Ornamental Fan"},{"floor":23.0,"key":"WingedGreaves"},{"floor":26.0,"key":"Eternal Feather"},{"floor":28.0,"key":"Bag of Preparation"},{"floor":39.0,"key":"Blood Vial"},{"floor":41.0,"key":"Pear"},{"floor":43.0,"key":"Centennial Puzzle"},{"floor":46.0,"key":"Gambling Chip"}],"event_choices":[{"damage_healed":0.0,"max_hp_gain":0.0,"max_hp_loss":0.0,"gold_gain":0.0,"event_name":"Golden Idol","player_choice":"Take Wound","floor":3.0,"gold_loss":0.0,"damage_taken":0.0,"relics_obtained":["Golden Idol"],"cards_obtained":["Injury"]},{"damage_healed":0.0,"max_hp_gain":0.0,"max_hp_loss":0.0,"gold_gain":0.0,"event_name":"Knowing Skull","player_choice":"CARD ","floor":21.0,"potions_obtained":[],"gold_loss":0.0,"damage_taken":12.0,"cards_obtained":["Impatience"]},{"damage_healed":0.0,"max_hp_gain":0.0,"max_hp_loss":0.0,"gold_gain":0.0,"event_name":"Knowing Skull","player_choice":"CARD ","floor":21.0,"potions_obtained":[],"gold_loss":0.0,"damage_taken":12.0,"cards_obtained":["Impatience"]},{"damage_healed":0.0,"max_hp_gain":0.0,"max_hp_loss":0.0,"gold_gain":0.0,"event_name":"WeMeetAgain","player_choice":"Paid Gold","floor":24.0,"gold_loss":75.0,"damage_taken":0.0,"relics_obtained":["Peace Pipe"]},{"damage_healed":0.0,"max_hp_gain":0.0,"max_hp_loss":0.0,"gold_gain":0.0,"event_name":"Tomb of Lord Red Mask","player_choice":"Paid","floor":38.0,"gold_loss":54.0,"damage_taken":0.0,"relics_obtained":["Red Mask"]}],"is_beta":false,"boss_relics":[{"not_picked":["SlaversCollar","Fusion Hammer"],"picked":"Philosopher\u0027s Stone"},{"not_picked":["Busted Crown","SacredBark"],"picked":"Nuclear Battery"}],"items_purged_floors":[36],"is_endless":false,"potions_floor_spawned":[5,7,10,13,14,16,19,28,33,41,46,48],"ascension_level":0}}