{"host":"gx7yyrn1gkym3qpb","time":1609922998,"event":{"mods":["AchievementEnabler","BaseMod","Better Altar","Better Match","Better Note","Better Sensory Stone","Better Skull","Better Third Choice","Highlight Path","Minty Spire (QoL Compilation)","Permanent Neow","Quick Restart","StSLib","Unceasing Turn Reminder"],"gold_per_floor":[115,132,132,132,150,183,207,207,207],"floor_reached":8,"playtime":278,"items_purged":[],"score":107,"play_id":"783b86db-971e-49c3-9567-62f88e3ffc9f","local_time":"20210106034958","is_ascension_mode":true,"campfire_choices":[],"circlet_count":0,"master_deck":["AscendersBane","Strike_R","Strike_R","Strike_R+1","Strike_R","Strike_R","Defend_R","Defend_R+1","Defend_R","Defend_R","Bash","Corruption","Thunderclap","Disarm","Dark Embrace","Shockwave","Ghostly Armor"],"relics":["Burning Blood","Golden Idol","Question Card"],"acts_visited":["Exordium"],"potions_floor_usage":[6,8,8],"damage_taken":[{"damage":11,"enemies":"Jaw Worm","floor":1,"turns":5},{"damage":7,"enemies":"Small Slimes","floor":2,"turns":3},{"damage":9,"enemies":"2 Louse","floor":5,"turns":3},{"damage":13,"enemies":"Lagavulin","floor":6,"turns":7},{"damage":18,"enemies":"Red Slaver","floor":7,"turns":5},{"damage":36,"enemies":"Gremlin Nob","floor":8,"turns":4}],"seed_played":"-9203355632284297084","potions_obtained":[{"floor":1,"key":"BloodPotion"},{"floor":2,"key":"AttackPotion"},{"floor":7,"key":"Swift Potion"}],"is_trial":false,"path_per_floor":["M","M","?","?","M","E","M","E"],"character_chosen":"IRONCLAD","items_purchased":[],"campfire_rested":0,"item_purchase_floors":[],"current_hp_per_floor":[63,62,39,39,36,29,17,0,0],"gold":207,"neow_bonus":"ONE_RANDOM_RARE_CARD","is_daily":false,"chose_seed":false,"campfire_upgraded":0,"win_rate":0.0,"timestamp":1609922998,"path_taken":["M","M","?","?","M","E","M","E"],"items_purchased_type":[],"build_version":"2020-12-22","purchased_purges":0,"victory":false,"max_hp_per_floor":[75,75,75,68,68,68,68,68,68],"card_choices":[{"not_picked":["Cleave","Body Slam"],"picked":"Thunderclap","floor":1},{"not_picked":["Headbutt","Anger"],"picked":"Disarm","floor":2},{"not_picked":["Anger","Wild Strike"],"picked":"Dark Embrace","floor":5},{"not_picked":["Flex","Heavy Blade"],"picked":"Shockwave","floor":6},{"not_picked":["Twin Strike","Rage","Rupture"],"picked":"Ghostly Armor","floor":7}],"player_experience":398801,"relics_obtained":[{"floor":6,"key":"Question Card"}],"event_choices":[{"damage_healed":62,"gold_gain":0,"player_choice":"Upgrade","damage_taken":23,"max_hp_gain":0,"max_hp_loss":75,"event_name":"betterThird:BetterShining","floor":3,"gold_loss":0,"cards_upgraded":["Defend_R","Strike_R"]},{"damage_healed":0,"gold_gain":0,"player_choice":"Lose Max HP","damage_taken":0,"relics_obtained":["Golden Idol"],"max_hp_gain":0,"max_hp_loss":7,"event_name":"Golden Idol","floor":4,"gold_loss":0}],"is_beta":false,"boss_relics":[],"items_purged_floors":[],"is_endless":false,"potions_floor_spawned":[1,2,7],"killed_by":"Gremlin Nob","ascension_level":17}}