{"host":"gkh5j5k5w4qf7k7n","time":1609904096,"event":{"mods":["2.2 Compatiblity","AchievementEnabler","BaseMod","Colored Map","Colored Powertips","Downfall","GifTheSpireLib","Keyboard Shortcuts","Minty Spire (QoL Compilation)","Quick Restart","StSLib","SuperFastMode","¡¼?Úª?ø«¡½REMEMod"],"gold_per_floor":[99,99,162,162,162,162,162,189,200,210,210,310,310,321,341,444,444,369,385,385,404,418,418,496,510,160,187,187,90,15,72,129,266,266,266,266,314,314,314,337,337,396,321,423,483,108,108,165,215,255,255,318,50,50,50],"floor_reached":56,"playtime":3200,"items_purged":["champ:Strike","octo:OctoDefense","champ:Strike","champ:Strike"],"score":1793,"play_id":"2219fdc3-6e2f-41fc-bece-533a96f5a4f4","local_time":"20210106123456","is_ascension_mode":false,"campfire_choices":[{"data":"champ:Improvising","floor":1.0,"key":"SMITH"},{"data":"champ:Taunt","floor":6.0,"key":"SMITH"},{"data":"champ:Improvising","floor":18.0,"key":"SMITH"},{"floor":30.0,"key":"REST"},{"floor":35.0,"key":"RECALL"},{"data":"champ:PerfectForm","floor":43.0,"key":"SMITH"},{"data":"champ:DancingMaster","floor":47,"key":"SMITH"},{"data":"REME_FirmDetermination","floor":54,"key":"SMITH"}],"circlet_count":0,"master_deck":["champ:Defend+1","champ:Defend","champ:Defend","champ:Defend","champ:Execute","champ:Taunt+1","champ:Improvising+1","champ:DefensiveShout+1","champ:Backstep","champ:GutPunch","champ:StanceDance","champ:MurderStrike","champ:Control","champ:Improvising+1","champ:BerserkerStyle+1","champ:BerserkersShout+1","champ:FaceSlap","champ:Backstep+1","champ:DancingMaster+1","champ:GladiatorsShout+1","champ:PerfectForm+1","Secret Weapon+1","Slimebound:Icky","Regret","Guardian:Aged","champ:IronFortress+1","champ:FocusedGladiator+1","REME_FirmDetermination+1","champ:HoldFirm+1","champ:DefensiveStyle","champ:PreciseThrust+1","champ:ArenaPreparation+1","champ:FocusedBerserking+1"],"relics":["champ:ChampionCrown","REME_ComplimentaryCards","downfall:HeartsMalice","Pen Nib","FossilizedHelix","War Paint","WristBlade","Bronze Scales","Runic Pyramid","downfall:HeartBlessingGreen","Toxic Egg 2","Ancient Tea Set","downfall:KnowingSkull","downfall:HeartBlessingBlue","Cursed Key","Blue Candle","Vajra","Incense Burner","downfall:HeartBlessingRed","Regal Pillow","champ:GladiatorsBookOfMartialProwess","TheAbacus"],"acts_visited":["Exordium","TheCity","TheBeyond","TheEnding"],"potions_floor_usage":[44,44,45,48,52,55],"damage_taken":[{"damage":0.0,"enemies":"Jaw Worm","floor":2.0,"turns":1.0},{"damage":0.0,"enemies":"Gremlin Nob","floor":3.0,"turns":1.0},{"damage":0.0,"enemies":"2 Louse","floor":5.0,"turns":1.0},{"damage":41.0,"enemies":"Lagavulin","floor":8.0,"turns":9.0},{"damage":1.0,"enemies":"Cultist","floor":9.0,"turns":4.0},{"damage":6.0,"enemies":"3 Louse","floor":10.0,"turns":3.0},{"damage":22.0,"enemies":"3 Louse","floor":12.0,"turns":4.0},{"damage":0.0,"enemies":"2 Fungi Beasts","floor":14.0,"turns":2.0},{"damage":21.0,"enemies":"Gremlin Gang","floor":15.0,"turns":4.0},{"damage":49.0,"enemies":"downfall:Silent","floor":16.0,"turns":6.0},{"damage":20.0,"enemies":"Shell Parasite","floor":19.0,"turns":3.0},{"damage":22.0,"enemies":"Centurion and Healer","floor":21.0,"turns":4.0},{"damage":22.0,"enemies":"3 Cultists","floor":22.0,"turns":4.0},{"damage":34.0,"enemies":"Snake Plant","floor":25.0,"turns":4.0},{"damage":13.0,"enemies":"downfall:FleeingMerchant","floor":26.0,"turns":4.0},{"damage":48.0,"enemies":"Slavers","floor":27.0,"turns":5.0},{"damage":14.0,"enemies":"downfall:FleeingMerchant","floor":29.0,"turns":4.0},{"damage":12.0,"enemies":"Cultist and Chosen","floor":31.0,"turns":4.0},{"damage":25.0,"enemies":"Shelled Parasite and Fungi","floor":32.0,"turns":3.0},{"damage":39.0,"enemies":"downfall:Ironclad","floor":33.0,"turns":6.0},{"damage":34.0,"enemies":"downfall:FleeingMerchant","floor":37.0,"turns":4.0},{"damage":12.0,"enemies":"Orb Walker","floor":42.0,"turns":2.0},{"damage":55,"enemies":"Reptomancer","floor":44,"turns":5},{"damage":43,"enemies":"3 Shapes","floor":45,"turns":5},{"damage":45,"enemies":"Transient","floor":48,"turns":5},{"damage":43,"enemies":"Maw","floor":49,"turns":8},{"damage":35,"enemies":"downfall:Defect","floor":50,"turns":7},{"damage":74,"enemies":"downfall:CharBossMerchant","floor":52,"turns":9},{"damage":117,"enemies":"downfall:NeowBoss","floor":55,"turns":14}],"seed_played":"-2128537498520307413","potions_obtained":[{"floor":10.0,"key":"sneckomod:MuddlingPotion"},{"floor":12.0,"key":"EntropicBrew"},{"floor":15.0,"key":"SteroidPotion"},{"floor":20.0,"key":"Dexterity Potion"},{"floor":27.0,"key":"hexamod:EctoCoolerPotion"},{"floor":31.0,"key":"DuplicationPotion"},{"floor":33.0,"key":"Regen Potion"},{"floor":42.0,"key":"REME_GoldPotion"},{"floor":44,"key":"DistilledChaos"},{"floor":49,"key":"Block Potion"}],"is_trial":false,"path_per_floor":["R","M","?","?","M","R","T","E","M","M","?","?","?","M","M","B",null,"R","M","?","M","M","?","T","M","$","E","?","$","R","M","M","B",null,"R","?","$","?","?","T","T","M","R","E","M","$","R","M","M","B",null,"E","$","R","B",null],"character_chosen":"THE_CHAMP","items_purchased":["Toxic Egg 2","champ:Backstep+1","Secret Weapon+1","REME_FirmDetermination","champ:HoldFirm+1","TheAbacus","champ:FocusedBerserking+1","Swift Potion"],"campfire_rested":1,"item_purchase_floors":[26,29,37,46,46,53,53,53],"current_hp_per_floor":[90,90,90,90,90,90,90,75,79,76,76,72,65,70,62,46,90,90,85,85,78,81,63,63,44,49,24,15,15,56,56,49,41,105,105,105,99,99,99,99,99,97,97,81,68,68,68,59,73,74,105,95,95,95,89],"gold":50,"neow_bonus":"THREE_ENEMY_KILL","is_daily":false,"chose_seed":false,"campfire_upgraded":6,"win_rate":0.0,"timestamp":1609904096,"path_taken":["R","M","?","?","M","R","T","E","M","?","?","?","?","M","M","BOSS","R","M","?","?","M","?","T","M","?","E","?","$","R","?","M","BOSS","R","?","$","?","?","?","T","M","R","E","M","$","R","M","M","BOSS","E","$","R","BOSS"],"items_purchased_type":["Relic","Card","Card","Card","Card","Relic","Card","Potion"],"build_version":"2020-12-22","purchased_purges":4,"victory":true,"max_hp_per_floor":[90,90,90,90,90,90,90,90,90,90,90,90,90,90,90,90,90,90,90,90,90,90,95,95,95,95,95,95,95,105,105,105,105,105,105,105,105,105,105,105,105,105,105,105,105,105,105,105,105,105,105,105,105,105,105],"card_choices":[{"not_picked":["champ:CrookedStrike","champ:BringItOn"],"picked":"champ:DefensiveShout","floor":2.0},{"not_picked":["champ:BringItOn","champ:Haymaker"],"picked":"champ:Backstep","floor":3.0},{"not_picked":["champ:FanOfKnives","champ:TornadoPunch"],"picked":"champ:GutPunch","floor":5.0},{"not_picked":["champ:DefensiveShout","champ:RisingSlash"],"picked":"champ:FlashCut","floor":8.0},{"not_picked":["champ:AdrenalArmor","champ:BladeFlurry"],"picked":"champ:StanceDance","floor":9.0},{"not_picked":["champ:BladeFlurry","champ:CrookedStrike","champ:FalseCounter"],"picked":"SKIP","floor":10.0},{"not_picked":["champ:IronFortress","champ:BladeFlurry"],"picked":"champ:MurderStrike","floor":12.0},{"not_picked":["champ:Haymaker","champ:CrookedStrike"],"picked":"champ:Control","floor":14.0},{"not_picked":["champ:DefensiveShout","champ:StanceDance","champ:RapidStrikes"],"picked":"SKIP","floor":15.0},{"not_picked":["champ:HeavySlash","champ:LastStand"],"picked":"champ:Improvising","floor":16.0},{"not_picked":["champ:FlashCut","champ:DefensiveShout","champ:GutPunch+1"],"picked":"SKIP","floor":19.0},{"not_picked":["champ:IronFortress","champ:Haymaker"],"picked":"champ:BerserkerStyle+1","floor":21.0},{"not_picked":["champ:EnragedBash","champ:BerserkerStyle"],"picked":"champ:BerserkersShout+1","floor":22.0},{"not_picked":["champ:DefensiveShout+1","champ:PerfectedStrike","champ:GladiatorStyle+1"],"picked":"SKIP","floor":25.0},{"not_picked":["champ:BerserkersShout","champ:Backstep"],"picked":"champ:FaceSlap","floor":26.0},{"not_picked":["champ:DefensiveShout+1","champ:DeathBlow","champ:Haymaker+1"],"picked":"SKIP","floor":27.0},{"not_picked":["champ:ViciousMockery+1","champ:FlashCut","champ:RecklessLeap"],"picked":"SKIP","floor":29.0},{"not_picked":["champ:Duel","champ:DefensiveShout+1"],"picked":"champ:DancingMaster","floor":31.0},{"not_picked":["champ:PerfectedStrike","champ:RecklessLeap"],"picked":"champ:GladiatorsShout+1","floor":32.0},{"not_picked":["champ:SwordThrow","champ:MurderStrike"],"picked":"champ:PerfectForm","floor":33.0},{"not_picked":["champ:RecklessLeap+1","champ:TornadoPunch","champ:GutPunch+1"],"picked":"SKIP","floor":37.0},{"not_picked":["champ:GladiatorStyle","champ:Haymaker","champ:Encircle"],"picked":"SKIP","floor":42.0},{"not_picked":["champ:HeavySlash","champ:Shatter"],"picked":"champ:IronFortress+1","floor":44},{"not_picked":["champ:ViciousMockery+1","champ:AdrenalArmor+1"],"picked":"champ:FocusedGladiator+1","floor":45},{"not_picked":["champ:TornadoPunch+1","champ:FlashCut+1"],"picked":"champ:DefensiveStyle","floor":48},{"not_picked":["champ:FightOn","champ:DefensiveShout+1"],"picked":"champ:PreciseThrust+1","floor":49},{"not_picked":["champ:FightOn","champ:CrookedStrike"],"picked":"champ:ArenaPreparation+1","floor":52}],"player_experience":742292,"relics_obtained":[{"floor":3.0,"key":"Pen Nib"},{"floor":7.0,"key":"FossilizedHelix"},{"floor":8.0,"key":"War Paint"},{"floor":12.0,"key":"WristBlade"},{"floor":27.0,"key":"Ancient Tea Set"},{"floor":39.0,"key":"Blue Candle"},{"floor":40.0,"key":"Vajra"},{"floor":41.0,"key":"Incense Burner"},{"floor":44,"key":"Regal Pillow"},{"floor":52,"key":"champ:GladiatorsBookOfMartialProwess"}],"event_choices":[{"cards_removed":["champ:Strike"],"damage_healed":0.0,"max_hp_gain":0.0,"max_hp_loss":0.0,"gold_gain":0.0,"event_name":"Purifier","player_choice":"Purged","floor":4.0,"gold_loss":0.0,"damage_taken":0.0},{"damage_healed":0.0,"max_hp_gain":0.0,"max_hp_loss":0.0,"gold_gain":0.0,"event_name":"Scrap Ooze","player_choice":"Success","floor":13.0,"gold_loss":0.0,"damage_taken":7.0,"relics_obtained":["Bronze Scales"]},{"damage_healed":0.0,"max_hp_gain":0.0,"max_hp_loss":0.0,"gold_gain":0.0,"event_name":"Lab","player_choice":"Got Potions","floor":20.0,"gold_loss":0.0,"damage_taken":0.0},{"cards_removed":["champ:FlashCut"],"damage_healed":0.0,"max_hp_gain":0.0,"max_hp_loss":0.0,"gold_gain":0.0,"event_name":"Falling","player_choice":"Removed Attack","floor":36.0,"gold_loss":0.0,"damage_taken":0.0}],"is_beta":false,"boss_relics":[{"not_picked":["Tiny House","SlaversCollar"],"picked":"Runic Pyramid"},{"not_picked":["Velvet Choker","REME_LowDesire"],"picked":"Cursed Key"}],"items_purged_floors":[26,29,37,46],"is_endless":false,"potions_floor_spawned":[10,12,15,22,27,31,32,33,42,44,49],"ascension_level":0}}