{"host":"iyinq9z1nwwa1sts","time":1609908703,"event":{"mods":["BaseMod","Colored Map","Downfall","Minty Spire (QoL Compilation)","Replay The Spire","StSLib"],"gold_per_floor":[110,110,110,18,18,62,62,106,129,148,148,171,185,199,199,330,330,348,363,363,278,305,353,353,402,426,426,426,24,55,55,55,86,86,222,222,238,238,265,265,265,33,0,0,49,49,49,81,81,115,115,115,115,125],"floor_reached":55,"playtime":6526,"items_purged":[],"score":918,"play_id":"644b1133-dd03-420e-983e-831fd611ef26","local_time":"20210106125143","is_ascension_mode":false,"campfire_choices":[{"data":"Loop","floor":15.0,"key":"SMITH"},{"floor":34.0,"key":"DIG"},{"floor":53.0,"key":"DIG"}],"circlet_count":0,"master_deck":["Defend_B+1","Defend_B","Defend_B","Defend_B","Zap","Dualcast","Auto Shields","ReplayTheSpireMod:Restless Dread","Loop+1","Conserve Battery","Hyperbeam","Tempest","Loop","BootSequence","ReplayGash","Steam","Buffer","Stack+1","Ball Lightning+1","Machine Learning","Sweeping Beam","Turbo+1","Self Repair+1","Bite","Bite","Bite","Bite","Dramatic Entrance","Rebound","Consume","Consume","Time Bomb","BasicCrystalCard","Multi-Cast","Panic Button+1","expansioncontent:AwakenDeath","Mind Blast","Thinking Ahead","Reinforced Body+1","expansioncontent:StudyTheSpire+1","Hologram","Hologram","Mind Blast","Capacitor","Conserve Battery+1","Madness","Madness"],"relics":["Cracked Core","NeowsBlessing","Ring of Shattering","ReplayTheSpireMod:Ring of Addiction","Potion Belt","Chameleon Ring","Golden Idol","Replay:Wax Seal","Darkstone Periapt","PreservedInsect","Fusion Hammer","Replay:Bandana","Replay:Bottled Flurry","ReplayTheSpireMod:TigerMarble","Omamori","ReplayTheSpireMod:Lightbulb","MealTicket","Replay:Grab Bag","Philosopher\u0027s Stone","SlaversCollar","Calling Bell","Blue Doll","Snack Pack","Gambling Chip","Red Mask","Mirror","Singing Bowl","Torii"],"acts_visited":["Exordium","TheCity","TheBeyond"],"potions_floor_usage":[54],"damage_taken":[{"damage":0.0,"enemies":"Small Slimes","floor":1.0,"turns":1.0},{"damage":0.0,"enemies":"Lagavulin","floor":6.0,"turns":1.0},{"damage":0.0,"enemies":"Gremlin Nob","floor":8.0,"turns":1.0},{"damage":0.0,"enemies":"2 Louse","floor":10.0,"turns":1.0},{"damage":0.0,"enemies":"Jaw Worm","floor":12.0,"turns":2.0},{"damage":0.0,"enemies":"2 Fungi Beasts","floor":13.0,"turns":1.0},{"damage":0.0,"enemies":"Large Slime","floor":14.0,"turns":3.0},{"damage":14.0,"enemies":"Fading Forest","floor":16.0,"turns":11.0},{"damage":16.0,"enemies":"2 Thieves","floor":18.0,"turns":4.0},{"damage":7.0,"enemies":"Shell Parasite","floor":19.0,"turns":4.0},{"damage":1.0,"enemies":"Shelled Parasite and Fungi","floor":22.0,"turns":4.0},{"damage":0.0,"enemies":"Gremlin Leader","floor":23.0,"turns":4.0},{"damage":6.0,"enemies":"Book of Stabbing","floor":25.0,"turns":4.0},{"damage":0.0,"enemies":"Cultist and Chosen","floor":30.0,"turns":4.0},{"damage":0.0,"enemies":"Snecko","floor":33.0,"turns":4.0},{"damage":55.0,"enemies":"Champ","floor":35.0,"turns":9.0},{"damage":0.0,"enemies":"Orb Walker","floor":37.0,"turns":1.0},{"damage":22.0,"enemies":"3 Shapes","floor":39.0,"turns":4.0},{"damage":16.0,"enemies":"R_Hoarder","floor":45.0,"turns":6.0},{"damage":0.0,"enemies":"Jaw Worm Horde","floor":48.0,"turns":4.0},{"damage":21.0,"enemies":"Sphere and 2 Shapes","floor":50.0,"turns":4.0},{"damage":55,"enemies":"Time Eater","floor":54,"turns":7}],"seed_played":"-952715537950914659","potions_obtained":[{"floor":3.0,"key":"Fire Potion"},{"floor":3.0,"key":"Block Potion"},{"floor":3.0,"key":"Energy Potion"},{"floor":7.0,"key":"Block Potion"},{"floor":7.0,"key":"LiquidBronze"},{"floor":10.0,"key":"Slimebound:ThreeZeroPotion"},{"floor":13.0,"key":"BlessingOfTheForge"},{"floor":14.0,"key":"Fruit Juice"},{"floor":16.0,"key":"FearPotion"},{"floor":19.0,"key":"GamblersBrew"},{"floor":22.0,"key":"Fruit Juice"},{"floor":23.0,"key":"LiquidMemories"},{"floor":24.0,"key":"Fire Potion"},{"floor":24.0,"key":"FearPotion"},{"floor":44.0,"key":"AttackPotion"},{"floor":44.0,"key":"Reflective Coating"},{"floor":46.0,"key":"AttackPotion"},{"floor":46.0,"key":"Death Potion"},{"floor":48.0,"key":"Guardian:BlockOnCardUsePotion"},{"floor":49.0,"key":"SneckoOil"},{"floor":49.0,"key":"SmokeBomb"}],"is_trial":false,"path_per_floor":["M","?","?","$","?","E","R","E","T","M","?","M","M","M","R","B",null,"M","M","?","?","M","E","R","E","T","?","?","$","M","PTL","PTL","M","R_BF","B",null,"M","?","M","PTL","PTL","$","?","R","E","R","T","M","R","M","?","?","R_BF","B",null],"character_chosen":"DEFECT","items_purchased":["Loop","Conserve Battery","ReplayTheSpireMod:Lightbulb","Dramatic Entrance","Rebound","Consume","expansioncontent:StudyTheSpire+1","Hologram","Mind Blast"],"campfire_rested":0,"item_purchase_floors":[4,4,29,29,29,29,42,42,42],"current_hp_per_floor":[75,75,75,75,75,75,73,73,73,71,71,71,71,71,71,64,78,62,55,55,55,54,54,54,55,55,55,55,55,56,56,56,54,54,21,54,54,44,36,36,36,50,50,50,36,36,36,44,44,43,36,36,36,10],"gold":125,"neow_bonus":"THREE_ENEMY_KILL","is_daily":false,"chose_seed":false,"campfire_upgraded":1,"win_rate":0.0,"timestamp":1609908703,"path_taken":["M","?","?","?","?","E","R","E","T","M","?","?","M","M","R","BOSS","M","M","?","?","M","E","R","E","T","?","?","?","?","PTL","PTL","M","R_BF","BOSS","M","?","M","PTL","PTL","$","?","R","E","R","T","M","R","M","?","?","R_BF","BOSS"],"items_purchased_type":["Card","Card","Relic","Card","Card","Card","Card","Card","Card"],"build_version":"2020-12-22","purchased_purges":0,"victory":true,"max_hp_per_floor":[75,75,75,75,75,75,73,73,73,71,71,71,71,71,71,78,78,78,78,78,78,78,76,76,83,83,58,58,58,56,56,56,54,54,54,54,54,54,52,52,52,50,50,50,50,50,50,52,52,52,52,52,52,52],"card_choices":[{"not_picked":["Turbo","Steam Power"],"picked":"Auto Shields","floor":1.0},{"not_picked":["Go for the Eyes","ReplaySolidLightProjector"],"picked":"Hyperbeam","floor":6.0},{"not_picked":["Heatsinks","ReplayGash"],"picked":"Tempest","floor":8.0},{"not_picked":["Streamline","Hologram"],"picked":"Loop","floor":10.0},{"not_picked":["Coolheaded","Streamline"],"picked":"BootSequence","floor":12.0},{"not_picked":["Coolheaded","Barrage"],"picked":"ReplayGash","floor":13.0},{"not_picked":["Coolheaded","Streamline"],"picked":"Steam","floor":14.0},{"not_picked":["Reboot","ReplayRNGCard"],"picked":"Buffer","floor":16.0},{"not_picked":["Coolheaded+1","Conserve Battery"],"picked":"Stack+1","floor":18.0},{"not_picked":["Compile Driver","Streamline"],"picked":"Ball Lightning+1","floor":19.0},{"not_picked":["Streamline","Redo"],"picked":"Sweeping Beam","floor":22.0},{"not_picked":["Fusion+1","Undo"],"picked":"Turbo+1","floor":23.0},{"not_picked":["Skim","Conserve Battery"],"picked":"Self Repair+1","floor":25.0},{"not_picked":["BasicCrystalCard","Barrage+1"],"picked":"Time Bomb","floor":30.0},{"not_picked":["Stack","Multi-Cast"],"picked":"BasicCrystalCard","floor":33.0},{"not_picked":["Meteor Strike","Hyperbeam"],"picked":"Multi-Cast","floor":35.0},{"not_picked":["Streamline","Tempest"],"picked":"Panic Button+1","floor":37.0},{"not_picked":["Deep Breath","expansioncontent:PolyBeam"],"picked":"expansioncontent:AwakenDeath","floor":38.0},{"not_picked":["Replay:Sssssssssshield","Survey Options"],"picked":"Mind Blast","floor":38.0},{"not_picked":["expansioncontent:HyperBeam","Replay:Parry"],"picked":"Thinking Ahead","floor":38.0},{"not_picked":["Hologram+1","BasicCrystalCard"],"picked":"Reinforced Body+1","floor":39.0},{"not_picked":["Rebound","Conserve Battery+1"],"picked":"Capacitor","floor":45.0},{"not_picked":["Rebound+1","Stack+1","Loop+1"],"picked":"Singing Bowl","floor":48.0},{"not_picked":["Sweeping Beam+1","Redo"],"picked":"Conserve Battery+1","floor":50.0}],"player_experience":112634,"relics_obtained":[{"floor":3.0,"key":"Ring of Shattering"},{"floor":3.0,"key":"ReplayTheSpireMod:Ring of Addiction"},{"floor":3.0,"key":"Potion Belt"},{"floor":3.0,"key":"Chameleon Ring"},{"floor":6.0,"key":"Replay:Wax Seal"},{"floor":8.0,"key":"Darkstone Periapt"},{"floor":9.0,"key":"PreservedInsect"},{"floor":23.0,"key":"Replay:Bottled Flurry"},{"floor":25.0,"key":"ReplayTheSpireMod:TigerMarble"},{"floor":26.0,"key":"Omamori"},{"floor":34.0,"key":"MealTicket"},{"floor":36.0,"key":"Blue Doll"},{"floor":36.0,"key":"Snack Pack"},{"floor":36.0,"key":"Gambling Chip"},{"floor":45.0,"key":"Mirror"},{"floor":47.0,"key":"Singing Bowl"},{"floor":53.0,"key":"Torii"}],"event_choices":[{"damage_healed":0.0,"max_hp_gain":0.0,"max_hp_loss":0.0,"gold_gain":0.0,"event_name":"Golden Idol","player_choice":"Take Wound","floor":5.0,"gold_loss":0.0,"damage_taken":0.0,"relics_obtained":["Golden Idol"],"cards_obtained":["Injury"]},{"cards_removed":["Strike_B"],"damage_healed":0.0,"max_hp_gain":0.0,"max_hp_loss":0.0,"gold_gain":0.0,"event_name":"NoteForYourself","player_choice":"Took Card","floor":11.0,"gold_loss":0.0,"damage_taken":0.0,"cards_obtained":["Strike_G"]},{"damage_healed":0.0,"max_hp_gain":0.0,"max_hp_loss":0.0,"gold_gain":0.0,"event_name":"The Library","player_choice":"Read","floor":20.0,"gold_loss":0.0,"damage_taken":0.0,"cards_obtained":["Machine Learning"]},{"damage_healed":0.0,"max_hp_gain":0.0,"max_hp_loss":0.0,"gold_gain":0.0,"event_name":"Addict","player_choice":"Obtained Relic","floor":21.0,"gold_loss":85.0,"damage_taken":0.0,"relics_obtained":["Replay:Bandana"]},{"damage_healed":0.0,"max_hp_gain":0.0,"max_hp_loss":25.0,"gold_gain":0.0,"event_name":"Vampires","player_choice":"Became a vampire","floor":27.0,"gold_loss":0.0,"damage_taken":0.0,"cards_obtained":["Bite","Bite","Bite","Bite","Bite"]},{"cards_removed":["Injury"],"damage_healed":0.0,"max_hp_gain":0.0,"max_hp_loss":0.0,"gold_gain":0.0,"event_name":"Back to Basics","player_choice":"Elegance","floor":28.0,"gold_loss":0.0,"damage_taken":0.0},{"damage_healed":0.0,"max_hp_gain":0.0,"max_hp_loss":0.0,"gold_gain":0.0,"event_name":"SensoryStone","player_choice":"Memory 3","floor":38.0,"gold_loss":0.0,"damage_taken":10.0},{"damage_healed":0.0,"max_hp_gain":0.0,"max_hp_loss":0.0,"gold_gain":0.0,"event_name":"Tomb of Lord Red Mask","player_choice":"Paid","floor":43.0,"gold_loss":33.0,"damage_taken":0.0,"relics_obtained":["Red Mask"]},{"damage_healed":0.0,"max_hp_gain":0.0,"max_hp_loss":0.0,"gold_gain":0.0,"event_name":"Winding Halls","player_choice":"Embrace Madness","floor":51.0,"gold_loss":0.0,"damage_taken":7.0,"cards_obtained":["Madness","Madness"]},{"cards_removed":["Bite"],"damage_healed":0.0,"max_hp_gain":0.0,"max_hp_loss":0.0,"gold_gain":0.0,"event_name":"Falling","player_choice":"Removed Attack","floor":52.0,"gold_loss":0.0,"damage_taken":0.0}],"is_beta":false,"boss_relics":[{"not_picked":["Tiny House","Honey Jar"],"picked":"Fusion Hammer"},{"not_picked":["Snecko Eye","Velvet Choker"],"picked":"Replay:Grab Bag"},{"not_picked":["Sozu","Runic Dome"],"picked":"Philosopher\u0027s Stone"},{"not_picked":["Busted Crown","Cursed Key"],"picked":"SlaversCollar"},{"not_picked":["Kintsugi","SacredBark"],"picked":"Calling Bell"}],"items_purged_floors":[],"is_endless":false,"potions_floor_spawned":[10,13,14,16,19,22,23,48],"ascension_level":0}}