{"host":"exhp4inpfmbngj23","time":1609948028,"event":{"mods":["Abigail Mod","BaseMod","Friendly Minions","Gremlin Mod","Kiyohime????","Minty Spire (QoL Compilation)","StSLib","The Alterego"],"gold_per_floor":[18,18,18,36,56,56,79,98,98,121,121,146,184,203,203,203,203],"floor_reached":16,"playtime":1350,"items_purged":[],"score":106,"play_id":"0bcf60b1-cc52-4a70-8c71-915e68d897d2","local_time":"20210106074708","is_ascension_mode":false,"campfire_choices":[{"floor":11,"key":"REST"},{"data":"alterego_mod:DiscoLights","floor":15,"key":"SMITH"}],"circlet_count":0,"master_deck":["alterego_mod:Strike","alterego_mod:Strike","alterego_mod:Strike","alterego_mod:Strike","alterego_mod:Defend","alterego_mod:Defend","alterego_mod:Defend","alterego_mod:Defend","alterego_mod:Impale","alterego_mod:BigMeatyClaws","alterego_mod:BrynhildrsRune","alterego_mod:SideboobHour","alterego_mod:Rip","alterego_mod:Lingerie","alterego_mod:MagicResistance","alterego_mod:Jiggle","alterego_mod:Alter","alterego_mod:DiscoLights+1","alterego_mod:ChallengeComplete","alterego_mod:RidiculouslyBig","alterego_mod:Cooking"],"relics":["alterego_mod:MasochisticConstitution","Golden Idol","Pen Nib"],"acts_visited":["Exordium"],"potions_floor_usage":[5,8,10,16],"damage_taken":[{"damage":4,"enemies":"Cultist","floor":1,"turns":4},{"damage":10,"enemies":"Small Slimes","floor":4,"turns":4},{"damage":10,"enemies":"Jaw Worm","floor":5,"turns":5},{"damage":20,"enemies":"Red Slaver","floor":7,"turns":4},{"damage":12,"enemies":"2 Fungi Beasts","floor":8,"turns":4},{"damage":30,"enemies":"3 Louse","floor":10,"turns":3},{"damage":26,"enemies":"Large Slime","floor":12,"turns":5},{"damage":48,"enemies":"Lagavulin","floor":13,"turns":13},{"damage":6,"enemies":"Blue Slaver","floor":14,"turns":10},{"damage":57,"enemies":"The Guardian","floor":16,"turns":13}],"seed_played":"4127658810007046879","potions_obtained":[{"floor":1,"key":"Explosive Potion"},{"floor":4,"key":"ColorlessPotion"},{"floor":8,"key":"Explosive Potion"},{"floor":14,"key":"LiquidMemories"}],"is_trial":false,"path_per_floor":["M","?","?","M","M","$","M","M","T","M","R","M","E","M","R","B"],"character_chosen":"The_Alterego","items_purchased":[],"campfire_rested":1,"item_purchase_floors":[],"current_hp_per_floor":[67,67,50,41,32,32,13,2,2,44,66,41,43,45,45,0,0],"gold":203,"neow_bonus":"THREE_RARE_CARDS","is_daily":false,"chose_seed":false,"campfire_upgraded":1,"win_rate":0.0,"timestamp":1609948028,"path_taken":["M","?","?","M","M","?","M","M","T","?","R","M","E","M","R","BOSS"],"items_purchased_type":[],"build_version":"2020-12-22","purchased_purges":0,"victory":false,"max_hp_per_floor":[71,71,71,72,73,73,74,75,75,76,76,77,78,79,79,79,79],"card_choices":[{"not_picked":["alterego_mod:Vow","alterego_mod:TrickOrTreatment"],"picked":"alterego_mod:SideboobHour","floor":0},{"not_picked":["alterego_mod:Collar","alterego_mod:Smother"],"picked":"alterego_mod:Rip","floor":1},{"not_picked":["alterego_mod:Cycle","alterego_mod:Punishment"],"picked":"alterego_mod:Lingerie","floor":4},{"not_picked":["alterego_mod:SuperDuperMasochism","alterego_mod:Table"],"picked":"alterego_mod:MagicResistance","floor":5},{"not_picked":["alterego_mod:Punishment","alterego_mod:Maid"],"picked":"alterego_mod:Jiggle","floor":7},{"not_picked":["alterego_mod:GoddessCore","alterego_mod:Clones"],"picked":"alterego_mod:Alter","floor":8},{"not_picked":["alterego_mod:Santa","alterego_mod:DeftHands"],"picked":"alterego_mod:DiscoLights","floor":10},{"not_picked":["alterego_mod:BoobPocket","alterego_mod:BeGentle"],"picked":"alterego_mod:ChallengeComplete","floor":12},{"not_picked":["alterego_mod:Maid","alterego_mod:Crossover"],"picked":"alterego_mod:RidiculouslyBig","floor":13},{"not_picked":["alterego_mod:Cycle","alterego_mod:Clap"],"picked":"alterego_mod:Cooking","floor":14}],"player_experience":1803348,"relics_obtained":[{"floor":13,"key":"Pen Nib"}],"event_choices":[{"damage_healed":0,"gold_gain":0,"player_choice":"Fled","damage_taken":0,"max_hp_gain":0,"max_hp_loss":0,"event_name":"Scrap Ooze","floor":2,"gold_loss":0},{"damage_healed":0,"gold_gain":0,"player_choice":"Take Damage","damage_taken":17,"relics_obtained":["Golden Idol"],"max_hp_gain":0,"max_hp_loss":0,"event_name":"Golden Idol","floor":3,"gold_loss":0}],"is_beta":false,"boss_relics":[],"items_purged_floors":[],"is_endless":false,"potions_floor_spawned":[1,4,8,14],"killed_by":"The Guardian","ascension_level":0}}