{"host":"9b7hrp48q3pna783","time":1609925503,"event":{"mods":["BaseMod","Colored Map","Colored Powertips","Highlight Path","Minty Spire (QoL Compilation)","Relic Stats"],"gold_per_floor":[116,134,134,154,229,229,229,255,255,290,302,330,361,405,417,532,544,571,338,338,358,378,404,416,416,416,416,429,87,87,120,120,120,120],"floor_reached":33,"playtime":1455,"items_purged":["Strike_B","Strike_B"],"score":361,"play_id":"d35a9e80-3631-4b4c-959d-f73fc49aadc6","local_time":"20210106043143","is_ascension_mode":true,"campfire_choices":[{"data":"Chaos","floor":6,"key":"SMITH"},{"data":"Darkness","floor":11,"key":"SMITH"},{"floor":15,"key":"REST"},{"data":"Dualcast","floor":25,"key":"SMITH"},{"data":"Conserve Battery","floor":32,"key":"SMITH"}],"circlet_count":0,"master_deck":["Strike_B","Defend_B","Defend_B","Defend_B+1","Defend_B","Zap+1","Dualcast+1","Panacea+1","Conserve Battery+1","Chaos+1","Darkness+1","Meteor Strike","Capacitor","Seek","Compile Driver","Compile Driver","Streamline","Ghostly","Ghostly","Ghostly","Ghostly","Ghostly"],"relics":["Cracked Core","Bronze Scales","Bag of Preparation","MawBank","PreservedInsect","Runic Dome","Omamori","Darkstone Periapt","Mummified Hand","Cables","Nunchaku"],"acts_visited":["Exordium","TheCity"],"potions_floor_usage":[13,16,16,22,33,33],"damage_taken":[{"damage":9,"enemies":"2 Louse","floor":1,"turns":4},{"damage":0,"enemies":"Small Slimes","floor":2,"turns":3},{"damage":1,"enemies":"Jaw Worm","floor":4,"turns":4},{"damage":5,"enemies":"Gremlin Nob","floor":10,"turns":4},{"damage":5,"enemies":"Looter","floor":12,"turns":3},{"damage":5,"enemies":"Lots of Slimes","floor":13,"turns":2},{"damage":1,"enemies":"Lagavulin","floor":14,"turns":6},{"damage":38,"enemies":"Slime Boss","floor":16,"turns":11},{"damage":0,"enemies":"Spheric Guardian","floor":18,"turns":3},{"damage":10,"enemies":"Chosen","floor":21,"turns":3},{"damage":6,"enemies":"3 Cultists","floor":22,"turns":4},{"damage":17,"enemies":"Book of Stabbing","floor":23,"turns":5},{"damage":11,"enemies":"Centurion and Healer","floor":24,"turns":6},{"damage":4,"enemies":"Shelled Parasite and Fungi","floor":28,"turns":6},{"damage":0,"enemies":"Gremlin Leader","floor":31,"turns":5},{"damage":51,"enemies":"Champ","floor":33,"turns":8}],"seed_played":"-7559703658178764548","potions_obtained":[{"floor":1,"key":"Weak Potion"},{"floor":4,"key":"Explosive Potion"},{"floor":14,"key":"SkillPotion"},{"floor":21,"key":"LiquidMemories"},{"floor":23,"key":"Ancient Potion"},{"floor":28,"key":"SkillPotion"},{"floor":31,"key":"BlessingOfTheForge"}],"is_trial":false,"path_per_floor":["M","M","?","M","?","R","?","T","T","E","R","M","M","E","R","B",null,"M","$","?","M","M","E","M","R","T","?","M","$","?","E","R","B"],"character_chosen":"DEFECT","items_purchased":["Omamori","Compile Driver","Cables"],"campfire_rested":1,"item_purchase_floors":[19,19,29],"current_hp_per_floor":[66,66,66,65,54,54,39,39,39,34,34,29,24,23,45,7,75,75,75,75,65,59,42,31,31,31,31,27,27,27,27,27,0,0],"gold":120,"neow_bonus":"RANDOM_COLORLESS","is_daily":false,"chose_seed":false,"campfire_upgraded":4,"win_rate":0.0,"timestamp":1609925503,"path_taken":["M","M","?","M","?","R","?","?","T","E","R","M","?","E","R","BOSS","M","$","?","M","?","E","M","R","T","?","M","$","?","E","R","BOSS"],"items_purchased_type":["Relic","Card","Relic"],"build_version":"2020-12-22","purchased_purges":2,"victory":false,"max_hp_per_floor":[75,75,75,75,75,75,75,75,75,75,75,75,75,75,75,75,75,75,75,75,75,75,75,75,75,75,37,37,37,37,37,37,37,37],"relic_stats":{"Darkstone Periapt":0,"Nunchaku":[1],"counters":[16,77],"Mummified Hand":[2],"Bronze Scales":[152],"PreservedInsect":84,"Bag of Preparation":[26],"MawBank":108,"obtain_stats":[{"Darkstone Periapt":23,"Runic Dome":17,"Nunchaku":31,"Mummified Hand":26,"Bronze Scales":8,"PreservedInsect":14,"Bag of Preparation":9,"Omamori":19,"Cracked Core":0,"MawBank":10,"Cables":29},{"Darkstone Periapt":12,"Runic Dome":8,"Nunchaku":15,"Mummified Hand":13,"Bronze Scales":3,"PreservedInsect":7,"Bag of Preparation":3,"Omamori":9,"Cracked Core":0,"MawBank":4,"Cables":14},{"Darkstone Periapt":52,"Runic Dome":37,"Nunchaku":69,"Mummified Hand":58,"Bronze Scales":11,"PreservedInsect":26,"Bag of Preparation":11,"Omamori":40,"Cracked Core":0,"MawBank":15,"Cables":64}],"Cables":[13,6,0,2,5]},"card_choices":[{"not_picked":["Purity","Mind Blast"],"picked":"Panacea","floor":0},{"not_picked":["Heatsinks","Auto Shields"],"picked":"Conserve Battery","floor":1},{"not_picked":["Redo","Gash"],"picked":"Chaos","floor":2},{"not_picked":["Sunder","Beam Cell"],"picked":"Darkness","floor":4},{"not_picked":["Stack","Coolheaded"],"picked":"Meteor Strike","floor":10},{"not_picked":["Go for the Eyes","Beam Cell","Lockon"],"picked":"SKIP","floor":12},{"not_picked":["Steam","Cold Snap"],"picked":"Capacitor","floor":13},{"not_picked":["Storm","Blizzard","Turbo"],"picked":"SKIP","floor":14},{"not_picked":["Creative AI","Hyperbeam"],"picked":"Seek","floor":16},{"not_picked":["Ball Lightning","Conserve Battery+1","Rip and Tear"],"picked":"SKIP","floor":18},{"not_picked":["Hologram","Streamline","All For One"],"picked":"SKIP","floor":21},{"not_picked":["Go for the Eyes","Defragment"],"picked":"Compile Driver","floor":22},{"not_picked":["FTL","Loop","Storm"],"picked":"SKIP","floor":23},{"not_picked":["Leap","Ball Lightning"],"picked":"Streamline","floor":24},{"not_picked":["Stack","Streamline","Self Repair"],"picked":"SKIP","floor":28},{"not_picked":["Streamline","Hello World","Rebound"],"picked":"SKIP","floor":31}],"player_experience":75210,"relics_obtained":[{"floor":8,"key":"Bronze Scales"},{"floor":9,"key":"Bag of Preparation"},{"floor":10,"key":"MawBank"},{"floor":14,"key":"PreservedInsect"},{"floor":23,"key":"Darkstone Periapt"},{"floor":26,"key":"Mummified Hand"},{"floor":31,"key":"Nunchaku"}],"event_choices":[{"damage_healed":0,"gold_gain":0,"player_choice":"Ignored","damage_taken":0,"max_hp_gain":0,"max_hp_loss":0,"event_name":"Liars Game","floor":3,"gold_loss":0},{"damage_healed":0,"gold_gain":75,"player_choice":"Gather Gold","damage_taken":11,"max_hp_gain":0,"max_hp_loss":0,"event_name":"World of Goop","floor":5,"gold_loss":0},{"damage_healed":0,"gold_gain":0,"player_choice":"Entered Light","damage_taken":15,"max_hp_gain":0,"max_hp_loss":0,"event_name":"Shining Light","floor":7,"gold_loss":0,"cards_upgraded":["Defend_B","Panacea"]},{"damage_healed":0,"gold_gain":0,"player_choice":"Forge","damage_taken":0,"max_hp_gain":0,"max_hp_loss":0,"event_name":"Accursed Blacksmith","floor":20,"gold_loss":0,"cards_upgraded":["Zap"]},{"damage_healed":0,"gold_gain":0,"player_choice":"Became a Ghost","damage_taken":0,"max_hp_gain":0,"max_hp_loss":38,"event_name":"Ghosts","floor":27,"gold_loss":0,"cards_obtained":["Ghostly","Ghostly","Ghostly","Ghostly","Ghostly"]},{"cards_removed":["Strike_B"],"damage_healed":0,"gold_gain":0,"player_choice":"Offered Basic","damage_taken":0,"max_hp_gain":0,"max_hp_loss":0,"event_name":"Bonfire Elementals","floor":30,"gold_loss":0}],"is_beta":false,"boss_relics":[{"not_picked":["Ectoplasm","Fusion Hammer"],"picked":"Runic Dome"}],"items_purged_floors":[19,29],"is_endless":false,"potions_floor_spawned":[1,4,14,21,23,28,31],"killed_by":"Champ","ascension_level":1}}