{"host":"pa65g39v0cwbmgvo","time":1609920223,"event":{"mods":["2.2 Compatiblity","ATMod(°¢èªMod)","BaseMod","Better Skull","Better Third Choice","BetterRewards","Dota2Spire","Minty Spire (QoL Compilation)","Quick Restart","Replay The Spire","Spicy Shops","StSLib","SuperFastMode","¡¾ÒÅÎï¿¨ÅÆ¡¿REMEMod"],"gold_per_floor":[110,125,200,200,216,251,251,277,277,308,8,35,52,52,52,151,151,161,177,177,276,276,308,308,328,328,70,102,2,27,39,39,343,343,362,362,92,107,127,254,688,688,688,688,283,295,295,429,429,629,629,629,105,337,437],"floor_reached":56,"playtime":1993,"items_purged":["Strike_R","Strike_R","Strike_R"],"score":2225,"play_id":"9fccc6b0-e38f-40c4-aa58-000d4e0cabeb","local_time":"20210106160343","is_ascension_mode":true,"campfire_choices":[{"floor":7,"key":"REST"},{"data":"Demon Form","floor":15,"key":"SMITH"},{"data":"Adrenaline","floor":15,"key":"SMITH"},{"data":"REME_ACTH","floor":32,"key":"SMITH"},{"data":"True Grit","floor":32,"key":"SMITH"},{"floor":42,"key":"RECALL"},{"data":"Bash","floor":49,"key":"SMITH"},{"data":"AT_IchimonjiDouble","floor":49,"key":"SMITH"},{"data":"Feed","floor":52,"key":"SMITH"},{"data":"Defend_R","floor":52,"key":"SMITH"}],"circlet_count":0,"master_deck":["Strike_R","Strike_R","Defend_R","Defend_R","Defend_R","Defend_R+1","Bash+1","AT_IchimonjiDouble+1","Adrenaline+1","AT_BodySlamDance+1","Feed+1","True Grit+1","Demon Form+1","REME_ACTH+1","CurseOfTheBell","AT_Dispersion"],"relics":["Burning Blood","REME_ComplimentaryCards","AT_ATBox","Replay:Arrowhead","Tiny Chest","WingedGreaves","Regal Pillow","Sundial","Potion Belt","Cauldron","REME_CardOfGreed","Ice Cream","Dota2Spire:AssaultCuirass","Electric Blood","Gambling Chip","AT_ForceNature","Replay:WaspNest","InkBottle","Mirror","AT_TheCollector","Calling Bell","Dota2Spire:ArmletOfMordiggian","Question Card","AT_GoldPhoenixTree","AT_ArchangelStaff","ReplayTheSpireMod:Lightbulb","Old Coin","AT_ImmortalShieldbow","HornCleat","ReplayTheSpireMod:Ninjato","Medical Kit","Replay:Baseball","AT_SpeedBoots","ReplayTheSpireMod:TigerMarble"],"acts_visited":["Exordium","TheCity","TheBeyond","TheEnding"],"potions_floor_usage":[10,12,12,16,23,23],"damage_taken":[{"damage":3.0,"enemies":"Small Slimes","floor":1.0,"turns":4.0},{"damage":11,"enemies":"Jaw Worm","floor":2,"turns":5},{"damage":1,"enemies":"2 Louse","floor":5,"turns":3},{"damage":34,"enemies":"Gremlin Nob","floor":6,"turns":5},{"damage":21,"enemies":"3 Sentries","floor":8,"turns":7},{"damage":10,"enemies":"Replay:BlueRogue","floor":10,"turns":8},{"damage":6,"enemies":"Lagavulin","floor":12,"turns":7},{"damage":1,"enemies":"Large Slime","floor":13,"turns":4},{"damage":0,"enemies":"Fading Forest","floor":16,"turns":12},{"damage":10,"enemies":"Chosen","floor":18,"turns":2},{"damage":12,"enemies":"2 Thieves","floor":19,"turns":3},{"damage":12,"enemies":"Book of Stabbing","floor":23,"turns":2},{"damage":4,"enemies":"Centurion and Healer","floor":25,"turns":4},{"damage":0,"enemies":"Gremlin Leader","floor":28,"turns":4},{"damage":0,"enemies":"Slavers","floor":30,"turns":3},{"damage":2,"enemies":"3 Cultists","floor":31,"turns":3},{"damage":4,"enemies":"Pondfish","floor":33,"turns":5},{"damage":3,"enemies":"Orb Walker","floor":35,"turns":1},{"damage":0,"enemies":"3 Darklings","floor":38,"turns":1},{"damage":0,"enemies":"Jaw Worm Horde","floor":39,"turns":1},{"damage":0,"enemies":"Reptomancer","floor":40,"turns":1},{"damage":23,"enemies":"R_Hoarder","floor":41,"turns":3},{"damage":3,"enemies":"Maw","floor":46,"turns":1},{"damage":3,"enemies":"Reptomancer","floor":48,"turns":2},{"damage":12,"enemies":"Replay:Hell Engine","floor":50,"turns":2},{"damage":10,"enemies":"Shield and Spear","floor":54,"turns":3},{"damage":9,"enemies":"The Heart","floor":55,"turns":5}],"seed_played":"7972733845789907595","potions_obtained":[{"floor":8,"key":"HeartOfIron"},{"floor":11,"key":"AttackPotion"},{"floor":11,"key":"Toxic Potion"},{"floor":11,"key":"DuplicationPotion"},{"floor":11,"key":"AttackPotion"},{"floor":11,"key":"SmokeBomb"},{"floor":13,"key":"GamblersBrew"},{"floor":25,"key":"EssenceOfSteel"},{"floor":28,"key":"Dexterity Potion"},{"floor":33,"key":"DistilledChaos"},{"floor":39,"key":"GamblersBrew"},{"floor":54,"key":"Dota2Spire:HealingSalve"}],"is_trial":false,"path_per_floor":["M","M","?","?","M","E","R","E","T","E","$","E","M","T","R","B",null,"M","M","?","?","?","E","T","M","T","$","E","$","E","M","R","B",null,"M","?","$","M","M","E","E","R","T","T","$","M","?","E","R","B",null,"R","$","E","B",null],"character_chosen":"IRONCLAD","items_purchased":["Replay:Arrowhead","Tiny Chest","Cauldron","REME_CardOfGreed","InkBottle","AT_ArchangelStaff","ReplayTheSpireMod:Ninjato","Medical Kit","AT_SpeedBoots","AT_Dispersion","ReplayTheSpireMod:TigerMarble"],"campfire_rested":1,"item_purchase_floors":[0,0,11,11,27,37,45,45,53,53,53],"current_hp_per_floor":[80,75,64,69,74,46,85,73,73,69,69,69,74,74,74,88,88,87,84,84,84,84,81,81,86,86,86,92,92,101,103,103,103,103,103,103,103,103,103,103,86,86,86,86,86,89,89,92,92,86,103,103,103,99,96],"gold":437,"neow_bonus":"","is_daily":false,"chose_seed":false,"campfire_upgraded":8,"win_rate":0.0,"timestamp":1609920223,"path_taken":["M","M","?","?","?","E","R","E","T","E","$","E","M","?","R","BOSS","M","M","?","?","?","E","?","M","T","$","E","?","E","M","R","BOSS","M","?","$","M","?","E","E","R","T","?","$","?","?","E","R","BOSS","R","$","E","BOSS"],"items_purchased_type":["Relic","Relic","Relic","Relic","Relic","Relic","Relic","Relic","Relic","Card","Relic"],"build_version":"2020-12-22","purchased_purges":3,"victory":true,"max_hp_per_floor":[80,80,80,85,85,85,85,88,88,88,88,88,88,88,88,88,88,91,94,94,94,94,97,97,100,100,100,100,100,103,103,103,103,103,103,103,103,103,103,103,103,103,103,103,103,103,103,103,103,103,103,103,103,103,103],"card_choices":[{"not_picked":["Clash","REME_Scribble"],"picked":"AT_IchimonjiDouble","floor":1},{"not_picked":["ReplayTheSpireMod:Strike From Hell","Replay:Undeath\u0027s Touch","Perfected Strike"],"picked":"SKIP","floor":2},{"not_picked":["Pommel Strike","ReplayTheSpireMod:Strike From Hell"],"picked":"AT_BodySlamDance","floor":5},{"not_picked":["Flex","Demonic Infusion"],"picked":"Feed","floor":6},{"not_picked":["Run Through","Combust"],"picked":"True Grit","floor":8},{"not_picked":["Evolve","Pommel Strike"],"picked":"Demon Form","floor":10},{"not_picked":["AT_BodySlamDance","Flex","Combust"],"picked":"SKIP","floor":12},{"not_picked":["Clothesline","Shrug It Off","AT_CaressingTears"],"picked":"SKIP","floor":13},{"not_picked":["Demonic Infusion","Exhume"],"picked":"REME_ACTH","floor":16},{"not_picked":["Run Through+1","Warcry","Twin Strike"],"picked":"SKIP","floor":18},{"not_picked":["Anger+1","Pommel Strike","AT_DrawKnifeCut"],"picked":"SKIP","floor":19},{"not_picked":["Twin Strike","Feed","AT_ManFootWork+1"],"picked":"SKIP","floor":23},{"not_picked":["Defy Death+1","Replay:Undeath\u0027s Touch+1","Clash"],"picked":"SKIP","floor":25},{"not_picked":["Uppercut","AT_BodySlamDance","Run Through"],"picked":"SKIP","floor":28},{"not_picked":["Immolate","Twin Strike+1","ReplayTheSpireMod:Corrosion Curse"],"picked":"SKIP","floor":30},{"not_picked":["REME_SingleHolding","Replay:Undeath\u0027s Touch","Anger"],"picked":"SKIP","floor":31},{"not_picked":["Cleave+1","AT_DrawKnifeCut+1","Shrug It Off","AT_IchimonjiDouble"],"picked":"SKIP","floor":35},{"not_picked":["Shrug It Off","Armaments+1","REME_TheLastStrike","AT_BodySlamDance"],"picked":"SKIP","floor":38},{"not_picked":["AT_GerminateFire+1","Searing Blow+1","REME_Cut","Headbutt"],"picked":"SKIP","floor":39},{"not_picked":["Impervious","Shrug It Off","Shockwave+1","AT_IchimonjiDouble"],"picked":"SKIP","floor":40},{"not_picked":["Cleave","Seeing Red+1","Armaments","Warcry+1"],"picked":"SKIP","floor":41},{"not_picked":["ReplayTheSpireMod:Muscle Training","Replay:Undeath\u0027s Touch","Carnage","Perfected Strike"],"picked":"SKIP","floor":46},{"not_picked":["Thunderclap+1","Feel No Pain","Life Link+1","Clothesline"],"picked":"SKIP","floor":48},{"not_picked":["Abandon+1","REME_Fury","Pommel Strike","Perfected Strike+1"],"picked":"SKIP","floor":54}],"player_experience":51918,"relics_obtained":[{"floor":6,"key":"Regal Pillow"},{"floor":8,"key":"Sundial"},{"floor":10,"key":"Potion Belt"},{"floor":12,"key":"Ice Cream"},{"floor":14,"key":"Dota2Spire:AssaultCuirass"},{"floor":23,"key":"Gambling Chip"},{"floor":24,"key":"AT_ForceNature"},{"floor":26,"key":"Replay:WaspNest"},{"floor":28,"key":"Mirror"},{"floor":30,"key":"AT_TheCollector"},{"floor":34,"key":"Dota2Spire:ArmletOfMordiggian"},{"floor":34,"key":"Question Card"},{"floor":34,"key":"AT_GoldPhoenixTree"},{"floor":40,"key":"ReplayTheSpireMod:Lightbulb"},{"floor":41,"key":"Old Coin"},{"floor":43,"key":"AT_ImmortalShieldbow"},{"floor":44,"key":"HornCleat"},{"floor":48,"key":"Replay:Baseball"}],"event_choices":[{"damage_healed":0,"gold_gain":75,"player_choice":"Gold","damage_taken":11,"max_hp_gain":0,"max_hp_loss":0,"event_name":"betterThird:BetterGoop","floor":3,"gold_loss":0},{"damage_healed":0,"gold_gain":0,"player_choice":"Donut","damage_taken":0,"max_hp_gain":5,"max_hp_loss":0,"event_name":"Big Fish","floor":4,"gold_loss":0},{"damage_healed":0,"gold_gain":0,"player_choice":"Ignored","damage_taken":0,"max_hp_gain":0,"max_hp_loss":0,"event_name":"Ghosts","floor":20,"gold_loss":0},{"damage_healed":0,"gold_gain":99,"player_choice":"Steal","damage_taken":0,"max_hp_gain":0,"max_hp_loss":0,"event_name":"betterThird:BetterNest","floor":21,"gold_loss":0},{"damage_healed":0,"gold_gain":0,"player_choice":"0 cards matched","damage_taken":0,"max_hp_gain":0,"max_hp_loss":0,"event_name":"Match and Keep!","floor":22,"gold_loss":0,"cards_obtained":[]},{"damage_healed":0,"gold_gain":0,"player_choice":"Forge","damage_taken":0,"max_hp_gain":0,"max_hp_loss":0,"event_name":"Accursed Blacksmith","floor":36,"gold_loss":0,"cards_upgraded":["AT_BodySlamDance"]},{"damage_healed":0,"gold_gain":0,"player_choice":"0 cards matched","damage_taken":0,"max_hp_gain":0,"max_hp_loss":0,"event_name":"Match and Keep!","floor":47,"gold_loss":0,"cards_obtained":[]}],"is_beta":false,"boss_relics":[{"not_picked":["Cursed Key","Painkiller Herb"],"picked":"Electric Blood"},{"not_picked":["Velvet Choker","Snecko Heart"],"picked":"Calling Bell"}],"items_purged_floors":[11,29,37],"is_endless":false,"potions_floor_spawned":[8,13,25,28,33,39,40,46,54],"ascension_level":1}}