{"host":"f8lbor5qtgiy08rh","time":1609962395,"event":{"mods":["Aspiration","BaseMod","Better Match","Card Forge","Colored Map","Downfall","GifTheSpireLib","Hermit","Infinite Spire","Jedi Mod","Minty Spire (QoL Compilation)","Rare Cards Sparkle","Replay The Spire","StSLib","Stuff the Spire","The Construct","The Cursed","Unceasing Turn Reminder"],"gold_per_floor":[116,134,134,151,52,52,77,77],"floor_reached":7,"playtime":353,"items_purged":[],"score":51,"play_id":"3c825b86-9452-435c-ac41-b354ed7b278f","local_time":"20210106144635","is_ascension_mode":false,"campfire_choices":[{"floor":6,"key":"REST"}],"circlet_count":0,"master_deck":["construct:Strike_Gold+1","construct:Strike_Gold+1","construct:Strike_Gold+1","construct:Strike_Gold+1","construct:Strike_Gold+1","construct:Defend_Gold+1","construct:Defend_Gold+1","construct:Defend_Gold+1","construct:Defend_Gold+1","construct:Defend_Gold+1","construct:AttackMode+1","construct:DefenseMode+1","construct:Enhance+1","construct:Zapper+1","construct:FlakBarrage+1","construct:FocusedBeam+1","construct:Autoturret+1"],"relics":["construct:Cogwheel","Hammer of Thor","Seething Fire","Anvil of the Gods","NeowsBlessing","infinitespire:PuzzleCube"],"acts_visited":["Exordium"],"potions_floor_usage":[],"damage_taken":[{"damage":0,"enemies":"Small Slimes","floor":1,"turns":1},{"damage":0,"enemies":"2 Louse","floor":2,"turns":1},{"damage":0,"enemies":"Jaw Worm","floor":4,"turns":1},{"damage":31,"enemies":"Gremlin Nob","floor":7,"turns":4}],"seed_played":"8650226830309951084","potions_obtained":[{"floor":2,"key":"Dexterity Potion"},{"floor":4,"key":"Block Potion"}],"is_trial":false,"path_per_floor":["M","M","?","M","$","R","E"],"character_chosen":"THE_CONSTRUCT_MOD","items_purchased":["construct:FocusedBeam","construct:Autoturret"],"campfire_rested":1,"item_purchase_floors":[5,5],"current_hp_per_floor":[85,85,68,68,68,85,54,54],"gold":77,"neow_bonus":"THREE_ENEMY_KILL","is_daily":false,"chose_seed":false,"campfire_upgraded":0,"win_rate":0.0,"timestamp":1609962395,"path_taken":["M","M","?","M","$","R","E"],"items_purchased_type":["Card","Card"],"build_version":"2020-12-22","purchased_purges":0,"victory":false,"max_hp_per_floor":[85,85,85,85,85,85,85,85],"card_choices":[{"not_picked":["construct:Analyze","construct:ScrapCannon"],"picked":"construct:Enhance","floor":1},{"not_picked":["construct:HeavyBolt","construct:ClusterMines"],"picked":"construct:Zapper","floor":2},{"not_picked":["construct:ShiftStrike","construct:SaveState"],"picked":"construct:FlakBarrage","floor":4}],"player_experience":132580,"relics_obtained":[{"floor":7,"key":"infinitespire:PuzzleCube"}],"event_choices":[{"damage_healed":0,"gold_gain":0,"player_choice":"Entered Light","damage_taken":17,"max_hp_gain":0,"max_hp_loss":0,"event_name":"Shining Light","floor":3,"gold_loss":0,"cards_upgraded":["construct:Strike_Gold","construct:Strike_Gold"]}],"is_beta":false,"boss_relics":[],"items_purged_floors":[],"is_endless":false,"potions_floor_spawned":[2,4,7],"killed_by":"Gremlin Nob","ascension_level":0}}