{"host":"pvf7uj918he10jir","time":1609914752,"event":{"mods":["AchievementEnabler","BaseMod","Colored Map","Colored Powertips","Highlight Path","Minty Spire (QoL Compilation)","Relic Stats","Slay the Relics Exporter","everything is the same but u backflip on backflip"],"gold_per_floor":[115,115,134,146,96,96,125,125,125,138,168,188,215,38,38,140,140,155,174,189,207,227,227,555,480,480,494,494,264,264,264,264,363,363,385,397,409,421,433,445,485,497,509,216,246,258,258,282,282,282,282,282,8,39,39],"floor_reached":56,"playtime":6227,"items_purged":["Strike_P","LessonLearned"],"score":1348,"play_id":"b01e9d05-1bcf-460a-8133-2046bf56f9c7","local_time":"20210106013232","is_ascension_mode":true,"campfire_choices":[{"data":"Eruption","floor":6,"key":"SMITH"},{"floor":15,"key":"REST"},{"data":"LikeWater","floor":23,"key":"SMITH"},{"floor":28,"key":"REST"},{"data":"BattleHymn","floor":30,"key":"SMITH"},{"data":"Fasting2","floor":32,"key":"SMITH"},{"data":"Enlightenment","floor":40,"key":"SMITH"},{"data":"Omniscience","floor":42,"key":"SMITH"},{"floor":49,"key":"RECALL"},{"data":"MentalFortress","floor":52,"key":"SMITH"}],"circlet_count":0,"master_deck":["Eruption+1","Vigilance+1","FlyingSleeves+1","ReachHeaven","Crescendo+1","CutThroughFate","ClearTheMind+1","Vault+1","ClearTheMind","Tantrum+1","Consecrate","MentalFortress+1","LikeWater+1","WreathOfFlame+1","Evaluate","ThirdEye","ThirdEye","BattleHymn+1","Fasting2+1","Omniscience+1","CurseOfTheBell","Enlightenment+1","Halt+1"],"relics":["Velvet Choker","Unceasing Top","Ice Cream","Art of War","Ancient Tea Set","Pandora\u0027s Box","Old Coin","Centennial Puzzle","Strawberry","Calling Bell","MawBank","Darkstone Periapt","Gambling Chip","CeramicFish","Incense Burner","Potion Belt","Membership Card","Lantern"],"acts_visited":["Exordium","TheCity","TheBeyond","TheEnding"],"potions_floor_usage":[12,20,50,50,54,55,55,55,55,55,55],"damage_taken":[{"damage":0,"enemies":"Cultist","floor":1,"turns":2},{"damage":0,"enemies":"Small Slimes","floor":3,"turns":2},{"damage":0,"enemies":"2 Louse","floor":4,"turns":3},{"damage":34,"enemies":"Lagavulin","floor":7,"turns":6},{"damage":0,"enemies":"Exordium Wildlife","floor":10,"turns":3},{"damage":13,"enemies":"3 Sentries","floor":11,"turns":6},{"damage":8,"enemies":"Gremlin Gang","floor":12,"turns":3},{"damage":2,"enemies":"Slime Boss","floor":16,"turns":5},{"damage":8,"enemies":"Shell Parasite","floor":18,"turns":2},{"damage":0,"enemies":"Spheric Guardian","floor":19,"turns":2},{"damage":0,"enemies":"Snake Plant","floor":20,"turns":1},{"damage":12,"enemies":"Shelled Parasite and Fungi","floor":21,"turns":3},{"damage":15,"enemies":"Snecko","floor":22,"turns":4},{"damage":7,"enemies":"Gremlin Leader","floor":24,"turns":4},{"damage":8,"enemies":"Snake Plant","floor":27,"turns":2},{"damage":38,"enemies":"Collector","floor":33,"turns":6},{"damage":15,"enemies":"3 Darklings","floor":35,"turns":3},{"damage":2,"enemies":"Nemesis","floor":41,"turns":3},{"damage":0,"enemies":"Giant Head","floor":45,"turns":6},{"damage":34,"enemies":"3 Shapes","floor":46,"turns":2},{"damage":0,"enemies":"Maw","floor":48,"turns":6},{"damage":3,"enemies":"Donu and Deca","floor":50,"turns":7},{"damage":20,"enemies":"Shield and Spear","floor":54,"turns":6},{"damage":89,"enemies":"The Heart","floor":55,"turns":8}],"seed_played":"-2746905924909350691","potions_obtained":[{"floor":2,"key":"Ancient Potion"},{"floor":2,"key":"DuplicationPotion"},{"floor":2,"key":"Dexterity Potion"},{"floor":7,"key":"Fruit Juice"},{"floor":12,"key":"BottledMiracle"},{"floor":19,"key":"Ambrosia"},{"floor":22,"key":"PowerPotion"},{"floor":24,"key":"Fire Potion"},{"floor":35,"key":"EntropicBrew"},{"floor":45,"key":"SkillPotion"},{"floor":48,"key":"SmokeBomb"}],"is_trial":false,"path_per_floor":["M","?","M","M","?","R","E","?","T","M","E","M","T","$","R","B",null,"M","M","M","M","M","R","E","?","T","M","R","$","R","?","R","B",null,"M","?","?","?","?","R","E","R","T","$","E","M","$","M","R","B",null,"R","$","E","B",null],"character_chosen":"WATCHER","items_purchased":["LiquidMemories","ClearTheMind","Strawberry","BattleHymn","Incense Burner","Membership Card","Block Potion","SmokeBomb"],"campfire_rested":2,"item_purchase_floors":[14,14,29,29,44,53,53,53],"current_hp_per_floor":[72,72,72,72,72,72,38,24,24,24,11,3,3,3,24,22,72,64,64,64,52,37,37,30,30,30,22,43,50,50,50,50,12,79,64,64,64,54,54,54,52,52,52,52,52,18,18,18,18,20,80,80,80,60,23],"gold":39,"neow_bonus":"BOSS_RELIC","is_daily":false,"chose_seed":false,"campfire_upgraded":7,"win_rate":0.0,"timestamp":1609914752,"path_taken":["M","?","M","?","?","R","E","?","T","?","E","?","?","$","R","BOSS","M","M","M","M","M","R","E","?","T","M","R","$","R","?","R","BOSS","M","?","?","?","?","R","E","R","T","$","E","M","$","M","R","BOSS","R","$","E","BOSS"],"items_purchased_type":["Potion","Card","Relic","Card","Relic","Relic","Potion","Potion"],"build_version":"2020-12-22","purchased_purges":2,"victory":true,"max_hp_per_floor":[72,72,72,72,72,72,72,72,72,72,72,72,72,72,72,72,72,72,72,72,72,72,72,72,72,72,72,72,79,79,79,79,79,79,79,79,79,79,75,75,75,75,75,75,75,75,75,75,75,80,80,80,80,80,80],"relic_stats":{"Darkstone Periapt":0,"Centennial Puzzle":[24],"counters":[24,95],"Gambling Chip":[17],"CeramicFish":9,"Pandora\u0027s Box":["LessonLearned","ClearTheMind","BowlingBash","Tantrum","Consecrate","MentalFortress"],"Art of War":[13],"MawBank":120,"obtain_stats":[{"Ice Cream":9,"Darkstone Periapt":34,"Potion Belt":45,"Lantern":54,"CeramicFish":41,"Velvet Choker":0,"Incense Burner":44,"Ancient Tea Set":13,"MawBank":34,"Old Coin":24,"Calling Bell":34,"Centennial Puzzle":26,"Strawberry":29,"Gambling Chip":34,"Pandora\u0027s Box":17,"Art of War":11,"Membership Card":53,"PureWater":0,"Unceasing Top":7},{"Ice Cream":4,"Darkstone Periapt":16,"Potion Belt":19,"Lantern":23,"CeramicFish":18,"Velvet Choker":0,"Incense Burner":18,"Ancient Tea Set":7,"MawBank":16,"Old Coin":14,"Calling Bell":16,"Centennial Puzzle":14,"Strawberry":15,"Gambling Chip":16,"Pandora\u0027s Box":8,"Art of War":6,"Membership Card":22,"PureWater":0,"Unceasing Top":4},{"Ice Cream":13,"Darkstone Periapt":54,"Potion Belt":66,"Lantern":87,"CeramicFish":60,"Velvet Choker":0,"Incense Burner":60,"Ancient Tea Set":25,"MawBank":54,"Old Coin":46,"Calling Bell":54,"Centennial Puzzle":46,"Strawberry":48,"Gambling Chip":54,"Pandora\u0027s Box":30,"Art of War":22,"Membership Card":81,"PureWater":0,"Unceasing Top":13}],"Unceasing Top":[3]},"card_choices":[{"not_picked":["Evaluate","EmptyBody"],"picked":"FlyingSleeves","floor":1},{"not_picked":["Worship","SashWhip","ForeignInfluence"],"picked":"SKIP","floor":3},{"not_picked":["Indignation","FollowUp"],"picked":"ReachHeaven","floor":4},{"not_picked":["SandsOfTime","SashWhip"],"picked":"Crescendo","floor":7},{"not_picked":["FollowUp","Evaluate"],"picked":"CutThroughFate","floor":10},{"not_picked":["TalkToTheHand","Prostrate"],"picked":"Wallop","floor":11},{"not_picked":["Weave","FlurryOfBlows","EmptyBody"],"picked":"SKIP","floor":12},{"not_picked":["DevaForm","Scrawl"],"picked":"Vault","floor":16},{"not_picked":["Consecrate","Crescendo","EmptyFist"],"picked":"SKIP","floor":18},{"not_picked":["FlyingSleeves","Wish"],"picked":"LikeWater","floor":19},{"not_picked":["CutThroughFate","Evaluate"],"picked":"WreathOfFlame+1","floor":20},{"not_picked":["EmptyMind","BowlingBash","Study+1"],"picked":"SKIP","floor":21},{"not_picked":["ReachHeaven+1","TalkToTheHand"],"picked":"Evaluate","floor":22},{"not_picked":["BowlingBash","EmptyBody"],"picked":"ThirdEye","floor":24},{"not_picked":["BowlingBash","Evaluate+1"],"picked":"ThirdEye","floor":27},{"not_picked":["Alpha","DevaForm"],"picked":"Omniscience","floor":33},{"not_picked":["FlyingSleeves+1","EmptyFist+1","ClearTheMind+1"],"picked":"SKIP","floor":35},{"not_picked":["Swift Strike","Finesse"],"picked":"Enlightenment","floor":38},{"not_picked":["Scrawl","Evaluate+1","ThirdEye+1"],"picked":"SKIP","floor":41},{"not_picked":["JustLucky","FollowUp","Crescendo"],"picked":"SKIP","floor":45},{"not_picked":["CarveReality+1","MentalFortress+1","ClearTheMind"],"picked":"SKIP","floor":46},{"not_picked":["EmptyFist","Consecrate"],"picked":"Halt+1","floor":48},{"not_picked":["ReachHeaven+1","ThirdEye","Protect"],"picked":"SKIP","floor":54}],"player_experience":117752,"relics_obtained":[{"floor":7,"key":"Unceasing Top"},{"floor":9,"key":"Ice Cream"},{"floor":11,"key":"Art of War"},{"floor":13,"key":"Ancient Tea Set"},{"floor":24,"key":"Old Coin"},{"floor":26,"key":"Centennial Puzzle"},{"floor":34,"key":"MawBank"},{"floor":34,"key":"Darkstone Periapt"},{"floor":34,"key":"Gambling Chip"},{"floor":41,"key":"CeramicFish"},{"floor":45,"key":"Potion Belt"},{"floor":54,"key":"Lantern"}],"event_choices":[{"damage_healed":0,"gold_gain":0,"player_choice":"Got Potions","damage_taken":0,"max_hp_gain":0,"max_hp_loss":0,"event_name":"Lab","floor":2,"gold_loss":0},{"cards_removed":["Strike_P"],"damage_healed":0,"gold_gain":0,"player_choice":"Card Removal","damage_taken":0,"max_hp_gain":0,"max_hp_loss":0,"event_name":"The Cleric","floor":5,"gold_loss":50},{"damage_healed":0,"gold_gain":0,"player_choice":"Entered Light","damage_taken":14,"max_hp_gain":0,"max_hp_loss":0,"event_name":"Shining Light","floor":8,"gold_loss":0,"cards_upgraded":["Vigilance","FlyingSleeves"]},{"cards_removed":["BowlingBash"],"damage_healed":0,"gold_gain":0,"player_choice":"Gave Gold","damage_taken":0,"max_hp_gain":0,"max_hp_loss":0,"event_name":"Beggar","floor":25,"gold_loss":75},{"damage_healed":0,"gold_gain":0,"player_choice":"Read","damage_taken":0,"max_hp_gain":0,"max_hp_loss":0,"event_name":"The Library","floor":31,"gold_loss":0,"cards_obtained":["Fasting2"]},{"damage_healed":0,"gold_gain":0,"player_choice":"Ignored","damage_taken":0,"max_hp_gain":0,"max_hp_loss":0,"event_name":"Tomb of Lord Red Mask","floor":36,"gold_loss":0},{"cards_removed":["Wallop"],"damage_healed":0,"gold_gain":0,"player_choice":"Removed Attack","damage_taken":0,"max_hp_gain":0,"max_hp_loss":0,"event_name":"Falling","floor":37,"gold_loss":0},{"damage_healed":0,"gold_gain":0,"player_choice":"Memory 3","damage_taken":10,"max_hp_gain":0,"max_hp_loss":0,"event_name":"SensoryStone","floor":38,"gold_loss":0},{"damage_healed":0,"gold_gain":0,"player_choice":"Max HP","damage_taken":0,"max_hp_gain":0,"max_hp_loss":4,"event_name":"Winding Halls","floor":39,"gold_loss":0}],"is_beta":false,"boss_relics":[{"not_picked":["Busted Crown","Coffee Dripper"],"picked":"Pandora\u0027s Box"},{"not_picked":["SacredBark","Runic Pyramid"],"picked":"Calling Bell"}],"items_purged_floors":[14,53],"is_endless":false,"potions_floor_spawned":[7,11,12,19,22,24,33,35,45,48],"ascension_level":3}}