{"host":"x7n7968bn9ekn290","time":1609955695,"event":{"mods":["AchievementEnabler","BaseMod","Colored Map","Googly Eyes","Highlight Path","Minty Spire (QoL Compilation)","Quick Restart","Rare Cards Sparkle","Relic Stats","slay the spire mod where everything is the same but ironclad has a cowboy hat"],"gold_per_floor":[111,111,65,78,93,93,120,120,120,120,138,148,148,6,6,102,152,166,181,200,218,238,238,263,276,301,301,301,66,66,82,82,82,82],"floor_reached":33,"playtime":1356,"items_purged":[],"score":269,"play_id":"c0c4f25d-999c-4444-a60d-24e9033779d9","local_time":"20210106095455","is_ascension_mode":false,"campfire_choices":[{"data":"Dagger Spray","floor":6.0,"key":"SMITH"},{"floor":10.0,"key":"REST"},{"data":"Survivor","floor":13.0,"key":"SMITH"},{"data":"Swift Strike","floor":15.0,"key":"SMITH"},{"floor":23,"key":"REST"},{"floor":30,"key":"REST"},{"floor":32,"key":"REST"}],"circlet_count":0,"master_deck":["Strike_G+1","Strike_G+1","Strike_G+1","Strike_G+1","Strike_G+1","Defend_G+1","Defend_G+1","Defend_G+1","Defend_G+1","Defend_G+1","Survivor+1","Neutralize","Dagger Spray+1","Slice","Underhanded Strike","Leg Sweep+1","Outmaneuver+1","Blade Dance+1","Deadly Poison+1","Swift Strike+1","Adrenaline+1","Deflect+1","Dagger Spray","Catalyst+1","Poisoned Stab","Poisoned Stab+1","Backstab+1","Bane","Bouncing Flask+1"],"relics":["Ring of the Snake","Toxic Egg 2","Vajra","Tiny House","Matryoshka","Bottled Flame","Regal Pillow","Bag of Preparation"],"acts_visited":["Exordium","TheCity"],"potions_floor_usage":[16,20,22,24,33,33,33],"damage_taken":[{"damage":0.0,"enemies":"2 Louse","floor":1.0,"turns":5.0},{"damage":2.0,"enemies":"Small Slimes","floor":4.0,"turns":4.0},{"damage":0.0,"enemies":"Jaw Worm","floor":5.0,"turns":4.0},{"damage":30.0,"enemies":"3 Sentries","floor":7.0,"turns":7.0},{"damage":2.0,"enemies":"Looter","floor":11.0,"turns":4.0},{"damage":7.0,"enemies":"2 Fungi Beasts","floor":12.0,"turns":3.0},{"damage":25,"enemies":"Hexaghost","floor":16,"turns":9},{"damage":0,"enemies":"Shell Parasite","floor":18,"turns":4},{"damage":7,"enemies":"Spheric Guardian","floor":19,"turns":4},{"damage":7,"enemies":"Snecko","floor":20,"turns":5},{"damage":7,"enemies":"3 Cultists","floor":21,"turns":6},{"damage":21,"enemies":"Centurion and Healer","floor":22,"turns":5},{"damage":24,"enemies":"Slavers","floor":24,"turns":5},{"damage":22,"enemies":"Snecko","floor":25,"turns":7},{"damage":21,"enemies":"Snake Plant","floor":31,"turns":4},{"damage":85,"enemies":"Collector","floor":33,"turns":7}],"seed_played":"8971400430411989604","potions_obtained":[{"floor":5.0,"key":"Strength Potion"},{"floor":11.0,"key":"Energy Potion"},{"floor":17,"key":"GhostInAJar"},{"floor":19,"key":"Poison Potion"},{"floor":21,"key":"FearPotion"},{"floor":22,"key":"BlessingOfTheForge"},{"floor":24,"key":"Ancient Potion"}],"is_trial":false,"path_per_floor":["M","?","?","M","M","R","E","?","T","R","M","M","R","$","R","B",null,"M","M","M","M","M","R","E","M","T","?","?","$","R","M","R","B"],"character_chosen":"THE_SILENT","items_purchased":["Deadly Poison+1","Swift Strike","Bag of Preparation","Bouncing Flask+1"],"campfire_rested":4,"item_purchase_floors":[14,14,29,29],"current_hp_per_floor":[77,77,77,75,75,75,45,45,45,68,66,59,59,59,59,34,82,82,75,68,61,40,64,40,18,18,18,18,18,57,36,75,0,0],"gold":82,"neow_bonus":"TEN_PERCENT_HP_BONUS","is_daily":false,"chose_seed":false,"campfire_upgraded":3,"win_rate":0.0,"timestamp":1609955695,"path_taken":["M","?","?","M","M","R","E","?","T","R","M","M","R","$","R","BOSS","M","M","M","M","M","R","E","M","T","?","?","$","R","M","R","BOSS"],"items_purchased_type":["Card","Card","Relic","Card"],"build_version":"2020-12-22","purchased_purges":0,"victory":false,"max_hp_per_floor":[77,77,77,77,77,77,77,77,77,77,77,77,77,77,77,77,82,82,82,82,82,82,82,82,82,82,82,82,82,82,82,82,82,82],"relic_stats":{"Regal Pillow":30,"counters":[16,83],"Bag of Preparation":[4],"obtain_stats":[{"Bottled Flame":26,"Regal Pillow":26,"Tiny House":17,"Matryoshka":24,"Vajra":9,"Bag of Preparation":29,"Toxic Egg 2":7,"Ring of the Snake":0},{"Bottled Flame":14,"Regal Pillow":14,"Tiny House":7,"Matryoshka":13,"Vajra":4,"Bag of Preparation":14,"Toxic Egg 2":4,"Ring of the Snake":0},{"Bottled Flame":72,"Regal Pillow":72,"Tiny House":36,"Matryoshka":65,"Vajra":20,"Bag of Preparation":72,"Toxic Egg 2":20,"Ring of the Snake":0}],"Ring of the Snake":[32]},"card_choices":[{"not_picked":["Underhanded Strike","Noxious Fumes"],"picked":"Dagger Spray","floor":1.0},{"not_picked":["Reflex","Endless Agony"],"picked":"Slice","floor":4.0},{"not_picked":["Dodge and Roll","Heel Hook"],"picked":"Underhanded Strike","floor":5.0},{"not_picked":["Riddle With Holes","Backstab"],"picked":"Leg Sweep+1","floor":7.0},{"not_picked":["Distraction+1","Deflect+1"],"picked":"Outmaneuver+1","floor":11.0},{"not_picked":["Cloak And Dagger+1","Prepared+1"],"picked":"Blade Dance+1","floor":12.0},{"not_picked":["After Image","Die Die Die"],"picked":"Adrenaline+1","floor":16},{"not_picked":["Reflex+1","Finisher"],"picked":"Deflect+1","floor":17},{"not_picked":["Dodge and Roll+1","Underhanded Strike"],"picked":"Dagger Spray","floor":18},{"not_picked":["PiercingWail+1","Bullet Time+1"],"picked":"Catalyst+1","floor":19},{"not_picked":["Well Laid Plans+1","Backflip+1","Acrobatics+1"],"picked":"SKIP","floor":20},{"not_picked":["Backflip+1","Noxious Fumes+1"],"picked":"Poisoned Stab","floor":21},{"not_picked":["Quick Slash","Sucker Punch"],"picked":"Poisoned Stab+1","floor":22},{"not_picked":["Bane","Backflip+1"],"picked":"Backstab+1","floor":24},{"not_picked":["After Image","Terror+1"],"picked":"Bane","floor":25},{"not_picked":["Cloak And Dagger+1","Riddle With Holes","Prepared+1"],"picked":"SKIP","floor":31}],"player_experience":20750,"relics_obtained":[{"floor":7.0,"key":"Toxic Egg 2"},{"floor":9.0,"key":"Vajra"},{"floor":24,"key":"Matryoshka"},{"floor":26,"key":"Bottled Flame"},{"floor":26,"key":"Regal Pillow"}],"event_choices":[{"damage_healed":0.0,"max_hp_gain":0.0,"max_hp_loss":0.0,"gold_gain":0.0,"event_name":"Golden Wing","player_choice":"Ignored","floor":2.0,"gold_loss":0.0,"damage_taken":0.0},{"damage_healed":0.0,"max_hp_gain":0.0,"max_hp_loss":0.0,"gold_gain":0.0,"event_name":"World of Goop","player_choice":"Left Gold","floor":3.0,"gold_loss":46.0,"damage_taken":0.0},{"damage_healed":0.0,"max_hp_gain":0.0,"max_hp_loss":0.0,"gold_gain":0.0,"event_name":"Shining Light","player_choice":"Ignored","floor":8.0,"gold_loss":0.0,"damage_taken":0.0},{"damage_healed":0,"gold_gain":0,"player_choice":"Ignored","damage_taken":0,"max_hp_gain":0,"max_hp_loss":0,"event_name":"Ghosts","floor":27,"gold_loss":0},{"damage_healed":0,"gold_gain":0,"player_choice":"Simplicity","damage_taken":0,"max_hp_gain":0,"max_hp_loss":0,"event_name":"Back to Basics","floor":28,"gold_loss":0,"cards_upgraded":["Strike_G","Strike_G","Strike_G","Strike_G","Strike_G","Defend_G","Defend_G","Defend_G","Defend_G"]}],"is_beta":false,"boss_relics":[{"not_picked":["Astrolabe","Black Star"],"picked":"Tiny House"}],"items_purged_floors":[],"is_endless":false,"potions_floor_spawned":[5,11,19,21,22,24,31],"killed_by":"Collector","ascension_level":0}}