{"host":"982s3gyyw86tgeig","time":1609904727,"event":{"mods":["AchievementEnabler","Act Like it!","Aspiration","BaseMod","Colored Powertips","Downfall","Evolution","GifTheSpireLib","Hermit","Hubris","Minty Spire (QoL Compilation)","Pale of the Ancients","Rare Cards Sparkle","Relic Stats","Replay The Spire","StSLib","Stuff the Spire","The Cursed","The Disciple","The IronCluck","The Saiyan","vexMod"],"gold_per_floor":[113,74,74,94,43,43,43,8,8,8,8,21,36,49,49,180,180,204,204,204,227,245,245,245],"floor_reached":23,"playtime":1888,"items_purged":[],"score":281,"play_id":"ce5265dc-15dc-4086-b212-4db0c3e611db","local_time":"20210105194526","is_ascension_mode":false,"campfire_choices":[{"floor":6,"key":"REST"},{"data":"HandsUpC","floor":10,"key":"SMITH"},{"floor":15,"key":"REST"}],"circlet_count":0,"master_deck":["Strike_Br","Strike_Br","Strike_Br","Strike_Br","Defend_Br","Defend_Br","Defend_Br","Defend_Br","SecondHand","PatternShift","Shame","DaylightSavings","BiteCommand+1","Echoward","HandsUpC+1","Injury","BiteCommand+1","ReapSow+4","LockedBlood","Pendulum","hubris:Despair","Injury","Hallucinations","ReapSow","RitualDagger","Echoward","VestedLegacy"],"relics":["Chronometer","Replay:Multitool","hubris:FunFungus","hubris:Icosahedron","aspiration:AnachronicSnailShell","Golden Idol","Replay:Ancient Bell","Blue Doll","Replay:Bottled Eggs","hubris:64BitClover"],"acts_visited":["Exordium","TheCity"],"potions_floor_usage":[16,16,22,22],"damage_taken":[{"damage":4,"enemies":"Small Slimes","floor":1,"turns":7},{"damage":9,"enemies":"2 Louse","floor":4,"turns":4},{"damage":2,"enemies":"Jaw Worm","floor":12,"turns":4},{"damage":4,"enemies":"Blue Slaver","floor":13,"turns":5},{"damage":13,"enemies":"Looter","floor":14,"turns":5},{"damage":68,"enemies":"Slime Boss","floor":16,"turns":16},{"damage":43,"enemies":"Spheric Guardian","floor":18,"turns":7},{"damage":20,"enemies":"3 Byrds","floor":21,"turns":5},{"damage":16,"enemies":"Snake Plant","floor":22,"turns":5},{"damage":5,"enemies":"Slavers","floor":23,"turns":1}],"seed_played":"-4094946023021632820","potions_obtained":[{"floor":1,"key":"Regen Potion"},{"floor":4,"key":"Swift Potion"},{"floor":14,"key":"Weak Potion"},{"floor":18,"key":"BlessingOfTheForge"},{"floor":21,"key":"AttackPotion"}],"is_trial":false,"path_per_floor":["M","$","?","M","$","R","?","?","T","R","?","M","M","M","R","B",null,"M","?","?","M","M","E"],"character_chosen":"CHRONO_CLASS","items_purchased":["BiteCommand+1","HandsUpC"],"campfire_rested":2,"item_purchase_floors":[2,5],"current_hp_per_floor":[61,61,43,35,35,54,54,65,65,65,65,64,62,49,65,12,65,32,32,26,11,5,0,0],"gold":245,"neow_bonus":"ONE_RARE_RELIC","is_daily":false,"chose_seed":false,"campfire_upgraded":1,"win_rate":0.0,"timestamp":1609904726,"path_taken":["M","$","?","M","$","R","?","?","T","R","?","?","M","M","R","BOSS","M","?","?","M","M","E"],"items_purchased_type":["Card","Card"],"build_version":"2020-12-22","purchased_purges":0,"victory":false,"max_hp_per_floor":[65,65,65,65,65,65,65,65,65,65,65,65,65,65,65,65,65,65,65,65,65,65,65,65],"relic_stats":{"counters":[10,59],"Golden Idol":49,"obtain_stats":[{"hubris:Icosahedron":7,"Chronometer":0,"Golden Idol":11,"hubris:64BitClover":17,"aspiration:AnachronicSnailShell":9,"Blue Doll":17,"hubris:FunFungus":3,"Replay:Multitool":0,"Replay:Ancient Bell":17,"Replay:Bottled Eggs":17},{"hubris:Icosahedron":2,"Chronometer":0,"Golden Idol":2,"hubris:64BitClover":6,"aspiration:AnachronicSnailShell":2,"Blue Doll":6,"hubris:FunFungus":1,"Replay:Multitool":0,"Replay:Ancient Bell":6,"Replay:Bottled Eggs":6},{"hubris:Icosahedron":11,"Chronometer":0,"Golden Idol":11,"hubris:64BitClover":41,"aspiration:AnachronicSnailShell":11,"Blue Doll":41,"hubris:FunFungus":7,"Replay:Multitool":0,"Replay:Ancient Bell":41,"Replay:Bottled Eggs":41}]},"card_choices":[{"not_picked":["HandsUpB","LockedScales"],"picked":"DaylightSavings","floor":1},{"not_picked":["Engulf","Parity"],"picked":"Echoward","floor":4},{"not_picked":["LockedScales","Parity"],"picked":"BiteCommand","floor":12},{"not_picked":["Echonomics","BiteCommand"],"picked":"ReapSow","floor":13},{"not_picked":["LockedUrn","FormalWear"],"picked":"LockedBlood","floor":14},{"not_picked":["LockedBell","LockedLightning"],"picked":"Pendulum","floor":16},{"not_picked":["Overencumbered","Replay:Hysterical Blindness"],"picked":"hubris:Despair","floor":17},{"not_picked":["Guardian:Aged","Delirium"],"picked":"Injury","floor":17},{"not_picked":["Normality","ReplayTheSpireMod:Faulty Equipment"],"picked":"Hallucinations","floor":17},{"not_picked":["LockedTurtyl+1","OverTime"],"picked":"ReapSow","floor":18},{"not_picked":["LockedAnchor","BlueShift"],"picked":"Echoward","floor":21},{"not_picked":["BlueShift","BiteCommand"],"picked":"VestedLegacy","floor":22}],"player_experience":70812,"relics_obtained":[{"floor":9,"key":"aspiration:AnachronicSnailShell"}],"event_choices":[{"damage_healed":0,"gold_gain":0,"player_choice":"Success","damage_taken":18,"relics_obtained":["hubris:FunFungus"],"max_hp_gain":0,"max_hp_loss":0,"event_name":"Scrap Ooze","floor":3,"gold_loss":0},{"damage_healed":16,"gold_gain":0,"player_choice":"Healed","damage_taken":0,"max_hp_gain":0,"max_hp_loss":0,"event_name":"The Cleric","floor":8,"gold_loss":35},{"damage_healed":0,"gold_gain":0,"player_choice":"Take Wound","damage_taken":0,"relics_obtained":["Golden Idol"],"max_hp_gain":0,"max_hp_loss":0,"event_name":"Golden Idol","floor":11,"gold_loss":0,"cards_obtained":["Injury"]},{"damage_healed":0,"gold_gain":0,"player_choice":"Joined the Cult","damage_taken":6,"max_hp_gain":0,"max_hp_loss":0,"event_name":"Nest","floor":20,"gold_loss":0,"cards_obtained":["RitualDagger"]}],"is_beta":false,"boss_relics":[{"not_picked":["Replay:Bronze Core","aspiration:RunicSpoon"],"picked":"Replay:Ancient Bell"},{"not_picked":["Nunchaku","StuffTheSpire:GrapeVine"],"picked":"Blue Doll"},{"not_picked":["Gremlin Horn","Replay:Bottled Flurry"],"picked":"Replay:Bottled Eggs"},{"not_picked":["Prayer Wheel","hubris:Zylophone"],"picked":"hubris:64BitClover"}],"items_purged_floors":[],"is_endless":false,"potions_floor_spawned":[1,4,14,18,21],"killed_by":"Slavers","ascension_level":0}}