{"host":"h2zaclyrd1q1i31f","time":1609911256,"event":{"mods":["BaseMod","Colored Map","Downfall","Hermit","Minty Spire (QoL Compilation)","Permanent Neow","StSLib","SuperFastMode","The Hierophant","The Mystic"],"gold_per_floor":[111,36,56,74,74,74,74,74,99,99,174,174,74,90,90,220,220,233,77,90,110,110,110,110,140,165,165,185,285,302,317,317,412,412,425,73,89,89,106,138,138,138,138,158,174,194,194,194,194,194,194],"floor_reached":50,"playtime":3590,"items_purged":["mysticmod:Defend_Mystic","mysticmod:Defend_Mystic","mysticmod:Strike_Mystic"],"score":482,"play_id":"19139b96-6fff-479d-a0a7-aeac4b4ba758","local_time":"20210105233416","is_ascension_mode":false,"campfire_choices":[{"data":"mysticmod:ComboCaster","floor":6,"key":"SMITH"},{"data":"mysticmod:ArcaneDodge","floor":8,"key":"SMITH"},{"floor":10,"key":"RECALL"},{"data":"mysticmod:SuddenClarity","floor":12,"key":"SMITH"},{"data":"mysticmod:Defend_Mystic","floor":15,"key":"SMITH"},{"data":"mysticmod:KnowledgePool","floor":24,"key":"SMITH"},{"data":"mysticmod:MagicWeapon","floor":27,"key":"SMITH"},{"floor":32,"key":"REST"},{"data":"mysticmod:Disintegrate","floor":41,"key":"SMITH"},{"floor":47,"key":"REST"},{"floor":49,"key":"REST"}],"circlet_count":0,"master_deck":["mysticmod:Strike_Mystic","mysticmod:Strike_Mystic","mysticmod:Strike_Mystic","mysticmod:Defend_Mystic+1","mysticmod:Defend_Mystic","mysticmod:ArcaneDodge+1","mysticmod:ShockingGrasp+1","mysticmod:ChargedParry+1","mysticmod:SuddenClarity+1","mysticmod:ComboCaster+1","mysticmod:KnowledgePool+1","mysticmod:MagicWeapon+1","mysticmod:KnowledgePool+1","mysticmod:Shield+1","mysticmod:MagicWeapon+1","mysticmod:PowerAttack+1","mysticmod:MirrorStrike","mysticmod:ComponentsPouch+1","mysticmod:ComponentsPouch","mysticmod:Disintegrate+1","mysticmod:CorrosiveTouch+1","mysticmod:RapidCaster","mysticmod:AllIn","mysticmod:KnowledgePool+1","mysticmod:TomeOfSpells+1","mysticmod:BladedDash+1","expansioncontent:CaCaw"],"relics":["mysticmod:BlessedBook","Bloody Idol","Ancient Tea Set","Sozu","DollysMirror","mysticmod:TrainingManual","War Paint","Ginger","Sundial","mysticmod:BentSpoon","Pen Nib"],"acts_visited":["Exordium","TheCity","TheBeyond"],"potions_floor_usage":[21,33],"damage_taken":[{"damage":0,"enemies":"2 Louse","floor":1,"turns":2},{"damage":6,"enemies":"Jaw Worm","floor":3,"turns":4},{"damage":0,"enemies":"Small Slimes","floor":4,"turns":4},{"damage":0,"enemies":"2 Fungi Beasts","floor":14,"turns":2},{"damage":23,"enemies":"The Guardian","floor":16,"turns":12},{"damage":11,"enemies":"Shell Parasite","floor":18,"turns":3},{"damage":3,"enemies":"Spheric Guardian","floor":20,"turns":4},{"damage":9,"enemies":"Centurion and Healer","floor":21,"turns":5},{"damage":26,"enemies":"Book of Stabbing","floor":25,"turns":7},{"damage":3,"enemies":"Cultist and Chosen","floor":28,"turns":7},{"damage":0,"enemies":"Colosseum Slavers","floor":29,"turns":4},{"damage":13,"enemies":"Colosseum Nobs","floor":29,"turns":4},{"damage":23,"enemies":"Chosen and Byrds","floor":30,"turns":6},{"damage":0,"enemies":"Centurion and Healer","floor":31,"turns":3},{"damage":30,"enemies":"Collector","floor":33,"turns":7},{"damage":0,"enemies":"3 Shapes","floor":35,"turns":3},{"damage":6,"enemies":"Orb Walker","floor":37,"turns":3},{"damage":9,"enemies":"Jaw Worm Horde","floor":39,"turns":3},{"damage":17,"enemies":"Giant Head","floor":40,"turns":5},{"damage":25,"enemies":"3 Darklings","floor":44,"turns":5},{"damage":11,"enemies":"Spire Growth","floor":45,"turns":3},{"damage":6,"enemies":"4 Shapes","floor":46,"turns":6},{"damage":78,"enemies":"Time Eater","floor":50,"turns":7}],"seed_played":"-7917908787796961911","potions_obtained":[{"floor":3,"key":"Explosive Potion"},{"floor":14,"key":"Energy Potion"}],"is_trial":false,"path_per_floor":["M","$","M","M","?","R","?","R","T","R","?","R","$","M","R","B",null,"M","$","M","M","?","?","R","E","T","R","M","?","M","M","R","B",null,"M","$","M","?","M","E","R","$","T","M","M","M","R","?","R","B"],"character_chosen":"MYSTIC_CLASS","items_purchased":["DollysMirror","mysticmod:BentSpoon","mysticmod:RapidCaster"],"campfire_rested":3,"item_purchase_floors":[19,36,36],"current_hp_per_floor":[77,77,71,71,71,71,64,64,64,64,53,53,53,53,53,30,77,66,66,63,54,54,54,54,33,38,38,40,32,14,19,42,17,77,77,77,76,76,72,60,60,60,60,40,34,33,56,56,77,0,0],"gold":194,"neow_bonus":"UPGRADE_CARD","is_daily":false,"chose_seed":false,"campfire_upgraded":7,"win_rate":0.0,"timestamp":1609911256,"path_taken":["M","$","M","M","?","R","?","R","T","R","?","R","?","?","R","BOSS","M","$","M","M","?","?","R","E","T","R","M","?","M","M","R","BOSS","M","$","M","?","M","E","R","$","T","M","M","?","R","?","R","BOSS"],"items_purchased_type":["Relic","Relic","Card"],"build_version":"2020-12-22","purchased_purges":3,"victory":false,"max_hp_per_floor":[77,77,77,77,77,77,77,77,77,77,77,77,77,77,77,77,77,77,77,77,77,77,77,77,77,77,77,77,77,77,77,77,77,77,77,77,77,77,77,77,77,77,77,77,77,77,77,77,77,77,77],"card_choices":[{"not_picked":["mysticmod:Daze","mysticmod:EarthenWall"],"picked":"mysticmod:ChargedParry","floor":1},{"not_picked":["mysticmod:BulkUp","mysticmod:Disengage"],"picked":"mysticmod:SuddenClarity","floor":3},{"not_picked":["mysticmod:PureInstinct","mysticmod:Sideswipe"],"picked":"mysticmod:ComboCaster","floor":4},{"not_picked":["mysticmod:Daze","mysticmod:Snowball","mysticmod:PowerSlash"],"picked":"SKIP","floor":14},{"not_picked":["mysticmod:ClosingBarrage","mysticmod:Disintegrate"],"picked":"mysticmod:KnowledgePool","floor":16},{"not_picked":["mysticmod:BulkUp","mysticmod:Probe"],"picked":"mysticmod:MagicWeapon","floor":18},{"not_picked":["mysticmod:SuddenClarity","mysticmod:BladeMaster"],"picked":"mysticmod:Shield+1","floor":20},{"not_picked":["mysticmod:PureInstinct","mysticmod:Disengage"],"picked":"mysticmod:MagicWeapon+1","floor":21},{"not_picked":["mysticmod:Discipline","mysticmod:SuddenClarity"],"picked":"mysticmod:PowerAttack+1","floor":25},{"not_picked":["mysticmod:Grapple","mysticmod:Riposte"],"picked":"mysticmod:MirrorStrike","floor":28},{"not_picked":["mysticmod:HeavyStrike+1","mysticmod:Daze"],"picked":"mysticmod:ComponentsPouch+1","floor":29},{"not_picked":["mysticmod:SuddenClarity","mysticmod:PureInstinct"],"picked":"mysticmod:ComponentsPouch","floor":30},{"not_picked":["mysticmod:HeavyStrike+1","mysticmod:EnergizedRift","mysticmod:MirrorStrike"],"picked":"SKIP","floor":31},{"not_picked":["mysticmod:GeminiForm","mysticmod:KnowledgePool"],"picked":"mysticmod:Disintegrate","floor":33},{"not_picked":["mysticmod:BulkUp+1","mysticmod:PureInstinct+1"],"picked":"mysticmod:CorrosiveTouch+1","floor":35},{"not_picked":["mysticmod:SuddenClarity","mysticmod:ArcaneAccuracy+1"],"picked":"mysticmod:AllIn","floor":37},{"not_picked":["mysticmod:Disengage+1","mysticmod:Probe+1"],"picked":"mysticmod:TomeOfSpells+1","floor":39},{"not_picked":["mysticmod:Disengage","mysticmod:RapidCaster","mysticmod:Momentum"],"picked":"SKIP","floor":40},{"not_picked":["mysticmod:HunkerDown+1","mysticmod:Disengage","mysticmod:HeavyStrike"],"picked":"SKIP","floor":44},{"not_picked":["mysticmod:MightyMagic","mysticmod:DiviningBlow"],"picked":"mysticmod:BladedDash+1","floor":45},{"not_picked":["mysticmod:IllusionOfCalm","mysticmod:Riposte+1","mysticmod:Disengage+1"],"picked":"SKIP","floor":46},{"not_picked":["expansioncontent:ChargeUp","Trip"],"picked":"expansioncontent:CaCaw","floor":48}],"player_experience":133139,"relics_obtained":[{"floor":9,"key":"Ancient Tea Set"},{"floor":25,"key":"mysticmod:TrainingManual"},{"floor":26,"key":"War Paint"},{"floor":29,"key":"Ginger"},{"floor":29,"key":"Sundial"},{"floor":40,"key":"Pen Nib"}],"event_choices":[{"damage_healed":0,"gold_gain":0,"player_choice":"Take Wound","damage_taken":0,"relics_obtained":["Golden Idol"],"max_hp_gain":0,"max_hp_loss":0,"event_name":"Golden Idol","floor":5,"gold_loss":0,"cards_obtained":["Injury"]},{"cards_removed":["Injury"],"damage_healed":0,"gold_gain":0,"player_choice":"Card Removal","damage_taken":7,"max_hp_gain":0,"max_hp_loss":0,"event_name":"Golden Wing","floor":7,"gold_loss":0},{"damage_healed":0,"gold_gain":75,"player_choice":"Gather Gold","damage_taken":11,"max_hp_gain":0,"max_hp_loss":0,"event_name":"World of Goop","floor":11,"gold_loss":0},{"damage_healed":0,"gold_gain":0,"player_choice":"Ignored","damage_taken":0,"max_hp_gain":0,"max_hp_loss":0,"event_name":"Vampires","floor":22,"gold_loss":0},{"damage_healed":0,"gold_gain":0,"player_choice":"Gave Idol","damage_taken":0,"relics_obtained":["Bloody Idol"],"max_hp_gain":0,"max_hp_loss":0,"event_name":"Forgotten Altar","floor":23,"relics_lost":["Golden Idol"],"gold_loss":0},{"damage_healed":0,"gold_gain":0,"player_choice":"Fight","damage_taken":0,"max_hp_gain":0,"max_hp_loss":0,"event_name":"Colosseum","floor":29,"gold_loss":0},{"damage_healed":0,"gold_gain":0,"player_choice":"Fought Nobs","damage_taken":0,"max_hp_gain":0,"max_hp_loss":0,"event_name":"Colosseum","floor":29,"gold_loss":0},{"damage_healed":0,"gold_gain":0,"player_choice":"Copied","damage_taken":0,"max_hp_gain":0,"max_hp_loss":0,"event_name":"Duplicator","floor":38,"gold_loss":0,"cards_obtained":["mysticmod:KnowledgePool"]},{"damage_healed":0,"gold_gain":0,"player_choice":"Memory 1","damage_taken":0,"max_hp_gain":0,"max_hp_loss":0,"event_name":"SensoryStone","floor":48,"gold_loss":0}],"is_beta":false,"boss_relics":[{"not_picked":["Astrolabe","mysticmod:DeckOfManyThings"],"picked":"Sozu"},{"not_picked":["Pandora\u0027s Box","Busted Crown"],"picked":"mysticmod:BlessedBook"}],"items_purged_floors":[2,13,36],"is_endless":false,"potions_floor_spawned":[3,14,28,29,30,31,33,35,40,46],"killed_by":"Time Eater","ascension_level":0}}