{"host":"mydft8i2zzydgggw","time":1609949299,"event":{"mods":["AchievementEnabler","BaseMod","BetterRewards","Colored Map","Colored Powertips","DeckTracker","Keyboard Shortcuts","Minty Spire (QoL Compilation)","Quick Restart","Rare Cards Sparkle","StSLib","SuperFastMode","The Poker Player","everything is the same but u backflip on backflip"],"gold_per_floor":[113,113,123,195,209,209,209,236,236,263,32,2,17,17,17,112,112,131,149,64,64,64,64,90,90,90,0,0,0],"floor_reached":28,"playtime":880,"items_purged":["Strike_P"],"score":338,"play_id":"6133871f-ad9f-4785-aa30-82ce6dce7da0","local_time":"20210107010819","is_ascension_mode":true,"campfire_choices":[{"data":"LessonLearned","floor":6,"key":"SMITH"},{"floor":15,"key":"REST"},{"data":"MentalFortress","floor":23,"key":"SMITH"},{"floor":25,"key":"REST"}],"circlet_count":0,"master_deck":["Strike_P+1","Defend_P+1","Defend_P+1","Defend_P+1","Eruption+1","Vigilance+1","LessonLearned+1","Protect","MentalFortress+1","Prostrate","Worship+1","Brilliance+1","DeusExMachina","InnerPeace","Finesse"],"relics":["PureWater","InkBottle","Art of War","Yang","MealTicket","Oddly Smooth Stone","Empty Cage","Tiny Chest","Bag of Marbles"],"acts_visited":["Exordium","TheCity"],"potions_floor_usage":[8,16,22,22,22],"damage_taken":[{"damage":4,"enemies":"Small Slimes","floor":1,"turns":3},{"damage":0,"enemies":"Jaw Worm","floor":3,"turns":3},{"damage":3,"enemies":"2 Louse","floor":5,"turns":3},{"damage":26,"enemies":"Lagavulin","floor":8,"turns":13},{"damage":14,"enemies":"3 Sentries","floor":10,"turns":13},{"damage":0,"enemies":"Looter","floor":12,"turns":4},{"damage":0,"enemies":"3 Louse","floor":13,"turns":3},{"damage":0,"enemies":"Slime Boss","floor":16,"turns":4},{"damage":3,"enemies":"Chosen","floor":18,"turns":4},{"damage":0,"enemies":"Spheric Guardian","floor":19,"turns":2},{"damage":3,"enemies":"Cultist and Chosen","floor":22,"turns":4},{"damage":43,"enemies":"Gremlin Leader","floor":24,"turns":8},{"damage":49,"enemies":"Slavers","floor":28,"turns":4}],"seed_played":"6539884198303314525","potions_obtained":[{"floor":1,"key":"LiquidMemories"},{"floor":10,"key":"Swift Potion"},{"floor":13,"key":"SmokeBomb"},{"floor":16,"key":"GamblersBrew"},{"floor":18,"key":"ColorlessPotion"}],"is_trial":false,"path_per_floor":["M","?","M","?","M","R","?","E","T","E","$","M","M","?","R","B",null,"M","M","?","?","M","R","E","R","T","$","E"],"character_chosen":"WATCHER","items_purchased":["Oddly Smooth Stone","Finesse"],"campfire_rested":2,"item_purchase_floors":[11,27],"current_hp_per_floor":[68,54,54,54,51,51,44,18,18,4,19,19,19,19,40,40,72,69,69,69,56,53,53,10,33,33,48,0,0],"gold":0,"neow_bonus":"ONE_RANDOM_RARE_CARD","is_daily":false,"chose_seed":false,"campfire_upgraded":2,"win_rate":0.0,"timestamp":1609949299,"path_taken":["M","?","M","?","M","R","?","E","T","E","?","M","M","?","R","BOSS","M","M","?","?","M","R","E","R","T","?","E"],"items_purchased_type":["Relic","Card"],"build_version":"2020-12-22","purchased_purges":1,"victory":false,"max_hp_per_floor":[72,72,72,72,72,72,72,72,72,72,72,72,72,72,72,72,72,72,72,72,77,77,77,77,77,77,77,77,77],"card_choices":[{"not_picked":["Study","FollowUp"],"picked":"Protect","floor":1},{"not_picked":["MentalFortress","FlyingSleeves","JustLucky"],"picked":"SKIP","floor":3},{"not_picked":["FlyingSleeves","JustLucky"],"picked":"MentalFortress","floor":3},{"not_picked":["DeceiveReality","CutThroughFate"],"picked":"Prostrate","floor":5},{"not_picked":["Weave","EmptyFist","FlyingSleeves"],"picked":"SKIP","floor":8},{"not_picked":["FollowUp","ForeignInfluence"],"picked":"Worship","floor":10},{"not_picked":["ThirdEye","Crescendo"],"picked":"Brilliance","floor":12},{"not_picked":["SashWhip","CutThroughFate","CarveReality"],"picked":"SKIP","floor":13},{"not_picked":["Omniscience","ConjureBlade"],"picked":"DeusExMachina","floor":16},{"not_picked":["Crescendo","BowlingBash","Perseverance"],"picked":"SKIP","floor":18},{"not_picked":["FollowUp","EmptyMind"],"picked":"InnerPeace","floor":19},{"not_picked":["Crescendo","Wireheading","Meditate"],"picked":"SKIP","floor":24}],"player_experience":118646,"relics_obtained":[{"floor":8,"key":"Art of War"},{"floor":9,"key":"Yang"},{"floor":10,"key":"MealTicket"},{"floor":24,"key":"Bag of Marbles"}],"event_choices":[{"damage_healed":0,"gold_gain":0,"player_choice":"Entered Light","damage_taken":14,"max_hp_gain":0,"max_hp_loss":0,"event_name":"Shining Light","floor":2,"gold_loss":0,"cards_upgraded":["Defend_P","Defend_P"]},{"damage_healed":0,"gold_gain":72,"player_choice":"Gained Gold","damage_taken":0,"max_hp_gain":0,"max_hp_loss":0,"event_name":"Golden Wing","floor":4,"gold_loss":0},{"damage_healed":0,"gold_gain":0,"player_choice":"Success","damage_taken":7,"relics_obtained":["InkBottle"],"max_hp_gain":0,"max_hp_loss":0,"event_name":"Scrap Ooze","floor":7,"gold_loss":0},{"cards_removed":["Defend_P"],"damage_healed":0,"gold_gain":0,"player_choice":"Forget","damage_taken":0,"max_hp_gain":0,"max_hp_loss":0,"event_name":"Living Wall","floor":14,"gold_loss":0},{"damage_healed":0,"gold_gain":0,"player_choice":"Obtained Relic","damage_taken":0,"relics_obtained":["Tiny Chest"],"max_hp_gain":0,"max_hp_loss":0,"event_name":"Addict","floor":20,"gold_loss":85},{"damage_healed":0,"gold_gain":0,"player_choice":"Shed Blood","damage_taken":18,"max_hp_gain":5,"max_hp_loss":0,"event_name":"Forgotten Altar","floor":21,"gold_loss":0}],"is_beta":false,"boss_relics":[{"not_picked":["Sozu","Astrolabe"],"picked":"Empty Cage"}],"items_purged_floors":[11],"is_endless":false,"potions_floor_spawned":[1,10,13,16,18],"killed_by":"Slavers","ascension_level":3}}