{"host":"w01zow3jg16g8jdh","time":1609950253,"event":{"mods":["AchievementEnabler","BaseMod","DeckTracker","Keyboard Shortcuts","Minty Spire (QoL Compilation)","Permanent Neow","StSLib","SuperFastMode"],"gold_per_floor":[110,185,150,150,150,150,162,162,162,181,208,224,241,251,251,251,251],"floor_reached":16,"playtime":278,"items_purged":[],"score":204,"play_id":"93a2ef17-dcbf-412f-b4ff-c81a4179b59f","local_time":"20210107012413","is_ascension_mode":true,"campfire_choices":[{"data":"Sweeping Beam","floor":6,"key":"SMITH"},{"floor":8,"key":"REST"},{"floor":15,"key":"REST"}],"circlet_count":0,"master_deck":["AscendersBane","Strike_B","Strike_B","Strike_B","Strike_B","Defend_B","Defend_B","Defend_B","Defend_B","Zap+1","Dualcast","Sweeping Beam+1","Rebound","Skim","Coolheaded","Conserve Battery","Self Repair","Coolheaded"],"relics":["Cracked Core","Ice Cream","Calipers","PreservedInsect","Lantern"],"acts_visited":["Exordium"],"potions_floor_usage":[16],"damage_taken":[{"damage":1,"enemies":"Cultist","floor":1,"turns":3},{"damage":7,"enemies":"Jaw Worm","floor":7,"turns":2},{"damage":3,"enemies":"2 Louse","floor":10,"turns":2},{"damage":20,"enemies":"Lagavulin","floor":11,"turns":5},{"damage":7,"enemies":"2 Fungi Beasts","floor":12,"turns":3},{"damage":6,"enemies":"Lots of Slimes","floor":13,"turns":2},{"damage":1,"enemies":"Looter","floor":14,"turns":3},{"damage":48,"enemies":"The Guardian","floor":16,"turns":13}],"seed_played":"7402489601017187141","potions_obtained":[{"floor":1,"key":"Ancient Potion"},{"floor":11,"key":"Block Potion"}],"is_trial":false,"path_per_floor":["M","?","?","?","?","R","M","R","T","M","E","M","M","M","R","B"],"character_chosen":"DEFECT","items_purchased":[],"campfire_rested":2,"item_purchase_floors":[],"current_hp_per_floor":[45,34,51,40,40,40,33,54,54,51,31,24,18,17,38,0,0],"gold":251,"neow_bonus":"ONE_RARE_RELIC","is_daily":false,"chose_seed":false,"campfire_upgraded":1,"win_rate":0.0,"timestamp":1609950253,"path_taken":["M","?","?","?","?","R","M","R","T","M","E","M","?","M","R","BOSS"],"items_purchased_type":[],"build_version":"2020-12-22","purchased_purges":0,"victory":false,"max_hp_per_floor":[71,71,71,71,71,71,71,71,71,71,71,71,71,71,71,71,71],"card_choices":[{"not_picked":["Storm","Stack"],"picked":"Sweeping Beam","floor":1},{"not_picked":["Streamline","Beam Cell"],"picked":"Rebound","floor":7},{"not_picked":["Barrage","Leap"],"picked":"Skim","floor":10},{"not_picked":["Compile Driver","Storm"],"picked":"Coolheaded","floor":11},{"not_picked":["Steam","Machine Learning"],"picked":"Conserve Battery","floor":12},{"not_picked":["Stack","Cold Snap"],"picked":"Self Repair","floor":13},{"not_picked":["Go for the Eyes","Fission"],"picked":"Coolheaded","floor":14}],"player_experience":302668,"relics_obtained":[{"floor":9,"key":"PreservedInsect"},{"floor":11,"key":"Lantern"}],"event_choices":[{"damage_healed":0,"gold_gain":75,"player_choice":"Gather Gold","damage_taken":11,"max_hp_gain":0,"max_hp_loss":0,"event_name":"World of Goop","floor":2,"gold_loss":0},{"damage_healed":17,"gold_gain":0,"player_choice":"Healed","damage_taken":0,"max_hp_gain":0,"max_hp_loss":0,"event_name":"The Cleric","floor":3,"gold_loss":35},{"damage_healed":0,"gold_gain":0,"player_choice":"Success","damage_taken":11,"relics_obtained":["Calipers"],"max_hp_gain":0,"max_hp_loss":0,"event_name":"Scrap Ooze","floor":4,"gold_loss":0},{"damage_healed":0,"gold_gain":0,"player_choice":"Forge","damage_taken":0,"max_hp_gain":0,"max_hp_loss":0,"event_name":"Accursed Blacksmith","floor":5,"gold_loss":0,"cards_upgraded":["Zap"]}],"is_beta":false,"boss_relics":[],"items_purged_floors":[],"is_endless":false,"potions_floor_spawned":[1,11],"killed_by":"The Guardian","ascension_level":20}}