{"host":"artti7o26te9gn1a","time":1609942007,"event":{"mods":["AchievementEnabler","BaseMod","Beaked The Cultist","BetterRewards","Downfall","Minty Spire (QoL Compilation)","StSLib","Trackpad"],"gold_per_floor":[116,126,137,147,158,158,188,188,214,214,234,250,275,225,225,300,300,310,58,58,72,72,72,100,120,120,120,136,155,187,187,187,259,259,279,34,45,60,76,106,106,160,160,9,9,25,53,67,67,67],"floor_reached":51,"playtime":2800,"items_purged":["Dualcast"],"score":1624,"play_id":"db538431-2130-46a7-8acf-d4005dd6ee80","local_time":"20210106150647","is_ascension_mode":true,"campfire_choices":[{"floor":6,"key":"REST"},{"data":"Apotheosis","floor":8,"key":"SMITH"},{"floor":10,"key":"REST"},{"data":"Loop","floor":15,"key":"SMITH"},{"data":"Self Repair","floor":23,"key":"SMITH"},{"data":"Creative AI","floor":32,"key":"SMITH"},{"data":"Echo Form","floor":41,"key":"SMITH"},{"data":"Consume","floor":45,"key":"SMITH"},{"data":"Capacitor","floor":49,"key":"SMITH"}],"circlet_count":0,"master_deck":["AscendersBane","Zap","Apotheosis+1","Sweeping Beam","Loop+1","Conserve Battery","Machine Learning","Force Field","Genetic Algorithm","Go for the Eyes","Sweeping Beam","Self Repair+1","Core Surge","Barrage","Coolheaded","Ball Lightning","Creative AI+1","hexamod:Haunted","RitualDagger","Beam Cell","Force Field","Bite","Bite","Bite","Bite","Bite","Electrodynamics","Reinforced Body","Tempest","Stack","Core Surge","Cold Snap","Consume+1","Coolheaded","Echo Form+1","Glacier","Regret","Capacitor+1","Loop"],"relics":["Cracked Core","Meat on the Bone","Du-Vu Doll","Dream Catcher","Nunchaku","Cursed Key","Mummified Hand","Orichalcum","Letter Opener","Shuriken","Pandora\u0027s Box","Membership Card","DataDisk","trackpad:WritersBlock","Gambling Chip","beaked:ShinyBauble","ClockworkSouvenir","Pen Nib"],"acts_visited":["Exordium","TheCity","TheBeyond"],"potions_floor_usage":[33,42,42,50,50],"damage_taken":[{"damage":11,"enemies":"Small Slimes","floor":1,"turns":3},{"damage":4,"enemies":"Jaw Worm","floor":2,"turns":4},{"damage":3,"enemies":"2 Louse","floor":3,"turns":2},{"damage":0,"enemies":"Exordium Wildlife","floor":4,"turns":3},{"damage":39,"enemies":"Lots of Slimes","floor":5,"turns":4},{"damage":27,"enemies":"3 Sentries","floor":7,"turns":6},{"damage":3,"enemies":"Looter","floor":11,"turns":4},{"damage":10,"enemies":"3 Louse","floor":12,"turns":4},{"damage":7,"enemies":"Lagavulin","floor":13,"turns":7},{"damage":28,"enemies":"Slime Boss","floor":16,"turns":7},{"damage":26,"enemies":"2 Thieves","floor":18,"turns":4},{"damage":0,"enemies":"Chosen","floor":21,"turns":4},{"damage":22,"enemies":"Gremlin Leader","floor":24,"turns":6},{"damage":19,"enemies":"Snake Plant","floor":25,"turns":5},{"damage":10,"enemies":"Sentry and Sphere","floor":28,"turns":4},{"damage":22,"enemies":"Snecko","floor":29,"turns":4},{"damage":15,"enemies":"Book of Stabbing","floor":30,"turns":4},{"damage":48,"enemies":"Automaton","floor":33,"turns":8},{"damage":22,"enemies":"Orb Walker","floor":35,"turns":4},{"damage":31,"enemies":"3 Darklings","floor":37,"turns":4},{"damage":15,"enemies":"Transient","floor":38,"turns":5},{"damage":14,"enemies":"4 Shapes","floor":39,"turns":3},{"damage":24,"enemies":"beaked:SuperParasite","floor":40,"turns":8},{"damage":34,"enemies":"2 Orb Walkers","floor":42,"turns":4},{"damage":1,"enemies":"Spire Growth","floor":46,"turns":5},{"damage":21,"enemies":"Nemesis","floor":47,"turns":7},{"damage":0,"enemies":"Sphere and 2 Shapes","floor":48,"turns":6},{"damage":9,"enemies":"Awakened One","floor":50,"turns":9}],"seed_played":"-5744926365371603179","potions_obtained":[{"floor":1,"key":"Strength Potion"},{"floor":7,"key":"Regen Potion"},{"floor":30,"key":"PowerPotion"},{"floor":35,"key":"SneckoOil"},{"floor":38,"key":"AttackPotion"},{"floor":47,"key":"DistilledChaos"},{"floor":48,"key":"DistilledChaos"}],"is_trial":false,"path_per_floor":["M","M","M","M","M","R","E","R","T","R","M","M","E","?","R","B",null,"M","$","?","M","?","R","E","M","T","?","M","M","E","?","R","B",null,"M","$","M","M","M","E","R","?","T","$","R","M","E","M","R","B",null],"character_chosen":"DEFECT","items_purchased":["Meat on the Bone","Apotheosis","Mummified Hand","Membership Card","DataDisk","Cold Snap","Capacitor","ClockworkSouvenir"],"campfire_rested":2,"item_purchase_floors":[0,0,19,36,36,36,44,44],"current_hp_per_floor":[53,49,46,46,19,40,25,25,25,46,43,45,48,48,48,42,64,45,45,45,52,52,52,52,55,55,49,49,39,46,46,46,41,47,37,37,34,39,40,44,44,38,38,38,38,49,44,49,49,49],"gold":67,"neow_bonus":"","is_daily":false,"chose_seed":false,"campfire_upgraded":7,"win_rate":0.0,"timestamp":1609942007,"path_taken":["M","M","M","M","M","R","E","R","T","R","M","M","E","?","R","BOSS","M","$","?","M","?","R","E","M","T","?","?","?","E","?","R","BOSS","M","$","M","M","M","E","R","?","T","$","R","M","E","M","R","BOSS"],"items_purchased_type":["Relic","Card","Relic","Relic","Relic","Card","Card","Relic"],"build_version":"2020-12-22","purchased_purges":1,"victory":true,"max_hp_per_floor":[71,71,71,71,71,71,71,71,71,71,71,71,71,71,71,71,71,71,71,71,71,71,71,71,71,71,71,71,71,71,49,49,49,49,49,49,49,49,49,49,49,49,49,49,49,49,49,49,49,49],"card_choices":[{"not_picked":["Gash","Cold Snap"],"picked":"Sweeping Beam","floor":1},{"not_picked":["Hologram","Storm"],"picked":"Loop","floor":2},{"not_picked":["Static Discharge","Blizzard"],"picked":"Conserve Battery","floor":3},{"not_picked":["Rebound","Streamline"],"picked":"Machine Learning","floor":4},{"not_picked":["Darkness","White Noise"],"picked":"Force Field","floor":5},{"not_picked":["Redo","Ball Lightning"],"picked":"Genetic Algorithm","floor":7},{"not_picked":["Recycle","Steam Power"],"picked":"Go for the Eyes","floor":10},{"not_picked":["Compile Driver","Leap"],"picked":"Sweeping Beam","floor":11},{"not_picked":["Compile Driver","BootSequence"],"picked":"Self Repair","floor":12},{"not_picked":["Rebound","Undo","Double Energy"],"picked":"SKIP","floor":13},{"not_picked":["Rainbow","Reboot"],"picked":"Core Surge","floor":16},{"not_picked":["Conserve Battery","Steam+1"],"picked":"Barrage","floor":18},{"not_picked":["Rebound","Turbo"],"picked":"Ball Lightning","floor":21},{"not_picked":["Blizzard","Melter","Conserve Battery"],"picked":"SKIP","floor":24},{"not_picked":["Loop+1","Coolheaded"],"picked":"Creative AI","floor":25},{"not_picked":["Turbo","Melter"],"picked":"Beam Cell","floor":28},{"not_picked":["Darkness","Doom and Gloom+1","Sunder"],"picked":"SKIP","floor":29},{"not_picked":["Steam","Fusion"],"picked":"Force Field","floor":30},{"not_picked":["Seek","Reboot"],"picked":"Electrodynamics","floor":33},{"not_picked":["Aggregate+1","Double Energy","Gash"],"picked":"SKIP","floor":35},{"not_picked":["Heatsinks","Darkness"],"picked":"Consume","floor":37},{"not_picked":["Cold Snap","Tempest"],"picked":"Coolheaded","floor":38},{"not_picked":["Streamline","Beam Cell","Gash"],"picked":"SKIP","floor":39},{"not_picked":["Hologram","FTL"],"picked":"Echo Form","floor":40},{"not_picked":["Conserve Battery","Turbo+1"],"picked":"Glacier","floor":42},{"not_picked":["Go for the Eyes","Consume","Creative AI"],"picked":"SKIP","floor":46},{"not_picked":["Hologram","Stack","Go for the Eyes"],"picked":"SKIP","floor":47},{"not_picked":["Compile Driver","Cold Snap"],"picked":"Loop","floor":48}],"player_experience":753839,"relics_obtained":[{"floor":7,"key":"Du-Vu Doll"},{"floor":9,"key":"Dream Catcher"},{"floor":13,"key":"Nunchaku"},{"floor":24,"key":"Orichalcum"},{"floor":26,"key":"Letter Opener"},{"floor":30,"key":"Shuriken"},{"floor":40,"key":"trackpad:WritersBlock"},{"floor":42,"key":"Gambling Chip"},{"floor":43,"key":"beaked:ShinyBauble"},{"floor":47,"key":"Pen Nib"}],"event_choices":[{"cards_removed":["Strike_B"],"damage_healed":0,"gold_gain":0,"player_choice":"Card Removal","damage_taken":0,"max_hp_gain":0,"max_hp_loss":0,"event_name":"The Cleric","floor":14,"gold_loss":50},{"damage_healed":0,"gold_gain":0,"player_choice":"Read","damage_taken":0,"max_hp_gain":0,"max_hp_loss":0,"event_name":"The Library","floor":20,"gold_loss":0,"cards_obtained":["Coolheaded"]},{"cards_removed":["Strike_B"],"damage_healed":0,"gold_gain":0,"player_choice":"Elegance","damage_taken":0,"max_hp_gain":0,"max_hp_loss":0,"event_name":"Back to Basics","floor":22,"gold_loss":0},{"damage_healed":0,"gold_gain":0,"player_choice":"Joined the Cult","damage_taken":6,"max_hp_gain":0,"max_hp_loss":0,"event_name":"Nest","floor":27,"gold_loss":0,"cards_obtained":["RitualDagger"]},{"damage_healed":0,"gold_gain":0,"player_choice":"Became a vampire","damage_taken":0,"max_hp_gain":0,"max_hp_loss":22,"event_name":"Vampires","floor":31,"gold_loss":0,"cards_obtained":["Bite","Bite","Bite","Bite","Bite"]},{"damage_healed":0,"gold_gain":0,"player_choice":"Fight","damage_taken":0,"max_hp_gain":0,"max_hp_loss":0,"event_name":"Mysterious Sphere","floor":42,"gold_loss":0}],"is_beta":false,"boss_relics":[{"not_picked":["Astrolabe","Nuclear Battery"],"picked":"Cursed Key"},{"not_picked":["Empty Cage","trackpad:StolenKidneys"],"picked":"Pandora\u0027s Box"}],"items_purged_floors":[44],"is_endless":false,"potions_floor_spawned":[1,7,11,12,13,18,21,28,29,30,35,38,47,48],"ascension_level":14}}