{"host":"61r95uy0hn86b9iu","time":1609904601,"event":{"mods":["AchievementEnabler","BaseMod","Better Vampires","BetterRewards","Colored Powertips","Hubris","Minty Spire (QoL Compilation)","Shop Mod","StSLib"],"gold_per_floor":[112,112,9,9,20,20,35,69,69,104,29,129,145,174,174,253,253,270,80,130,130,141,141,160,160,184,213,128,128,128,140,140,214,214,233,138,155,200,90,90,120,120,120,138,153,25,38,57,57,57],"floor_reached":51,"playtime":2917,"items_purged":["Strike_R","Strike_R","Strike_R"],"score":1648,"play_id":"44fe7c3e-140e-4150-ad92-6ce4996bfc66","local_time":"20210105214321","is_ascension_mode":true,"campfire_choices":[{"data":"Bash","floor":6.0,"key":"SMITH"},{"floor":15.0,"key":"REST"},{"data":"Spot Weakness","floor":23.0,"key":"SMITH"},{"data":"Metallicize","floor":25.0,"key":"SMITH"},{"floor":32.0,"key":"RECALL"},{"floor":40.0,"key":"REST"},{"floor":42.0,"key":"REST"},{"data":"Demon Form","floor":49,"key":"SMITH"}],"circlet_count":0,"master_deck":["AscendersBane","Defend_R","Defend_R","Defend_R+1","Defend_R","Bash+1","Dropkick+1","Shrug It Off","Pommel Strike+1","Metallicize+1","Flex","Cleave+1","Whirlwind+1","Body Slam+1","Reaper+1","Spot Weakness+1","Whirlwind+1","Whirlwind+1","Demon Form+1","Armaments+1","Shockwave","Inflame","Shrug It Off","Flash of Steel+1"],"relics":["Burning Blood","Mummified Hand","Shuriken","TungstenRod","hubris:Icosahedron","Toy Ornithopter","Singing Bowl","Self Forming Clay","MerchantsRug","Turnip","HornCleat","Kunai","Anchor"],"acts_visited":["Exordium","TheCity","TheBeyond"],"potions_floor_usage":[45,45,45,50,50],"damage_taken":[{"damage":0.0,"enemies":"Small Slimes","floor":1.0,"turns":3.0},{"damage":3.0,"enemies":"2 Louse","floor":5.0,"turns":4.0},{"damage":0.0,"enemies":"Cultist","floor":7.0,"turns":2.0},{"damage":21.0,"enemies":"Lagavulin","floor":8.0,"turns":5.0},{"damage":24.0,"enemies":"Gremlin Nob","floor":10.0,"turns":5.0},{"damage":11.0,"enemies":"Large Slime","floor":13.0,"turns":3.0},{"damage":19.0,"enemies":"Lagavulin","floor":14.0,"turns":5.0},{"damage":14.0,"enemies":"Slime Boss","floor":16.0,"turns":6.0},{"damage":10.0,"enemies":"Spheric Guardian","floor":18.0,"turns":3.0},{"damage":5.0,"enemies":"Shell Parasite","floor":22.0,"turns":2.0},{"damage":13.0,"enemies":"Snecko","floor":24.0,"turns":4.0},{"damage":0.0,"enemies":"Gremlin Leader","floor":27.0,"turns":3.0},{"damage":0.0,"enemies":"3 Cultists","floor":31.0,"turns":2.0},{"damage":67.0,"enemies":"hubris:MusketHawk","floor":33.0,"turns":7.0},{"damage":17.0,"enemies":"3 Darklings","floor":35.0,"turns":3.0},{"damage":6.0,"enemies":"3 Shapes","floor":37.0,"turns":2.0},{"damage":33.0,"enemies":"2 Orb Walkers","floor":38.0,"turns":4.0},{"damage":96.0,"enemies":"Giant Head","floor":41.0,"turns":8.0},{"damage":1.0,"enemies":"3 Darklings","floor":44.0,"turns":3.0},{"damage":7,"enemies":"Writhing Mass","floor":45,"turns":4},{"damage":9,"enemies":"Jaw Worm Horde","floor":47,"turns":2},{"damage":15,"enemies":"Transient","floor":48,"turns":5},{"damage":70,"enemies":"Awakened One","floor":50,"turns":9}],"seed_played":"6510839886068007168","potions_obtained":[{"floor":5.0,"key":"FairyPotion"},{"floor":7.0,"key":"Regen Potion"},{"floor":16.0,"key":"PowerPotion"},{"floor":31.0,"key":"LiquidBronze"},{"floor":38.0,"key":"SpeedPotion"},{"floor":44.0,"key":"EntropicBrew"},{"floor":48,"key":"Swift Potion"}],"is_trial":false,"path_per_floor":["M","?","$","?","M","R","M","E","T","E","$","?","M","E","R","B",null,"M","$","?","?","M","R","M","R","T","E","?","?","?","M","R","B",null,"M","$","M","?","?","R","E","R","T","M","M","$","M","M","R","B",null],"character_chosen":"IRONCLAD","items_purchased":["Molten Egg 2","Mummified Hand","Shrug It Off","Whirlwind+1","Spot Weakness","MerchantsRug","Inflame","Shrug It Off","Anchor","Flash of Steel+1"],"campfire_rested":3,"item_purchase_floors":[0,0,3,11,19,36,46,46,46,46],"current_hp_per_floor":[54,54,54,47,50,50,56,55,55,37,37,37,32,19,41,33,65,61,75,75,75,75,75,68,68,68,75,75,75,75,77,77,34,66,65,79,81,56,56,80,60,85,85,85,84,85,84,77,77,30],"gold":57,"neow_bonus":"","is_daily":false,"chose_seed":false,"campfire_upgraded":4,"win_rate":0.0,"timestamp":1609904601,"path_taken":["M","?","$","?","M","R","M","E","T","E","$","?","?","E","R","BOSS","M","$","?","?","?","R","M","R","T","E","?","?","?","M","R","BOSS","M","$","M","?","?","R","E","R","T","?","M","$","M","M","R","BOSS"],"items_purchased_type":["Relic","Relic","Card","Card","Card","Relic","Card","Card","Relic","Card"],"build_version":"2020-12-22","purchased_purges":3,"victory":true,"max_hp_per_floor":[75,75,75,75,75,75,75,75,75,75,75,75,75,75,75,75,75,75,75,75,75,75,75,75,75,75,75,75,75,75,77,77,77,77,79,79,81,83,83,83,85,85,85,85,85,85,87,89,89,89],"card_choices":[{"not_picked":["Cleave+1","Thunderclap+1"],"picked":"Dropkick+1","floor":1.0},{"not_picked":["Headbutt+1","Shrug It Off"],"picked":"Pommel Strike+1","floor":5.0},{"not_picked":["Sever Soul+1","Power Through"],"picked":"Metallicize","floor":7.0},{"not_picked":["Sever Soul+1","Combust"],"picked":"Flex","floor":8.0},{"not_picked":["Body Slam+1","Warcry"],"picked":"Cleave+1","floor":10.0},{"not_picked":["Uppercut+1","Havoc"],"picked":"Body Slam+1","floor":13.0},{"not_picked":["Fiend Fire+1","Twin Strike+1"],"picked":"Wild Strike+1","floor":14.0},{"not_picked":["Brutality","hubris:StunningStrike+1"],"picked":"Reaper+1","floor":16.0},{"not_picked":["Clash+1","Combust","Cleave+1"],"picked":"SKIP","floor":18.0},{"not_picked":["Dropkick+1","Wild Strike+1"],"picked":"Whirlwind+1","floor":22.0},{"not_picked":["hubris:ReadiedAction+1","Havoc","Sever Soul+1"],"picked":"SKIP","floor":24.0},{"not_picked":["Warcry","Wild Strike+1"],"picked":"Whirlwind+1","floor":27.0},{"not_picked":["Wild Strike+1","hubris:CleavingFinish+1","Sever Soul+1"],"picked":"Singing Bowl","floor":31.0},{"not_picked":["Impervious","Bludgeon+1"],"picked":"Demon Form","floor":33.0},{"not_picked":["Combust","Clash+1","True Grit+1"],"picked":"Singing Bowl","floor":35.0},{"not_picked":["Dark Embrace","Disarm","Ghostly Armor"],"picked":"Singing Bowl","floor":37.0},{"not_picked":["Armaments","Havoc","Power Through"],"picked":"Singing Bowl","floor":38.0},{"not_picked":["Havoc","Hemokinesis+1","Clash+1"],"picked":"Singing Bowl","floor":41.0},{"not_picked":["Body Slam+1","Warcry"],"picked":"Armaments+1","floor":44.0},{"not_picked":["Sword Boomerang+1","Rupture"],"picked":"Shockwave","floor":45},{"not_picked":["Sword Boomerang","Headbutt","Whirlwind+1"],"picked":"Singing Bowl","floor":47},{"not_picked":["Flame Barrier","Perfected Strike","Body Slam"],"picked":"Singing Bowl","floor":48}],"player_experience":3239701,"relics_obtained":[{"floor":8.0,"key":"Shuriken"},{"floor":9.0,"key":"TungstenRod"},{"floor":10.0,"key":"Dead Branch"},{"floor":14.0,"key":"MealTicket"},{"floor":26.0,"key":"Toy Ornithopter"},{"floor":27.0,"key":"Singing Bowl"},{"floor":38.0,"key":"Turnip"},{"floor":41.0,"key":"HornCleat"},{"floor":43.0,"key":"Kunai"}],"event_choices":[{"damage_healed":0.0,"max_hp_gain":0.0,"max_hp_loss":0.0,"gold_gain":0.0,"event_name":"Shining Light","player_choice":"Ignored","floor":2.0,"gold_loss":0.0,"damage_taken":0.0},{"cards_removed":["Strike_R"],"damage_healed":0.0,"max_hp_gain":0.0,"max_hp_loss":0.0,"gold_gain":0.0,"event_name":"Golden Wing","player_choice":"Card Removal","floor":4.0,"gold_loss":0.0,"damage_taken":7.0},{"damage_healed":0.0,"max_hp_gain":0.0,"max_hp_loss":0.0,"gold_gain":100.0,"event_name":"Wheel of Change","player_choice":"Gold","floor":12.0,"gold_loss":0.0,"damage_taken":0.0},{"damage_healed":0.0,"max_hp_gain":0.0,"max_hp_loss":0.0,"gold_gain":50.0,"event_name":"Nest","player_choice":"Stole From Cult","floor":20.0,"gold_loss":0.0,"damage_taken":0.0},{"damage_healed":0.0,"max_hp_gain":0.0,"max_hp_loss":0.0,"gold_gain":0.0,"event_name":"Addict","player_choice":"Obtained Relic","floor":28.0,"gold_loss":85.0,"damage_taken":0.0,"relics_obtained":["Self Forming Clay"]},{"cards_removed":["Strike_R"],"damage_healed":0.0,"max_hp_gain":0.0,"max_hp_loss":0.0,"gold_gain":0.0,"event_name":"Back to Basics","player_choice":"Elegance","floor":29.0,"gold_loss":0.0,"damage_taken":0.0},{"damage_healed":0.0,"max_hp_gain":0.0,"max_hp_loss":0.0,"gold_gain":0.0,"event_name":"Ghosts","player_choice":"Ignored","floor":30.0,"gold_loss":0.0,"damage_taken":0.0},{"damage_healed":0.0,"max_hp_gain":0.0,"max_hp_loss":0.0,"gold_gain":0.0,"event_name":"Mysterious Sphere","player_choice":"Fight","floor":38.0,"gold_loss":0.0,"damage_taken":0.0},{"cards_removed":["Wild Strike"],"damage_healed":0.0,"max_hp_gain":0.0,"max_hp_loss":0.0,"gold_gain":0.0,"event_name":"Designer","player_choice":"Upgrade and Remove","floor":39.0,"gold_loss":110.0,"damage_taken":0.0,"cards_upgraded":["Defend_R"]}],"is_beta":false,"boss_relics":[{"not_picked":["Runic Cube","Ectoplasm"],"picked":"Mark of Pain"},{"not_picked":["hubris:GrandSneckoEye","hubris:VirtuousBlindfold"],"picked":"Coffee Dripper"}],"items_purged_floors":[3,19,36],"is_endless":false,"potions_floor_spawned":[5,7,16,18,31,38,44,48],"ascension_level":16}}