{"host":"bxdue9bkfm2khp2x","time":1609909555,"event":{"mods":["ATMod(阿瑾Mod)","Aspiration","BaseMod","Better Vampires","Challenge The Spire","Colored Powertips","Conspire","Decade(王小明)","Dota2Spire","Highlight Path","Marisa（F雨　魔理沙）","Minty Spire (QoL Compilation)","MostiFishMod","Replay The Spire","RumiaBox-露米娅的神秘盒子","Spicy Shops","StSLib","Td1madao Mod","The Alterego","The Cursed","The Servant 0.9.4","WarShipGirlsR/战舰少女R mod","Youmu（魂魄妖梦）","noobMod","vexMod","【功能Mod】混沌之环修复补丁","【遗物卡牌】REMEMod","篝火指南"],"gold_per_floor":[114,264,282,294,311,311,339,339,339,164,164,244,262,278,278,354,354,370,400,315,330,330,330,364,364,364,393,393,408,408],"floor_reached":29,"playtime":1693,"items_purged":["Doubt","Defend_YM"],"score":656,"play_id":"f32d8ad1-8bc7-4616-bb5a-31ae389739f2","local_time":"20210106130555","is_ascension_mode":true,"campfire_choices":[{"data":"AT_KneejerkReflex","floor":6.0,"key":"SMITH"},{"data":"FlawlessForm","floor":11.0,"key":"SMITH"},{"data":"HumanGodSword","floor":15.0,"key":"SMITH"},{"data":"HumanGodSword","floor":23,"key":"SMITH"},{"data":"ConstancyOfTheConventionalTruth","floor":25,"key":"SMITH"},{"data":"ThreeKonsSevenHakus","floor":28,"key":"SMITH"}],"circlet_count":0,"master_deck":["AscendersBane","Strike_YM","Strike_YM","Strike_YM","Strike_YM","Defend_YM","Defend_YM","Defend_YM","SlashOfPresentWorld","WheelOfPainOfLivingAndDead","FlawlessForm+1","AT_KneejerkReflex+1","ThreeKonsSevenHakus+1","SwordExtraction","ConstancyOfTheConventionalTruth+1","HumanGodSword+1","SlashOfSaigyouSpringWind","HumanGodSword+1","SuddenPhantomFormationSlashOfKarmicWind"],"relics":["HalfPhantom","DaveBox","REME_ComplimentaryCards","ice","AT_ATBox","ShadowXiaoBlade","SynthV:TestCard","Odd Mushroom","HornCleat","Roukanken","RhineSuit","Red Mask","Ginger","Shuriken","Dota2Spire:OrchidMalevolence","Unceasing Top"],"acts_visited":["Exordium","TheCity"],"potions_floor_usage":[27],"damage_taken":[{"damage":0.0,"enemies":"Small Slimes","floor":1.0,"turns":3.0},{"damage":2.0,"enemies":"Jaw Worm","floor":3.0,"turns":5.0},{"damage":2.0,"enemies":"2 Louse","floor":4.0,"turns":2.0},{"damage":0.0,"enemies":"Looter","floor":5.0,"turns":4.0},{"damage":11.0,"enemies":"The Mushroom Lair","floor":7.0,"turns":4.0},{"damage":0.0,"enemies":"Large Slime","floor":13.0,"turns":5.0},{"damage":0.0,"enemies":"Lots of Slimes","floor":14.0,"turns":4.0},{"damage":0.0,"enemies":"Hexaghost","floor":16.0,"turns":8.0},{"damage":0.0,"enemies":"Chosen","floor":18.0,"turns":5.0},{"damage":6.0,"enemies":"Masked Bandits","floor":19.0,"turns":5.0},{"damage":7.0,"enemies":"Shell Parasite","floor":21.0,"turns":3.0},{"damage":12,"enemies":"Gremlin Leader","floor":24,"turns":4},{"damage":0,"enemies":"Book of Stabbing","floor":27,"turns":4},{"damage":12,"enemies":"Snake Plant","floor":29,"turns":3}],"seed_played":"-1096804439483908700","potions_obtained":[{"floor":0.0,"key":"Elixir"},{"floor":0.0,"key":"LifebloodPotion"},{"floor":14.0,"key":"LifebloodPotion"},{"floor":24,"key":"Dota2Spire:Clarity"},{"floor":29,"key":"ColorlessPotion"}],"is_trial":false,"path_per_floor":["M","?","M","M","M","R","?","T","T","$","R","?","M","M","R","B",null,"M","?","?","M","?","R","E","R","T","E","R","M"],"character_chosen":"YOUMU","items_purchased":[],"campfire_rested":0,"item_purchase_floors":[],"current_hp_per_floor":[63,63,61,59,59,59,48,48,48,48,48,48,48,48,48,48,65,65,59,59,52,59,59,47,47,47,47,47,35,35],"gold":408,"neow_bonus":"THREE_SMALL_POTIONS","is_daily":false,"chose_seed":false,"campfire_upgraded":6,"win_rate":0.0,"timestamp":1609909555,"path_taken":["M","?","M","M","M","R","?","?","T","$","R","?","M","M","R","BOSS","M","?","?","M","?","R","E","R","T","E","R","M"],"items_purchased_type":[],"build_version":"2020-12-22","purchased_purges":2,"victory":false,"max_hp_per_floor":[70,70,70,70,70,70,70,70,70,70,70,70,70,70,70,70,70,70,70,70,70,70,70,70,70,70,70,70,70,70],"card_choices":[{"not_picked":["FlashingScatteredFlowers","CrescentMoonSlash","SpiritMediumsBind"],"picked":"SKIP","floor":1.0},{"not_picked":["SpiderLilyBurial","TwoHundredYojanaInOneSlash","FourBirthsSword","LowerRealmReflectionSlash"],"picked":"ThreeKonsSevenHakus","floor":3.0},{"not_picked":["SanzenSekai","SlashOfMeditation","CherryBlossomSword","HumanKnowledgeSword"],"picked":"SwordExtraction","floor":4.0},{"not_picked":["BizarrenessOfSixRealms","FlashingScatteredFlowers","DispleasureOfTheSevenHakus","SanzenSekai"],"picked":"ConstancyOfTheConventionalTruth","floor":5.0},{"not_picked":["TurningAngelCut","ThreeKonsSevenHakus","LifeCuttingSword","CrescentMoonSlash","ConstancyOfTheConventionalTruth"],"picked":"SKIP","floor":13.0},{"not_picked":["SwordExtraction","SanzenSekai","ConstancyOfTheConventionalTruth","FourBirthsSword"],"picked":"HumanGodSword","floor":14.0},{"not_picked":["VoidnessSword","IrresoluteSoul","SlashOfTheEternalFuture","CherryBlossomSword"],"picked":"SlashOfSaigyouSpringWind","floor":16.0},{"not_picked":["HumanKnowledgeSword","SlashOfDepartureFromHesitation","SpiritCuttingSword","SlashClearingTheSixSenses"],"picked":"HumanGodSword","floor":18.0},{"not_picked":["SpiritCuttingSword","SlashOfMeditation","SpiritMediumsBind","HumanRealmSword","PreachingAvici+1"],"picked":"SKIP","floor":21.0},{"not_picked":["SpiritCuttingSword","DoubleWheelOfPain","PhosphoricSlash","FastingOfTheYoungPreta"],"picked":"SuddenPhantomFormationSlashOfKarmicWind","floor":24},{"not_picked":["SwordOfBindingDesires","SpiritCuttingSword+1","SlashOfMeditation","DispleasureOfTheSevenHakus+1","FlashingScatteredFlowers"],"picked":"SKIP","floor":27},{"not_picked":["SpiritCuttingSword+1","LifeCuttingSword","TwoHundredYojanaInOneSlash","TransmigrationSlash","SlashOfDelusionalInnerEye"],"picked":"SKIP","floor":29}],"player_experience":1340428,"relics_obtained":[{"floor":1.0,"key":"SynthV:TestCard"},{"floor":7.0,"key":"Odd Mushroom"},{"floor":8.0,"key":"HornCleat"},{"floor":9.0,"key":"Roukanken"},{"floor":19.0,"key":"Red Mask"},{"floor":24,"key":"Shuriken"},{"floor":26,"key":"Dota2Spire:OrchidMalevolence"},{"floor":27,"key":"Unceasing Top"}],"event_choices":[{"damage_healed":0.0,"max_hp_gain":0.0,"max_hp_loss":0.0,"gold_gain":150.0,"event_name":"Liars Game","player_choice":"AGREE","floor":2.0,"gold_loss":0.0,"damage_taken":0.0,"cards_obtained":["Doubt"]},{"damage_healed":0.0,"max_hp_gain":0.0,"max_hp_loss":0.0,"gold_gain":0.0,"event_name":"Mushrooms","player_choice":"Fought Mushrooms","floor":7.0,"gold_loss":0.0,"damage_taken":0.0},{"damage_healed":0.0,"max_hp_gain":0.0,"max_hp_loss":0.0,"gold_gain":0.0,"event_name":"Masked Bandits","player_choice":"Fought Bandits","floor":19.0,"gold_loss":0.0,"damage_taken":0.0},{"damage_healed":0.0,"max_hp_gain":0.0,"max_hp_loss":0.0,"gold_gain":0.0,"event_name":"Addict","player_choice":"Obtained Relic","floor":20.0,"gold_loss":85.0,"damage_taken":0.0,"relics_obtained":["Ginger"]}],"is_beta":false,"boss_relics":[{"not_picked":["JellyFishMachine","Runic Pyramid"],"picked":"RhineSuit"}],"items_purged_floors":[10,10],"is_endless":false,"potions_floor_spawned":[5,14,24,29],"killed_by":"Snake Plant","ascension_level":20}}