{"host":"2pt9f5ojqg0apn28","time":1609972659,"event":{"mods":["AchievementEnabler","BaseMod","Better Altar","Better Match","Better Note","Better Sensory Stone","Better Skull","Better Third Choice","Colored Map","Colored Powertips","Hubris","Infinite Spire","Lobotomy","LobotomyExtend","Minty Spire (QoL Compilation)","Replay The Spire","StSLib"],"gold_per_floor":[110,110,110,125,125,125,151,76,102,102,134,151,168,11,11,106,106,120,120,120,131,131,144,172,172,172,17,17,28,46,59,59,159,159,170,170,170,170,182,213,213,229,278,289,305,305,36,70,70,70,70,70,70,18,44,44,44],"floor_reached":56,"playtime":2240,"items_purged":["Spreading Infection","Strike_B","Strike_B","Panic Button+1"],"score":822,"play_id":"86316ddb-57fb-48d7-8847-e42d8dc9188a","local_time":"20210107033739","is_ascension_mode":true,"campfire_choices":[{"data":"Dualcast","floor":6,"key":"SMITH"},{"data":"Zap","floor":10,"key":"SMITH"},{"data":"Electrodynamics","floor":15,"key":"SMITH"},{"data":"infinitespire:Oblivion","floor":28,"key":"SMITH"},{"floor":32,"key":"REST"},{"floor":41,"key":"REST"},{"floor":46,"key":"RECALL"},{"data":"Defend_B","floor":49,"key":"SMITH"},{"data":"Ball Lightning","floor":53,"key":"SMITH"}],"circlet_count":0,"master_deck":["Strike_B","Defend_B+1","Defend_B+1","Defend_B+2","Zap+1","Dualcast+1","Doom and Gloom","White Noise+1","Lockon+1","Sweeping Beam","Electrodynamics+1","Echo Form","Cold Snap+1","infinitespire:Oblivion+1","Turbo+1","Coolheaded+1","Capacitor+1","Ball Lightning+1","Conserve Battery+1","Double Energy+1","Electrodynamics+1","Compile Driver+1","Ball Lightning+1","Coolheaded+1","Fission+1","Core Surge","Redo+1"],"relics":["Cracked Core","NeowsBlessing","LetterFromLob","hubris:CrystalStatue","ReplayTheSpireMod:Ring of Collecting","ReplayTheSpireMod:Ring of Addiction","Potion Belt","Toy Ornithopter","Gremlin Food","Ring of Peace","Juzu Bracelet","Toxic Egg 2","hubris:ScarierMask","PreservedInsect","Tiny Chest","hubris:Backtick","Calipers","Letter Opener","Ring of Panic","hubris:FunFungus","hubris:RunicObelisk","hubris:PeanutButter","ReplayTheSpireMod:Ring of Exchange","Happy Flower","Simple Rune","War Paint"],"acts_visited":["Exordium","TheCity","TheBeyond","TheEnding"],"potions_floor_usage":[7,13,16,30,33,35,40,42,45,50,50,50,50,56],"damage_taken":[{"damage":0,"enemies":"Small Slimes","floor":1,"turns":1},{"damage":0,"enemies":"Jaw Worm","floor":4,"turns":1},{"damage":0,"enemies":"Replay:BlueRogue","floor":7,"turns":1},{"damage":12,"enemies":"3 Sentries","floor":11,"turns":5},{"damage":0,"enemies":"2 Louse","floor":12,"turns":2},{"damage":0,"enemies":"Gremlin Gang","floor":13,"turns":2},{"damage":0,"enemies":"Slime Boss","floor":16,"turns":4},{"damage":7,"enemies":"2 Thieves","floor":18,"turns":3},{"damage":15,"enemies":"Shell Parasite","floor":21,"turns":5},{"damage":0,"enemies":"3 Cultists","floor":23,"turns":3},{"damage":0,"enemies":"Book of Stabbing","floor":24,"turns":4},{"damage":3,"enemies":"Chosen and Byrds","floor":29,"turns":4},{"damage":0,"enemies":"Snecko","floor":30,"turns":2},{"damage":3,"enemies":"Cultist and Chosen","floor":31,"turns":3},{"damage":17,"enemies":"hubris:MusketHawk","floor":33,"turns":6},{"damage":0,"enemies":"3 Darklings","floor":35,"turns":4},{"damage":0,"enemies":"3 Shapes","floor":39,"turns":1},{"damage":24,"enemies":"R_Hoarder","floor":40,"turns":7},{"damage":0,"enemies":"Spire Growth","floor":42,"turns":3},{"damage":0,"enemies":"Jaw Worm Horde","floor":44,"turns":1},{"damage":0,"enemies":"Maw","floor":45,"turns":6},{"damage":0,"enemies":"Reptomancer","floor":48,"turns":4},{"damage":9,"enemies":"Replay:Hell Engine","floor":50,"turns":10},{"damage":10,"enemies":"Shield and Spear","floor":55,"turns":3},{"damage":75,"enemies":"The Heart","floor":56,"turns":6}],"seed_played":"5419193212332256889","potions_obtained":[{"floor":1,"key":"Weak Potion"},{"floor":5,"key":"Energy Potion"},{"floor":5,"key":"SpeedPotion"},{"floor":5,"key":"GamblersBrew"},{"floor":12,"key":"FearPotion"},{"floor":13,"key":"Explosive Potion"},{"floor":21,"key":"AttackPotion"},{"floor":23,"key":"EssenceOfDarkness"},{"floor":29,"key":"CultistPotion"},{"floor":31,"key":"PowerPotion"},{"floor":39,"key":"Strength Potion"},{"floor":40,"key":"GamblersBrew"},{"floor":45,"key":"SkillPotion"},{"floor":48,"key":"FocusPotion"},{"floor":55,"key":"Venom Potion"}],"is_trial":false,"path_per_floor":["M","?","T","M","?","R","E","$","T","R","E","M","M","$","R","B",null,"M","?","?","M","AVR","M","E","?","T","$","R","M","M","M","R","B",null,"M","?","T","?","M","E","R","M","T","M","M","R","$","E","R","B",null,null,"R","$","E","B"],"character_chosen":"DEFECT","items_purchased":["Electrodynamics","Capacitor+1","Fission+1","SteroidPotion"],"campfire_rested":2,"item_purchase_floors":[14,27,47,54],"current_hp_per_floor":[75,75,75,75,75,75,75,75,75,75,61,61,66,66,66,71,73,66,73,71,56,56,56,56,56,56,56,56,56,61,61,65,57,65,65,65,65,65,63,39,57,62,62,62,63,63,63,63,61,61,61,61,61,59,49,0,0],"gold":44,"neow_bonus":"THREE_ENEMY_KILL","is_daily":false,"chose_seed":false,"campfire_upgraded":6,"win_rate":0.0,"timestamp":1609972659,"path_taken":["M","?","?","?","?","R","E","$","T","R","E","M","M","$","R","BOSS","M","?","?","M","AVR","M","E","?","T","?","R","M","M","M","R","BOSS","M","?","?","?","M","E","R","M","T","M","M","R","?","E","R","BOSS","R","$","E","BOSS"],"items_purchased_type":["Card","Card","Card","Potion"],"build_version":"2020-12-22","purchased_purges":4,"victory":false,"max_hp_per_floor":[75,75,75,75,75,75,75,75,75,75,73,73,73,73,73,73,73,73,73,71,71,71,69,69,69,67,67,67,65,65,65,65,65,65,65,65,65,65,63,63,63,63,63,63,63,63,63,63,61,61,61,61,61,59,59,59,59],"card_choices":[{"not_picked":["Barrage","Go for the Eyes"],"picked":"Doom and Gloom","floor":1},{"not_picked":["Consume","Coolheaded"],"picked":"White Noise","floor":4},{"not_picked":["ReplayTheSpireMod:Reroute Power","BasicCrystalCard"],"picked":"Lockon","floor":7},{"not_picked":["Barrage","Loop","Crystallizer"],"picked":"SKIP","floor":11},{"not_picked":["Panic Button+1","Steam+1","Force Field+1"],"picked":"SKIP","floor":12},{"not_picked":["Self Repair","Steam+1"],"picked":"Sweeping Beam","floor":13},{"not_picked":["Core Surge","Electrodynamics"],"picked":"Echo Form","floor":16},{"not_picked":["Rip and Tear","BasicCrystalCard+1"],"picked":"Cold Snap","floor":18},{"not_picked":["Machine Learning","Beam Cell"],"picked":"Gash","floor":21},{"not_picked":["Go for the Eyes","ReplaySolidLightProjector+1"],"picked":"Turbo+1","floor":23},{"not_picked":["ReplayGash+1","Panic Button+1"],"picked":"Coolheaded+1","floor":24},{"not_picked":["Barrage","White Noise+1"],"picked":"Ball Lightning","floor":29},{"not_picked":["Gash","Go for the Eyes"],"picked":"Conserve Battery+1","floor":30},{"not_picked":["Machine Learning","Beam Cell"],"picked":"Double Energy+1","floor":31},{"not_picked":["Echo Form","Creative AI"],"picked":"Electrodynamics","floor":33},{"not_picked":["Ball Lightning","Steam+1"],"picked":"Panic Button+1","floor":35},{"not_picked":["Turbo+1","Streamline+1"],"picked":"Compile Driver+1","floor":39},{"not_picked":["Auto Shields+1","Aggregate+1","Time Bomb+1"],"picked":"SKIP","floor":40},{"not_picked":["Sweeping Beam","Compile Driver+1","Turbo+1"],"picked":"SKIP","floor":42},{"not_picked":["Auto Shields+1","Aggregate+1"],"picked":"Ball Lightning+1","floor":44},{"not_picked":["Go for the Eyes","Genetic Algorithm+1"],"picked":"Coolheaded+1","floor":45},{"not_picked":["Crystallizer+1","Streamline"],"picked":"Core Surge","floor":48},{"not_picked":["Hologram+1","Auto Shields+1"],"picked":"Redo+1","floor":55}],"player_experience":70229,"relics_obtained":[{"floor":1,"key":"LetterFromLob"},{"floor":3,"key":"hubris:CrystalStatue"},{"floor":5,"key":"ReplayTheSpireMod:Ring of Collecting"},{"floor":5,"key":"ReplayTheSpireMod:Ring of Addiction"},{"floor":5,"key":"Potion Belt"},{"floor":5,"key":"Toy Ornithopter"},{"floor":7,"key":"Gremlin Food"},{"floor":9,"key":"Ring of Peace"},{"floor":9,"key":"Juzu Bracelet"},{"floor":11,"key":"Toxic Egg 2"},{"floor":24,"key":"Letter Opener"},{"floor":26,"key":"Ring of Panic"},{"floor":26,"key":"hubris:FunFungus"},{"floor":40,"key":"hubris:PeanutButter"},{"floor":43,"key":"ReplayTheSpireMod:Ring of Exchange"},{"floor":43,"key":"Happy Flower"},{"floor":48,"key":"Simple Rune"},{"floor":55,"key":"War Paint"}],"event_choices":[{"cards_removed":["Strike_B"],"damage_healed":0,"gold_gain":0,"player_choice":"Forget","damage_taken":0,"max_hp_gain":0,"max_hp_loss":0,"event_name":"Living Wall","floor":2,"gold_loss":0},{"damage_healed":7,"gold_gain":0,"player_choice":"Full Heal","damage_taken":0,"max_hp_gain":0,"max_hp_loss":0,"event_name":"Wheel of Change","floor":19,"gold_loss":0},{"cards_removed":["Gash"],"damage_healed":0,"gold_gain":0,"player_choice":"Purged","damage_taken":0,"max_hp_gain":0,"max_hp_loss":0,"event_name":"Purifier","floor":25,"gold_loss":0},{"cards_removed":["Defend_B"],"damage_healed":0,"gold_gain":0,"player_choice":"Removed Skill","damage_taken":0,"max_hp_gain":0,"max_hp_loss":0,"event_name":"Falling","floor":36,"gold_loss":0}],"is_beta":false,"boss_relics":[{"not_picked":["Honey Jar","hubris:HollowSoul"],"picked":"hubris:ScarierMask"},{"not_picked":["Replay:Wanted Poster","Runic Pyramid"],"picked":"hubris:RunicObelisk"}],"items_purged_floors":[8,22,27,47],"is_endless":false,"potions_floor_spawned":[1,12,13,21,23,29,31,39,40,45,48,55],"killed_by":"The Heart","ascension_level":1}}