{"host":"51f0ad793vly1w6u","time":1609900611,"event":{"mods":["BaseMod","Colored Map","DeckTracker","Minty Spire (QoL Compilation)","StSLib","SuperFastMode"],"gold_per_floor":[119,119,119,134,154,180,180,105,105,105,8,28,28,53,53,131,131,141,141,161,161,3,32,50,320,344,353,363,392,392,392,392],"floor_reached":31,"playtime":674,"items_purged":["Strike_R"],"score":562,"play_id":"2057262a-54f5-4e60-9a43-e915c94f9f25","local_time":"20210106113651","is_ascension_mode":true,"campfire_choices":[{"data":"Feed","floor":7.0,"key":"SMITH"},{"data":"Carnage","floor":10.0,"key":"SMITH"},{"data":"Havoc","floor":13.0,"key":"SMITH"},{"data":"Bash","floor":15.0,"key":"SMITH"},{"floor":27.0,"key":"REST"}],"circlet_count":0,"master_deck":["AscendersBane","Strike_R","Strike_R","Defend_R","Defend_R","Defend_R","Defend_R","Bash+1","Cleave","Feed+1","Dropkick","Carnage+1","Feel No Pain","Havoc+1","Corruption","Power Through","Shrug It Off","Evolve","Battle Trance"],"relics":["Burning Blood","Bronze Scales","Kunai","Dead Branch","Anchor","Dream Catcher","Sozu","Nilry\u0027s Codex","The Courier","CeramicFish","StoneCalendar"],"acts_visited":["Exordium","TheCity"],"potions_floor_usage":[31],"damage_taken":[{"damage":6.0,"enemies":"Cultist","floor":1.0,"turns":3.0},{"damage":7.0,"enemies":"Jaw Worm","floor":4.0,"turns":3.0},{"damage":13.0,"enemies":"2 Louse","floor":5.0,"turns":2.0},{"damage":36.0,"enemies":"3 Sentries","floor":6.0,"turns":8.0},{"damage":12.0,"enemies":"Exordium Wildlife","floor":12.0,"turns":3.0},{"damage":32.0,"enemies":"Gremlin Nob","floor":14.0,"turns":4.0},{"damage":18.0,"enemies":"Hexaghost","floor":16.0,"turns":9.0},{"damage":29.0,"enemies":"Chosen","floor":18.0,"turns":3.0},{"damage":7.0,"enemies":"Spheric Guardian","floor":20.0,"turns":5.0},{"damage":10.0,"enemies":"Slavers","floor":23.0,"turns":5.0},{"damage":5.0,"enemies":"Cultist and Chosen","floor":24.0,"turns":5.0},{"damage":3.0,"enemies":"Centurion and Healer","floor":28.0,"turns":3.0},{"damage":19.0,"enemies":"Book of Stabbing","floor":29.0,"turns":3.0},{"damage":26,"enemies":"Gremlin Leader","floor":31,"turns":2}],"seed_played":"-1171063444958525885","potions_obtained":[{"floor":6.0,"key":"FairyPotion"},{"floor":12.0,"key":"BloodPotion"},{"floor":16.0,"key":"Dexterity Potion"}],"is_trial":false,"path_per_floor":["M","T","?","M","M","E","R","?","T","R","$","M","R","E","R","B",null,"M","?","M","?","$","E","M","?","T","R","M","E","?","E"],"character_chosen":"IRONCLAD","items_purchased":["Feel No Pain","Havoc","Evolve"],"campfire_rested":1,"item_purchase_floors":[11,11,22],"current_hp_per_floor":[68,68,68,67,63,36,36,36,36,36,36,30,30,30,30,18,65,42,21,40,40,40,36,37,10,10,35,38,25,25,0,0],"gold":392,"neow_bonus":"RANDOM_COMMON_RELIC","is_daily":false,"chose_seed":false,"campfire_upgraded":4,"win_rate":0.0,"timestamp":1609900611,"path_taken":["M","?","?","M","?","E","R","?","T","R","?","M","R","E","R","BOSS","M","?","M","?","$","E","M","?","T","R","?","E","?","E"],"items_purchased_type":["Card","Card","Card"],"build_version":"2020-12-22","purchased_purges":1,"victory":false,"max_hp_per_floor":[75,75,75,75,78,81,81,81,81,81,81,81,81,81,81,81,81,81,81,85,85,85,85,85,85,85,85,85,85,85,85,85],"card_choices":[{"not_picked":["Flex","Clash"],"picked":"Cleave","floor":1.0},{"not_picked":["Iron Wave","Flex"],"picked":"Feed","floor":4.0},{"not_picked":["Cleave","Evolve"],"picked":"Dropkick","floor":5.0},{"not_picked":["Havoc","Uppercut"],"picked":"Carnage","floor":6.0},{"not_picked":["Armaments","Pommel Strike","Thunderclap"],"picked":"SKIP","floor":12.0},{"not_picked":["Cleave","Rupture","Clash"],"picked":"SKIP","floor":14.0},{"not_picked":["Exhume","Brutality"],"picked":"Corruption","floor":16.0},{"not_picked":["Entrench","Cleave"],"picked":"Power Through","floor":18.0},{"not_picked":["Clothesline","Headbutt"],"picked":"Shrug It Off","floor":20.0},{"not_picked":["Power Through","Twin Strike+1","Iron Wave"],"picked":"SKIP","floor":23.0},{"not_picked":["Cleave","Pummel","Headbutt"],"picked":"SKIP","floor":24.0},{"not_picked":["Thunderclap","Exhume"],"picked":"Battle Trance","floor":27.0},{"not_picked":["Havoc","Uppercut","Pummel"],"picked":"SKIP","floor":28.0},{"not_picked":["Whirlwind","Clothesline","Reckless Charge"],"picked":"SKIP","floor":29.0}],"player_experience":1386773,"relics_obtained":[{"floor":2.0,"key":"Kunai"},{"floor":6.0,"key":"Dead Branch"},{"floor":9.0,"key":"Anchor"},{"floor":14.0,"key":"Dream Catcher"},{"floor":19.0,"key":"Nilry\u0027s Codex"},{"floor":23.0,"key":"The Courier"},{"floor":26.0,"key":"CeramicFish"},{"floor":29.0,"key":"StoneCalendar"}],"event_choices":[{"cards_removed":["Strike_R"],"damage_healed":0.0,"max_hp_gain":0.0,"max_hp_loss":0.0,"gold_gain":0.0,"event_name":"Bonfire Elementals","player_choice":"Offered Basic","floor":3.0,"gold_loss":0.0,"damage_taken":0.0},{"cards_removed":["Strike_R"],"damage_healed":0.0,"max_hp_gain":0.0,"max_hp_loss":0.0,"gold_gain":0.0,"event_name":"The Cleric","player_choice":"Card Removal","floor":8.0,"gold_loss":75.0,"damage_taken":0.0},{"damage_healed":0.0,"max_hp_gain":0.0,"max_hp_loss":0.0,"gold_gain":0.0,"event_name":"Cursed Tome","player_choice":"Obtained Book","floor":19.0,"gold_loss":0.0,"damage_taken":21.0},{"damage_healed":0.0,"max_hp_gain":0.0,"max_hp_loss":0.0,"gold_gain":0.0,"event_name":"Vampires","player_choice":"Ignored","floor":21.0,"gold_loss":0.0,"damage_taken":0.0},{"damage_healed":0.0,"max_hp_gain":0.0,"max_hp_loss":0.0,"gold_gain":270.0,"event_name":"Knowing Skull","player_choice":"GOLD GOLD GOLD ","floor":25.0,"potions_obtained":[],"gold_loss":0.0,"damage_taken":27.0,"cards_obtained":[]},{"damage_healed":0.0,"max_hp_gain":0.0,"max_hp_loss":0.0,"gold_gain":0.0,"event_name":"The Mausoleum","player_choice":"Ignored","floor":30.0,"gold_loss":0.0,"damage_taken":0.0}],"is_beta":false,"boss_relics":[{"not_picked":["Mark of Pain","SlaversCollar"],"picked":"Sozu"}],"items_purged_floors":[22],"is_endless":false,"potions_floor_spawned":[6,12,16,20,24],"killed_by":"Gremlin Leader","ascension_level":20}}