{"host":"5rhdqk7nbnm087ui","time":1609931296,"event":{"mods":["Act Like it!","BaseMod","Downfall","Gensokyo","GungeonMod","HololiveMod","Minty Spire (QoL Compilation)","Replay The Spire","Spicy Shops","StSLib","The Cursed","The Servant 0.9.4","Youmu£®ªÍ∆«—˝√Œ£©","[IsaacMod]“‘»ˆº‚À˛","°æ“≈ŒÔø®≈∆°øREMEMod"],"gold_per_floor":[99,115,130,145,14550,14550,14550,13290,13266,13266,13286,13302,12297,12294,12292,12390,12390,12390,12345,12121,10706,10706,10719,10719,10719,9853,9853,9864,9878,9878,9891,9763,9872,9872,9872,9886,9553,9084,9100,9114,9114,8889,8906,8906,8356,8402,8402,8402,8402,8416,8442,8345,8345,8285,7759,7759,6923],"floor_reached":58,"playtime":4393,"items_purged":["Slimebound:Strike_Slimebound","Slimebound:Strike_Slimebound","Slimebound:Strike_Slimebound","Slimebound:Defend_Slimebound","Slimebound:Defend_Slimebound","Slimebound:Tackle","Slimebound:Defend_Slimebound+1"],"score":1202,"play_id":"a1a8970b-c770-4867-bc8c-3cee0d760aae","local_time":"20210106190816","is_ascension_mode":false,"campfire_choices":[{"data":"sneckomod:Unknown3Cost","floor":1,"key":"SMITH"},{"data":"Slimebound:Split","floor":6,"key":"SMITH"},{"data":"Slimebound:GoopTackle","floor":30,"key":"SMITH"},{"data":"Slimebound:LevelUp","floor":30,"key":"SMITH"},{"floor":35,"key":"RECALL"},{"data":"Slimebound:SelfFormingGoo","floor":42,"key":"SMITH"},{"data":"Slimebound:ComboTackle","floor":42,"key":"SMITH"},{"data":"Slimebound:GoopSpray","floor":49,"key":"SMITH"},{"data":"Slimebound:GoopSpray","floor":49,"key":"SMITH"},{"data":"Slimebound:OneTwoCombo","floor":56,"key":"SMITH"},{"data":"REME_Flogging","floor":56,"key":"SMITH"}],"circlet_count":0,"master_deck":["Slimebound:Split+1","Slimebound:CorrosiveSpit","sneckomod:Unknown3Cost+1","Slimebound:ComboTackle+1","Slimebound:AcidTongue","Slimebound:Schlurp","Slimebound:SplitMire","Slimebound:ViciousTackle","Slimebound:Equalize","Slimebound:SpikyOuterGoop","Slimebound:DouseInSlime","Slimebound:RollThrough","Slimebound:GoopSpray+1","Slimebound:MassRepurpose","Slimebound:SlimeSpikes","Slimebound:SplitMire","Slimebound:OneTwoCombo+1","Slimebound:LevelUp+1","Slimebound:GrowthPunch","Slimebound:GoopSpray+1","Slimebound:SpikyOuterGoop","Slimebound:Overexert","Slimebound:GoopTackle+1","Slimebound:GrowthPunch","expansioncontent:QuickStudy","Slimebound:SplitMire","Slimebound:SplitLeeching","Slimebound:SplitAcid","Slimebound:FlameTackle+1","Slimebound:SelfFormingGoo+1","Slimebound:FirmFortitude","Slimebound:GoopSpray+1","Slimebound:MegaLick+1","Slimebound:LevelUp+1","Slimebound:GoopTackle+1","Slimebound:SplitAcid","Slimebound:Gluttony","REME_Flogging+1"],"relics":["Slimebound:AbsorbEndCombat","REME_ComplimentaryCards","HushsDoor","HowToJump","Vajra","SatanicBible","REME_PuzzleBoxRelic","DemoMod:GlassGuonStoneRelic","Pear","Snack Pack","Regal Pillow","Toy Ornithopter","Orrery","Art of War","REME_OnlineShoppingPlatform","Potion Belt","Bronze Scales","NineVolt","ReplayTheSpireMod:Lightbulb","Medical Kit","Replay:Arrowhead","BookOfRevelations","Slimebound:AggressiveSlimeRelic","Strange Spoon","Simple Rune","REME_HandOfSuture","Matryoshka","BargainBundle","Chemical X","DemoMod:NanoMachines","REME_DuelDisc","SteamSale","Bag of Marbles","DoctorsRemote","Replay:Ringing Soul","BelialBook","Juzu Bracelet","Bottled Tornado","downfall:HeartBlessingRed","downfall:HeartBlessingGreen","downfall:HeartBlessingBlue","DemoMod:Orange","SalivaCoin","DollysMirror","Replay:Bottled Steam","Bottled Lightning","Replay:Bottled Snecko","HornCleat","DemoMod:MonsterBlood","Sling","DemoMod:MeltedRock","Lee\u0027s Waffle"],"acts_visited":["Exordium","TheCity","TheBeyond","TheEnding"],"potions_floor_usage":[9,9,13,13,13,13,13,13,14,15,19,19,19,20,20,20,20,20,20,20,20,20,20,20,20,31,32,32,32,32,32,32,32,52,52,52,52,52,52,52,52,54,54,54,54,54,54,57,57,57,57,57,57,57,57,57,57,57,57,57,57,57,57,57,57,57,57,57,57,57,57,57,57,57,57,57,57,57,57,57,57,57,57,57,57,57,57,57,57,57,57],"damage_taken":[{"damage":5,"enemies":"Small Slimes","floor":2,"turns":4},{"damage":7,"enemies":"Cultist","floor":3,"turns":2},{"damage":9,"enemies":"Jaw Worm","floor":4,"turns":2},{"damage":20,"enemies":"Hiden Room Battle","floor":5,"turns":4},{"damage":16,"enemies":"downfall:FleeingMerchant","floor":8,"turns":4},{"damage":0,"enemies":"Blue Slaver","floor":9,"turns":1},{"damage":8,"enemies":"Lots of Slimes","floor":11,"turns":3},{"damage":16,"enemies":"2 Fungi Beasts","floor":12,"turns":2},{"damage":5,"enemies":"downfall:FleeingMerchant","floor":13,"turns":2},{"damage":12,"enemies":"Exordium Thugs","floor":14,"turns":2},{"damage":8,"enemies":"Red Slaver","floor":15,"turns":2},{"damage":4,"enemies":"downfall:Defect","floor":16,"turns":2},{"damage":6,"enemies":"Chosen","floor":19,"turns":1},{"damage":0,"enemies":"Centurion and Healer","floor":20,"turns":1},{"damage":12,"enemies":"Snake Plant","floor":23,"turns":2},{"damage":4,"enemies":"3 Cultists","floor":28,"turns":2},{"damage":13,"enemies":"Centurion and Healer","floor":29,"turns":2},{"damage":21,"enemies":"Slavers","floor":31,"turns":1},{"damage":0,"enemies":"Snecko","floor":32,"turns":2},{"damage":0,"enemies":"downfall:Ironclad","floor":33,"turns":2},{"damage":4,"enemies":"3 Darklings","floor":36,"turns":1},{"damage":8,"enemies":"Orb Walker","floor":39,"turns":1},{"damage":0,"enemies":"Writhing Mass","floor":40,"turns":1},{"damage":7,"enemies":"Sphere and 2 Shapes","floor":43,"turns":1},{"damage":13,"enemies":"Spire Growth","floor":46,"turns":1},{"damage":0,"enemies":"Writhing Mass","floor":50,"turns":1},{"damage":4,"enemies":"Jaw Worm Horde","floor":51,"turns":1},{"damage":30,"enemies":"downfall:Silent","floor":52,"turns":1},{"damage":17,"enemies":"downfall:CharBossMerchant","floor":54,"turns":2},{"damage":0,"enemies":"Delirium","floor":57,"turns":5}],"seed_played":"2831674149658970036","potions_obtained":[{"floor":5,"key":"Block Potion"}],"is_trial":false,"path_per_floor":["R","M","M","M","?","R","T","$","M","?","M","M","$","M","M","B",null,"R","M","M","$","?","M","T","?","$","?","M","M","R","E","M","B",null,"R","M","?","$","M","M","T","R","M","?","$","M","PTL","PTL","R","M","M","B",null,"E","$","R","B",null],"character_chosen":"SLIMEBOUND","items_purchased":["Snack Pack","Regal Pillow","Toy Ornithopter","Orrery","Art of War","REME_OnlineShoppingPlatform","Slimebound:MassRepurpose","Potion Belt","Bronze Scales","NineVolt","ReplayTheSpireMod:Lightbulb","Medical Kit","Slimebound:LevelUp","Slimebound:GrowthPunch","Replay:Arrowhead","BookOfRevelations","Slimebound:AggressiveSlimeRelic","Strange Spoon","Simple Rune","expansioncontent:QuickStudy","Slimebound:SplitMire","REME_HandOfSuture","Matryoshka","BargainBundle","Chemical X","Slimebound:SplitLeeching","Slimebound:FirmFortitude","SteamSale","Bag of Marbles","DoctorsRemote","Replay:Ringing Soul","BelialBook","DemoMod:Orange","SalivaCoin","DollysMirror","Replay:Bottled Steam","Bottled Lightning","HornCleat","DemoMod:MonsterBlood","Sling","DemoMod:MeltedRock","Lee\u0027s Waffle","Slimebound:Gluttony","REME_Flogging"],"campfire_rested":0,"item_purchase_floors":[8,8,8,8,8,8,8,13,13,13,13,13,13,13,21,21,21,21,21,21,21,26,26,26,26,26,34,38,38,38,38,38,45,45,45,45,45,55,55,55,55,55,55,55],"current_hp_per_floor":[60,60,60,55,51,51,61,69,70,70,70,70,70,70,70,70,70,70,70,70,70,70,70,70,70,70,70,70,70,70,70,70,70,67,67,67,75,75,75,78,78,88,91,91,106,106,106,106,106,109,112,112,112,112,129,129,134],"gold":6923,"neow_bonus":"RANDOM_COMMON_RELIC","is_daily":false,"chose_seed":false,"campfire_upgraded":10,"win_rate":0.0,"timestamp":1609931296,"path_taken":["R","M","M","M","?","R","T","$","M","?","M","?","$","M","M","BOSS","R","M","M","$","?","M","T","?","$","?","?","?","R","E","M","BOSS","R","M","?","$","M","M","T","R","M","?","$","M","PTL","PTL","R","M","M","BOSS","E","$","R","BOSS"],"items_purchased_type":["Relic","Relic","Relic","Relic","Relic","Relic","Card","Relic","Relic","Relic","Relic","Relic","Card","Card","Relic","Relic","Relic","Relic","Relic","Card","Card","Relic","Relic","Relic","Relic","Card","Card","Relic","Relic","Relic","Relic","Relic","Relic","Relic","Relic","Relic","Relic","Relic","Relic","Relic","Relic","Relic","Card","Card"],"build_version":"2020-12-22","purchased_purges":7,"victory":true,"max_hp_per_floor":[60,60,60,60,60,60,70,70,70,70,70,70,70,70,70,70,70,70,70,70,70,70,70,70,70,70,70,70,70,70,70,70,70,67,67,67,75,75,75,78,78,88,91,91,106,106,106,106,106,109,112,112,112,112,129,129,134],"card_choices":[{"not_picked":[],"picked":"Bomb","floor":0},{"not_picked":["Slimebound:LeechEnergy","Slimebound:ViciousTackle"],"picked":"Slimebound:ComboTackle","floor":2},{"not_picked":["Slimebound:OneTwoCombo","Slimebound:DisruptingSlam"],"picked":"Slimebound:AcidTongue","floor":3},{"not_picked":["Slimebound:SlimeTap","Slimebound:ProtectTheBoss"],"picked":"Slimebound:Schlurp","floor":4},{"not_picked":["Bomb","Slimebound:SlimeBrawl"],"picked":"Slimebound:SplitMire","floor":5},{"not_picked":["Bomb","Slimebound:SplitMire"],"picked":"Slimebound:ViciousTackle","floor":8},{"not_picked":["Slimebound:PressTheAttack","Slimebound:LeechEnergy"],"picked":"Slimebound:Equalize","floor":8},{"not_picked":["Slimebound:Chomp","Slimebound:RejuvenatingLick"],"picked":"Slimebound:SpikyOuterGoop","floor":8},{"not_picked":["Slimebound:FinishingTackle","Slimebound:Prepare"],"picked":"Slimebound:DouseInSlime","floor":8},{"not_picked":["Slimebound:ViciousTackle","Slimebound:FinishingTackle"],"picked":"Slimebound:RollThrough","floor":8},{"not_picked":["Slimebound:ViciousTackle","Slimebound:TongueLash"],"picked":"Slimebound:GoopSpray","floor":8},{"not_picked":["Slimebound:ViciousTackle","Slimebound:ComboTackle"],"picked":"Slimebound:SlimeSpikes","floor":9},{"not_picked":["Slimebound:RejuvenatingLick","Slimebound:RollThrough"],"picked":"Slimebound:SplitMire","floor":11},{"not_picked":["Slimebound:SlimeSpikes","Slimebound:SlimeBarrage","Slimebound:LeechEnergy"],"picked":"SKIP","floor":12},{"not_picked":["Slimebound:SamplingLick","Slimebound:SlimeSpikes"],"picked":"Slimebound:OneTwoCombo","floor":13},{"not_picked":["Slimebound:SlimeBrawl","Slimebound:RollThrough"],"picked":"Slimebound:GoopSpray","floor":14},{"not_picked":["Slimebound:SlimeBarrage","Slimebound:RollThrough"],"picked":"Slimebound:SpikyOuterGoop","floor":15},{"not_picked":["Slimebound:MinionMaster","Slimebound:DuplicatedForm"],"picked":"Slimebound:Overexert","floor":16},{"not_picked":["Slimebound:RollThrough","Slimebound:LeechEnergy","Slimebound:SlimeBrawl+1"],"picked":"SKIP","floor":19},{"not_picked":["Slimebound:SlimeSpikes","Slimebound:MassRepurpose"],"picked":"Slimebound:GrowthPunch","floor":20},{"not_picked":["Slimebound:LeechEnergy","Slimebound:GrowthPunch","Slimebound:Equalize"],"picked":"SKIP","floor":23},{"not_picked":["Slimebound:Repurpose","Slimebound:LeechingTouch+1","Slimebound:LeechEnergy"],"picked":"SKIP","floor":28},{"not_picked":["Slimebound:LeechingTouch","Slimebound:Nibble","Slimebound:DuplicatedForm"],"picked":"SKIP","floor":29},{"not_picked":["Slimebound:SamplingLick","Slimebound:FinishingTackle"],"picked":"Slimebound:SplitAcid","floor":31},{"not_picked":["Slimebound:Replication","Slimebound:ViciousTackle"],"picked":"Slimebound:FlameTackle+1","floor":32},{"not_picked":["Slimebound:MassRepurpose","Slimebound:DouseInSlime"],"picked":"Slimebound:SelfFormingGoo","floor":33},{"not_picked":["Slimebound:Grow","Slimebound:Repurpose","Slimebound:SlimeSpikes"],"picked":"SKIP","floor":36},{"not_picked":["Slimebound:GoopSpray","Slimebound:LeechEnergy","Slimebound:Replication+1"],"picked":"SKIP","floor":39},{"not_picked":["Slimebound:RollThrough+1","Slimebound:Schlurp+1"],"picked":"Slimebound:GoopSpray+1","floor":40},{"not_picked":["Slimebound:GoopTackle+1","Slimebound:Grow+1"],"picked":"Slimebound:MegaLick+1","floor":43},{"not_picked":["Slimebound:ViciousTackle+1","Slimebound:RollThrough+1","Slimebound:SlimeSpikes+1"],"picked":"SKIP","floor":46},{"not_picked":["Slimebound:LeadByExample","Slimebound:DouseInSlime"],"picked":"Slimebound:GoopTackle+1","floor":50},{"not_picked":["Slimebound:ItLooksTasty+1","Slimebound:FormOfPuddle+1"],"picked":"Slimebound:SplitAcid","floor":51},{"not_picked":["Slimebound:BestDefense","Slimebound:ViciousTackle","Slimebound:PressTheAttack+1"],"picked":"SKIP","floor":54}],"player_experience":111174,"relics_obtained":[{"floor":5,"key":"SatanicBible"},{"floor":5,"key":"REME_PuzzleBoxRelic"},{"floor":7,"key":"Pear"},{"floor":31,"key":"DemoMod:NanoMachines"},{"floor":41,"key":"Juzu Bracelet"},{"floor":41,"key":"Bottled Tornado"},{"floor":54,"key":"Replay:Bottled Snecko"}],"event_choices":[{"damage_healed":0,"gold_gain":0,"player_choice":"Fight","damage_taken":0,"max_hp_gain":0,"max_hp_loss":0,"event_name":"HidenRoomEvent","floor":5,"gold_loss":0},{"damage_healed":0,"gold_gain":0,"player_choice":"Read","damage_taken":0,"max_hp_gain":0,"max_hp_loss":0,"event_name":"The Library","floor":18,"gold_loss":0,"cards_obtained":["Slimebound:GoopTackle"]}],"is_beta":false,"boss_relics":[{"not_picked":["ReplayTheSpireMod:DimensionalGlitch","Painkiller Herb","REME_DemonsWealth"]},{"not_picked":["ChampionBelt","Fusion Hammer"],"picked":"REME_DuelDisc"},{"not_picked":[]}],"items_purged_floors":[8,8,13,13,21,21,26],"is_endless":false,"potions_floor_spawned":[5,11,14,15,16,20,28,32,33,36,46,50,51],"ascension_level":0}}