{"host":"Ian","time":1609925887,"event":{"mods":["BaseMod","Bestiary","Block Reminder","Colored Map","Highlight Path","Key Reminder","Minty Spire (QoL Compilation)","Relic Stats"],"gold_per_floor":[109,119,33,47,3,37,37,71,71,84,118,118,118,193,193,267,267,246,257,172,66,85,114,114,139,188,188,204,220,220,234,234,305,305,322,322,341,19,35,35,35],"floor_reached":40,"playtime":2247,"items_purged":["Strike_R","Strike_R"],"score":942,"play_id":"6f81a41a-1af1-470d-8677-0933b24b0b18","local_time":"20210106093807","is_ascension_mode":true,"campfire_choices":[{"data":"Uppercut","floor":7.0,"key":"SMITH"},{"data":"Rage","floor":13.0,"key":"SMITH"},{"data":"Wild Strike","floor":15.0,"key":"SMITH"},{"data":"Fire Breathing","floor":24,"key":"SMITH"},{"floor":27,"key":"REST"},{"floor":32,"key":"REST"}],"circlet_count":0,"master_deck":["AscendersBane","Strike_R","Strike_R","Defend_R","Defend_R","Defend_R+1","Defend_R","Bash","Wild Strike+1","Armaments+1","Fire Breathing+1","Flame Barrier","Rage+1","Uppercut+1","Shrug It Off","Offering","Battle Trance","Wild Strike+1","Disarm","Disarm","Corruption","Burning Pact","Shrug It Off"],"relics":["Burning Blood","FossilizedHelix","Smiling Mask","Bottled Lightning","Potion Belt","War Paint","Darkstone Periapt","Runic Dome","Pocketwatch","Turnip","Lizard Tail","Dream Catcher","Black Star","Membership Card","Anchor"],"acts_visited":["Exordium","TheCity","TheBeyond"],"potions_floor_usage":[23,25,33,33,33],"damage_taken":[{"damage":0.0,"enemies":"Cultist","floor":1.0,"turns":4.0},{"damage":0.0,"enemies":"2 Louse","floor":2.0,"turns":2.0},{"damage":2.0,"enemies":"Small Slimes","floor":4.0,"turns":4.0},{"damage":12.0,"enemies":"3 Sentries","floor":6.0,"turns":5.0},{"damage":0.0,"enemies":"Gremlin Nob","floor":8.0,"turns":4.0},{"damage":0.0,"enemies":"3 Louse","floor":10.0,"turns":2.0},{"damage":10.0,"enemies":"3 Sentries","floor":11.0,"turns":6.0},{"damage":24.0,"enemies":"The Guardian","floor":16.0,"turns":12.0},{"damage":0,"enemies":"2 Thieves","floor":18,"turns":4},{"damage":12,"enemies":"Shell Parasite","floor":19,"turns":4},{"damage":6,"enemies":"Centurion and Healer","floor":22,"turns":6},{"damage":35,"enemies":"Book of Stabbing","floor":23,"turns":5},{"damage":30,"enemies":"Slavers","floor":25,"turns":5},{"damage":6,"enemies":"Snecko","floor":28,"turns":5},{"damage":14,"enemies":"Sentry and Sphere","floor":29,"turns":6},{"damage":13,"enemies":"Colosseum Slavers","floor":30,"turns":5},{"damage":6,"enemies":"Snake Plant","floor":31,"turns":5},{"damage":43,"enemies":"Collector","floor":33,"turns":10},{"damage":32,"enemies":"3 Darklings","floor":35,"turns":6},{"damage":0,"enemies":"3 Shapes","floor":37,"turns":4},{"damage":50,"enemies":"Transient","floor":39,"turns":6},{"damage":42,"enemies":"Jaw Worm Horde","floor":40,"turns":4}],"seed_played":"7231123658843634190","potions_obtained":[{"floor":2.0,"key":"Swift Potion"},{"floor":6.0,"key":"Block Potion"},{"floor":8.0,"key":"Explosive Potion"},{"floor":10.0,"key":"DuplicationPotion"},{"floor":19,"key":"Block Potion"},{"floor":25,"key":"SkillPotion"},{"floor":28,"key":"Dexterity Potion"},{"floor":31,"key":"PowerPotion"},{"floor":37,"key":"SteroidPotion"},{"floor":39,"key":"DuplicationPotion"}],"is_trial":false,"path_per_floor":["M","M","$","M","$","E","R","E","T","M","E","?","R","?","R","B",null,"M","M","?","$","M","E","R","E","T","R","M","M","?","M","R","B",null,"M","?","M","$","M","M"],"character_chosen":"IRONCLAD","items_purchased":["Fire Breathing","Rage","BloodPotion","Membership Card","Anchor","PowerPotion"],"campfire_rested":2,"item_purchase_floors":[3,5,21,38,38,38],"current_hp_per_floor":[56,62,62,66,66,60,60,66,66,72,68,57,57,46,46,28,63,69,63,63,63,63,34,34,25,25,47,47,39,32,32,54,17,61,35,35,41,41,37,0,0],"gold":35,"neow_bonus":"ONE_RARE_RELIC","is_daily":false,"chose_seed":false,"campfire_upgraded":4,"win_rate":0.0,"timestamp":1609925887,"path_taken":["M","M","?","M","$","E","R","E","T","?","E","?","R","?","R","BOSS","M","M","?","$","M","E","R","E","T","R","M","M","?","M","R","BOSS","M","?","M","$","M","M"],"items_purchased_type":["Card","Card","Potion","Relic","Relic","Potion"],"build_version":"2020-12-18","purchased_purges":2,"victory":false,"max_hp_per_floor":[75,75,75,75,75,75,75,75,75,75,75,75,75,75,75,75,75,75,75,75,75,75,75,75,75,75,75,75,75,75,75,75,75,75,75,75,75,75,75,75,75],"relic_stats":{"Darkstone Periapt":0,"Lizard Tail":37,"Dream Catcher":2,"counters":[22,114],"Turnip":[14],"Black Star":0,"War Paint":["Armaments","Defend_R"],"Smiling Mask":25,"obtain_stats":[{"Potion Belt":9,"Darkstone Periapt":12,"War Paint":11,"Smiling Mask":6,"Burning Blood":0,"Runic Dome":17,"Lizard Tail":25,"Dream Catcher":26,"Anchor":38,"Turnip":23,"Black Star":34,"Bottled Lightning":8,"Membership Card":38,"FossilizedHelix":0,"Pocketwatch":20},{"Potion Belt":5,"Darkstone Periapt":7,"War Paint":7,"Smiling Mask":4,"Burning Blood":0,"Runic Dome":8,"Lizard Tail":13,"Dream Catcher":13,"Anchor":20,"Turnip":12,"Black Star":18,"Bottled Lightning":5,"Membership Card":20,"FossilizedHelix":0,"Pocketwatch":10},{"Potion Belt":19,"Darkstone Periapt":27,"War Paint":27,"Smiling Mask":15,"Burning Blood":0,"Runic Dome":39,"Lizard Tail":63,"Dream Catcher":63,"Anchor":104,"Turnip":58,"Black Star":94,"Bottled Lightning":19,"Membership Card":104,"FossilizedHelix":0,"Pocketwatch":47}],"Burning Blood":126,"Pocketwatch":[54]},"card_choices":[{"not_picked":["Reckless Charge","Body Slam"],"picked":"Wild Strike","floor":1.0},{"not_picked":["Pommel Strike","Clash"],"picked":"Armaments","floor":2.0},{"not_picked":["Ghostly Armor","Thunderclap"],"picked":"Flame Barrier","floor":4.0},{"not_picked":["Heavy Blade","Seeing Red"],"picked":"Uppercut","floor":6.0},{"not_picked":["Inflame","Flex","Clash"],"picked":"SKIP","floor":8.0},{"not_picked":["Intimidate","Warcry"],"picked":"Shrug It Off","floor":10.0},{"not_picked":["Flame Barrier","Wild Strike","Exhume"],"picked":"SKIP","floor":11.0},{"not_picked":["Bludgeon","Juggernaut"],"picked":"Offering","floor":16.0},{"not_picked":["Twin Strike+1","Shrug It Off"],"picked":"Battle Trance","floor":18},{"not_picked":["Intimidate","Armaments","Flame Barrier"],"picked":"SKIP","floor":19},{"not_picked":["Thunderclap","Infernal Blade"],"picked":"Wild Strike+1","floor":22},{"not_picked":["Thunderclap+1","Headbutt"],"picked":"Disarm","floor":23},{"not_picked":["True Grit","Perfected Strike"],"picked":"Disarm","floor":25},{"not_picked":["Dual Wield","Headbutt","Rampage"],"picked":"SKIP","floor":28},{"not_picked":["Havoc","Armaments+1","Uppercut"],"picked":"SKIP","floor":29},{"not_picked":["Flex","Bludgeon","Anger"],"picked":"SKIP","floor":31},{"not_picked":["Offering","Feed"],"picked":"Corruption","floor":33},{"not_picked":["Spot Weakness","Headbutt+1","Rampage+1"],"picked":"SKIP","floor":35},{"not_picked":["Shrug It Off","Flex"],"picked":"Burning Pact","floor":37},{"not_picked":["Thunderclap","Dropkick+1"],"picked":"Shrug It Off","floor":39}],"player_experience":2633897,"relics_obtained":[{"floor":6.0,"key":"Smiling Mask"},{"floor":8.0,"key":"Bottled Lightning"},{"floor":9.0,"key":"Potion Belt"},{"floor":11.0,"key":"War Paint"},{"floor":23,"key":"Turnip"},{"floor":25,"key":"Lizard Tail"},{"floor":26,"key":"Dream Catcher"}],"event_choices":[{"damage_healed":0.0,"max_hp_gain":0.0,"max_hp_loss":0.0,"gold_gain":0.0,"event_name":"Scrap Ooze","player_choice":"Success","floor":12.0,"gold_loss":0.0,"damage_taken":11.0,"relics_obtained":["Darkstone Periapt"]},{"damage_healed":0.0,"max_hp_gain":0.0,"max_hp_loss":0.0,"gold_gain":75.0,"event_name":"World of Goop","player_choice":"Gather Gold","floor":14.0,"gold_loss":0.0,"damage_taken":11.0},{"damage_healed":0,"gold_gain":0,"player_choice":"Obtained Relic","damage_taken":0,"relics_obtained":["Pocketwatch"],"max_hp_gain":0,"max_hp_loss":0,"event_name":"Addict","floor":20,"gold_loss":85},{"damage_healed":0,"gold_gain":0,"player_choice":"Fight","damage_taken":0,"max_hp_gain":0,"max_hp_loss":0,"event_name":"Colosseum","floor":30,"gold_loss":0},{"damage_healed":0,"gold_gain":0,"player_choice":"Fled From Nobs","damage_taken":0,"max_hp_gain":0,"max_hp_loss":0,"event_name":"Colosseum","floor":30,"gold_loss":0},{"cards_removed":["Strike_R"],"damage_healed":0,"gold_gain":0,"player_choice":"Removed Attack","damage_taken":0,"max_hp_gain":0,"max_hp_loss":0,"event_name":"Falling","floor":36,"gold_loss":0}],"is_beta":true,"boss_relics":[{"not_picked":["Empty Cage","Coffee Dripper"],"picked":"Runic Dome"},{"not_picked":["Snecko Eye","Tiny House"],"picked":"Black Star"}],"items_purged_floors":[21,38],"is_endless":false,"potions_floor_spawned":[2,6,8,10,19,25,28,31,37,39],"killed_by":"Jaw Worm Horde","ascension_level":20}}