{"host":"9tch52zpouts7b2p","time":1609911567,"event":{"mods":["BaseMod","Colored Map","Minty Spire (QoL Compilation)","StSLib","UnlockEverythingMod"],"gold_per_floor":[116,116,128,145,170,170,345,345,345,345,345,371,390,390,390,489,489,502,427,54,54,54,54,84,84,84,99,99,99],"floor_reached":28,"playtime":1136,"items_purged":[],"score":267,"play_id":"35d8959c-64b7-41e5-afe7-773b6cfc4dc7","local_time":"20210106133927","is_ascension_mode":true,"campfire_choices":[{"data":"Ball Lightning","floor":6,"key":"SMITH"},{"data":"Seek","floor":8,"key":"SMITH"},{"floor":10,"key":"REST"},{"floor":15,"key":"REST"},{"data":"Turbo","floor":23,"key":"SMITH"},{"floor":25,"key":"REST"}],"circlet_count":0,"master_deck":["Strike_B","Strike_B","Defend_B","Defend_B","Defend_B","Defend_B","Zap+1","Dualcast+1","Seek+1","Capacitor","Ball Lightning+1","Turbo+1","Doubt","All For One+1","Melter+1","Echo Form","CurseOfTheBell","Self Repair","Reinforced Body","Static Discharge","Hologram"],"relics":["Cracked Core","Orichalcum","Bottled Flame","Molten Egg 2","Calling Bell","Potion Belt","Kunai","Ginger","Emotion Chip","Ornamental Fan","Art of War","InkBottle"],"acts_visited":["Exordium","TheCity"],"potions_floor_usage":[12,12,16,27,27,28],"damage_taken":[{"damage":6,"enemies":"2 Louse","floor":1,"turns":3},{"damage":4,"enemies":"Jaw Worm","floor":3,"turns":3},{"damage":0,"enemies":"Cultist","floor":4,"turns":2},{"damage":6,"enemies":"3 Sentries","floor":12,"turns":6},{"damage":11,"enemies":"Blue Slaver","floor":13,"turns":3},{"damage":49,"enemies":"Hexaghost","floor":16,"turns":9},{"damage":0,"enemies":"Spheric Guardian","floor":18,"turns":3},{"damage":72,"enemies":"Slavers","floor":24,"turns":6},{"damage":21,"enemies":"2 Thieves","floor":27,"turns":3},{"damage":12,"enemies":"Cultist and Chosen","floor":28,"turns":4}],"seed_played":"-4031215825208609110","potions_obtained":[{"floor":1,"key":"SkillPotion"},{"floor":11,"key":"Fire Potion"},{"floor":11,"key":"EssenceOfSteel"},{"floor":13,"key":"LiquidBronze"},{"floor":24,"key":"SkillPotion"},{"floor":27,"key":"Dexterity Potion"}],"is_trial":false,"path_per_floor":["M","?","M","M","T","R","?","R","T","R","?","E","M","?","R","B",null,"M","?","$","?","?","R","E","R","T","M","M"],"character_chosen":"DEFECT","items_purchased":["Emotion Chip","Reinforced Body"],"campfire_rested":3,"item_purchase_floors":[20,20],"current_hp_per_floor":[69,54,50,50,50,50,50,50,50,72,72,66,55,48,70,21,75,75,75,75,75,75,75,3,25,25,11,0,0],"gold":99,"neow_bonus":"ONE_RANDOM_RARE_CARD","is_daily":false,"chose_seed":false,"campfire_upgraded":3,"win_rate":0.0,"timestamp":1609911567,"path_taken":["M","?","M","M","?","R","?","R","T","R","?","E","?","?","R","BOSS","M","?","$","?","?","R","E","R","T","?","M"],"items_purchased_type":["Relic","Card"],"build_version":"2020-12-22","purchased_purges":0,"victory":false,"max_hp_per_floor":[75,75,75,75,75,75,75,75,75,75,75,75,75,75,75,75,75,75,75,75,75,75,75,75,75,75,75,75,75],"card_choices":[{"not_picked":["Sunder","Go for the Eyes"],"picked":"Capacitor","floor":1},{"not_picked":["Leap","Beam Cell"],"picked":"Ball Lightning","floor":3},{"not_picked":["Steam","Undo"],"picked":"Turbo","floor":4},{"not_picked":["Biased Cognition","Rebound+1"],"picked":"All For One+1","floor":12},{"not_picked":["Beam Cell+1","Storm"],"picked":"Melter+1","floor":13},{"not_picked":["Reboot","Buffer"],"picked":"Echo Form","floor":16},{"not_picked":["Compile Driver+1","Conserve Battery"],"picked":"Self Repair","floor":18},{"not_picked":["Rebound+1","Reinforced Body+1"],"picked":"Static Discharge","floor":24},{"not_picked":["Leap","Rip and Tear+1"],"picked":"Hologram","floor":27}],"player_experience":134206,"relics_obtained":[{"floor":5,"key":"Orichalcum"},{"floor":9,"key":"Bottled Flame"},{"floor":12,"key":"Molten Egg 2"},{"floor":17,"key":"Potion Belt"},{"floor":17,"key":"Kunai"},{"floor":17,"key":"Ginger"},{"floor":24,"key":"Art of War"},{"floor":26,"key":"InkBottle"}],"event_choices":[{"damage_healed":0,"gold_gain":0,"player_choice":"Entered Light","damage_taken":15,"max_hp_gain":0,"max_hp_loss":0,"event_name":"Shining Light","floor":2,"gold_loss":0,"cards_upgraded":["Zap","Dualcast"]},{"damage_healed":0,"gold_gain":175,"player_choice":"AGREE","damage_taken":0,"max_hp_gain":0,"max_hp_loss":0,"event_name":"Liars Game","floor":7,"gold_loss":0,"cards_obtained":["Doubt"]},{"damage_healed":0,"gold_gain":0,"player_choice":"Got Potions","damage_taken":0,"max_hp_gain":0,"max_hp_loss":0,"event_name":"Lab","floor":11,"gold_loss":0},{"cards_removed":["Strike_B"],"damage_healed":0,"gold_gain":0,"player_choice":"Card Removal","damage_taken":7,"max_hp_gain":0,"max_hp_loss":0,"event_name":"Golden Wing","floor":14,"gold_loss":0},{"cards_removed":["Strike_B"],"damage_healed":0,"gold_gain":0,"player_choice":"Gave Gold","damage_taken":0,"max_hp_gain":0,"max_hp_loss":0,"event_name":"Beggar","floor":19,"gold_loss":75},{"damage_healed":0,"gold_gain":0,"player_choice":"Opened","damage_taken":0,"relics_obtained":["Ornamental Fan"],"max_hp_gain":0,"max_hp_loss":0,"event_name":"The Mausoleum","floor":21,"gold_loss":0},{"damage_healed":0,"gold_gain":0,"player_choice":"Ignored","damage_taken":0,"max_hp_gain":0,"max_hp_loss":0,"event_name":"Ghosts","floor":22,"gold_loss":0}],"is_beta":false,"boss_relics":[{"not_picked":["SacredBark","Coffee Dripper"],"picked":"Calling Bell"}],"items_purged_floors":[],"is_endless":false,"potions_floor_spawned":[1,13,24,27],"killed_by":"Cultist and Chosen","ascension_level":3}}