{"host":"05vhm55ztg7fyvhd","time":1609953695,"event":{"mods":["BaseMod","Downfall","Googly Eyes","Hubris","Minty Spire (QoL Compilation)","Replay The Spire","Shop Mod","StSLib"],"gold_per_floor":[117,117,129,15,90,123,143,174,201,201,126,126,157,185,185,289,289,307,318,30,30,4,35,35,35],"floor_reached":24,"playtime":1304,"items_purged":["Pain"],"score":276,"play_id":"48804872-ff05-4a81-8b30-d3e62f2bf89d","local_time":"20210106182135","is_ascension_mode":true,"campfire_choices":[{"floor":10,"key":"REST"},{"data":"ReplayGash","floor":12,"key":"SMITH"},{"floor":15,"key":"REST"}],"circlet_count":0,"master_deck":["Strike_B","Strike_B","Strike_B","Strike_B","Defend_B","Defend_B","Defend_B","Defend_B","Zap","Dualcast","Sweeping Beam","Conserve Battery","Gash+1","Gash","Rebound","hubris:DoWhile","ReplayGash+1","Streamline","Turbo","ReplayTheSpireMod:Omega Cannon","Beam Cell+1","Beam Cell","Mayhem","Replay:SS_forest_6","Go for the Eyes","Delirium","Sweeping Beam","ReplaySolidLightProjector"],"relics":["Cracked Core","Replay:Rubber Ducky","WarpedTongs","Nunchaku","Ginger","Replay:Baseball","FossilizedHelix","Odd Mushroom","Painkiller Herb","Ring of Panic","ReplayTheSpireMod:Ring of Challenge","Bag of Preparation"],"acts_visited":["Exordium","TheCity"],"potions_floor_usage":[6,13,23,23,23],"damage_taken":[{"damage":0,"enemies":"2 Louse","floor":1,"turns":3},{"damage":0,"enemies":"Cultist","floor":3,"turns":2},{"damage":9,"enemies":"3 Sentries","floor":6,"turns":8},{"damage":1,"enemies":"Small Slimes","floor":7,"turns":2},{"damage":30,"enemies":"Gremlin Nob","floor":8,"turns":5},{"damage":15,"enemies":"Lagavulin","floor":13,"turns":6},{"damage":22,"enemies":"The Mushroom Lair","floor":14,"turns":4},{"damage":32,"enemies":"Fading Forest","floor":16,"turns":11},{"damage":7,"enemies":"Shell Parasite","floor":18,"turns":2},{"damage":6,"enemies":"Chosen","floor":19,"turns":3},{"damage":28,"enemies":"Book of Stabbing","floor":23,"turns":3},{"damage":58,"enemies":"Snake Plant","floor":24,"turns":5}],"seed_played":"-8711025306072076924","potions_obtained":[{"floor":1,"key":"Venom Potion"},{"floor":8,"key":"Block Potion"},{"floor":16,"key":"AttackPotion"},{"floor":18,"key":"Venom Potion"},{"floor":19,"key":"FearPotion"}],"is_trial":false,"path_per_floor":["M","?","M","$","?","E","M","E","T","R","$","R","E","?","R","B",null,"?","?","T","?","T","E","?"],"character_chosen":"DEFECT","items_purchased":["Gash+1","ReplayGash","Mayhem","Replay:SS_forest_6","Go for the Eyes","Sweeping Beam"],"campfire_rested":2,"item_purchase_floors":[4,11,20,20,20,22],"current_hp_per_floor":[75,75,75,75,64,55,54,24,24,46,46,46,31,9,31,7,75,68,62,62,62,62,42,0,0],"gold":35,"neow_bonus":"RANDOM_COMMON_RELIC","is_daily":false,"chose_seed":false,"campfire_upgraded":1,"win_rate":0.0,"timestamp":1609953695,"path_taken":["M","?","M","?","?","E","M","E","T","R","$","R","E","?","R","BOSS","?","?","T","?","T","E","?"],"items_purchased_type":["Card","Card","Card","Card","Card","Card"],"build_version":"2020-12-22","purchased_purges":1,"victory":false,"max_hp_per_floor":[75,75,75,75,75,75,75,75,75,75,75,75,75,75,75,75,75,75,75,75,75,75,75,75,75],"card_choices":[{"not_picked":["Darkness","Auto Shields"],"picked":"Sweeping Beam","floor":1},{"not_picked":["ReplayTheSpireMod:System Scan","Stack"],"picked":"Conserve Battery","floor":3},{"not_picked":["Melter","Conserve Battery"],"picked":"Gash","floor":6},{"not_picked":["Hologram","Steam Power"],"picked":"Rebound","floor":7},{"not_picked":["Beam Cell","Crystallizer"],"picked":"hubris:DoWhile","floor":8},{"not_picked":["Leap","Conserve Battery"],"picked":"Streamline","floor":13},{"not_picked":["Redo","BootSequence"],"picked":"Turbo","floor":14},{"not_picked":["hubris:SpecializedCircuitry","Core Surge"],"picked":"ReplayTheSpireMod:Omega Cannon","floor":16},{"not_picked":["Lockon+1","BasicCrystalCard"],"picked":"Beam Cell+1","floor":18},{"not_picked":["Turbo","BasicCrystalCard"],"picked":"Beam Cell","floor":19},{"not_picked":["Genetic Algorithm+1","BasicCrystalCard"],"picked":"ReplaySolidLightProjector","floor":23}],"player_experience":444086,"relics_obtained":[{"floor":6,"key":"Nunchaku"},{"floor":8,"key":"Ginger"},{"floor":9,"key":"Replay:Baseball"},{"floor":13,"key":"FossilizedHelix"},{"floor":14,"key":"Odd Mushroom"},{"floor":21,"key":"Ring of Panic"},{"floor":21,"key":"ReplayTheSpireMod:Ring of Challenge"},{"floor":23,"key":"Bag of Preparation"}],"event_choices":[{"damage_healed":0,"gold_gain":0,"player_choice":"Rummage","damage_taken":0,"relics_obtained":["WarpedTongs"],"max_hp_gain":0,"max_hp_loss":0,"event_name":"Accursed Blacksmith","floor":2,"gold_loss":0,"cards_obtained":["Pain"]},{"damage_healed":0,"gold_gain":75,"player_choice":"Gather Gold","damage_taken":11,"max_hp_gain":0,"max_hp_loss":0,"event_name":"World of Goop","floor":5,"gold_loss":0},{"damage_healed":0,"gold_gain":0,"player_choice":"Fought Mushrooms","damage_taken":0,"max_hp_gain":0,"max_hp_loss":0,"event_name":"Mushrooms","floor":14,"gold_loss":0}],"is_beta":false,"boss_relics":[{"not_picked":["Cursed Key","Coffee Dripper"],"picked":"Painkiller Herb"}],"items_purged_floors":[4],"is_endless":false,"potions_floor_spawned":[1,8,16,18,19],"killed_by":"Snake Plant","ascension_level":4}}