{"host":"o5jvvi5yapo90aia","time":1609932256,"event":{"mods":["BaseMod","CapriCore","Minty Spire (QoL Compilation)","MostiFishMod","Prisma Mod","Spicy Shops","StSLib","TestMod","The Immortal","Yakumo Yukari mod","【人物mod】游戏王New YuGiOh mod","【功能Mod】Neow奖励"],"gold_per_floor":[118,168,187,205,205,205,243,259,259,284,301,201,238,255,255,337,337,362,371,400,400,425,461,485,533,533,552,585,600,600,600,600,686,686,711,734,743,743,743,786,826,872,941,941,941,967,988,1031,1031,1052,1090,1090,1090,1090,1133,1166],"floor_reached":57,"playtime":1931,"items_purged":["Doubt","Strike_R","Strike_R+1","Clumsy","Defend_R","Body Slam+1"],"score":4013,"play_id":"c5ce4742-f6be-42ae-a584-e8c9e82e8f18","local_time":"20210106192416","is_ascension_mode":true,"campfire_choices":[{"data":"Strike_R","floor":6,"key":"PURGE"},{"data":"Strike_R","floor":15,"key":"PURGE"},{"data":"Bash","floor":30,"key":"PURGE"},{"data":"Defend_R","floor":32,"key":"PURGE"},{"floor":44,"key":"RECALL"},{"data":"Defend_R+1","floor":49,"key":"PURGE"},{"data":"Battle Trance","floor":53,"key":"PURGE"}],"circlet_count":30,"master_deck":["AscendersBane","Burning Pact+1","Rampage+1","testmod-Reproduce","Entrench+1"],"relics":["DaveBox","testmod-TestBox","Coffee Dripper","DiscerningMonocle","testmod-HarvestTotem","Bronze Scales","Vajra","BirthdayGift-Icosahedron","testmod-ArcanaOfDestiny","Nunchaku","SynthV:C4","Toolbox","Kunai","The Courier","testmod-Prudence","MetatronsCube","Toxic Egg 2","testmod-InjuryResistance","HornCleat","Lantern","Juzu Bracelet","Paper Frog","Strawberry","Orichalcum","testmod-CasingShield","TheAbacus","Regal Pillow","Ancient Tea Set","testmod-LifeArmor","Blue Candle","Singing Bowl","Frozen Egg 2","Dream Catcher","CeramicFish","Shuriken","PreservedInsect","testmod-Antiphasic","testmod-TurbochargingSystem","Meat on the Bone","Blood Vial","Bag of Marbles","Bag of Preparation","testmod-Muramasa","StrikeDummy","Ice Cream","Mummified Hand","Akabeko","Omamori","MealTicket","Turnip","Potion Belt","White Beast Statue","ImprovedEquipment","War Paint","Centennial Puzzle","Pear","Bottled Lightning","testmod-AssaultLearning","Ornamental Fan","testmod-IntensifyImprint","testmod-Acrobat","Eternal Feather","Oddly Smooth Stone","Happy Flower","testmod-IndustrialRevolution","testmod-RealStoneCalender","Whetstone","Art of War","Anchor","Tiny Chest","Unceasing Top","testmod-ConstraintPeriapt","testmod-Justice","Toy Ornithopter","testmod-OneHitWonder","Pen Nib","Red Skull","testmod-ObsoleteBoomerang","Boot","Mercury Hourglass","Gremlin Horn","Matryoshka","Molten Egg 2","Darkstone Periapt","Self Forming Clay","Pantograph","Letter Opener","InkBottle","testmod-FatalChain","Sundial","testmod-Hope","Bottled Flame","testmod-HeartOfStrike","ThornShield","Torii","BionicSphere","Lizard Tail","testmod-Nyarlathotep","Prayer Wheel","Champion Belt","testmod-EqualTreatment","Bottled Tornado","testmod-Maize","Gambling Chip","Pocketwatch","testmod-Fortitude","testmod-CyclicPeriapt","testmod-BouquetWithThorns","Peace Pipe","Charon\u0027s Ashes","Magic Flower","Bird Faced Urn","Shovel","Calipers","Civilization","DaCapo","Thread and Needle","Du-Vu Doll","testmod-Alchemist","FossilizedHelix","testmod-TheFather","Incense Burner","testmod-Brilliant","CaptainsWheel","DianPoetry","testmod-CrystalShield","Mango","CombinedTypeHook","OriginationStaff","SentryEyes","WingedGreaves","ArrowTower","Ginger","StoneCalendar","DianDianMeat","TungstenRod","testmod-Déjàvu","testmod-BlackFramedGlasses","testmod-Laevatain","Circlet","testmod-TimeTraveler","Brimstone","HandDrill","Cauldron","Dodecahedron"],"acts_visited":["Exordium","TheCity","TheBeyond","TheEnding"],"potions_floor_usage":[46,56,56,56,56,56,56,56,56,56,56],"damage_taken":[{"damage":9,"enemies":"2 Louse","floor":1,"turns":3},{"damage":12,"enemies":"Cultist","floor":3,"turns":4},{"damage":10,"enemies":"Small Slimes","floor":4,"turns":4},{"damage":47,"enemies":"Lagavulin","floor":7,"turns":8},{"damage":10,"enemies":"Exordium Wildlife","floor":8,"turns":6},{"damage":15,"enemies":"Large Slime","floor":10,"turns":3},{"damage":22,"enemies":"3 Louse","floor":11,"turns":3},{"damage":0,"enemies":"Gremlin Nob","floor":13,"turns":2},{"damage":0,"enemies":"2 Fungi Beasts","floor":14,"turns":2},{"damage":0,"enemies":"The Guardian","floor":16,"turns":8},{"damage":8,"enemies":"Shell Parasite","floor":18,"turns":3},{"damage":0,"enemies":"3 Byrds","floor":20,"turns":1},{"damage":0,"enemies":"Sentry and Sphere","floor":22,"turns":1},{"damage":0,"enemies":"Gremlin Leader","floor":23,"turns":1},{"damage":0,"enemies":"Centurion and Healer","floor":24,"turns":1},{"damage":0,"enemies":"Book of Stabbing","floor":25,"turns":1},{"damage":0,"enemies":"Shelled Parasite and Fungi","floor":27,"turns":1},{"damage":0,"enemies":"Gremlin Leader","floor":28,"turns":1},{"damage":0,"enemies":"Chosen and Byrds","floor":29,"turns":1},{"damage":0,"enemies":"Champ","floor":33,"turns":1},{"damage":0,"enemies":"3 Darklings","floor":35,"turns":1},{"damage":0,"enemies":"3 Shapes","floor":36,"turns":1},{"damage":0,"enemies":"Giant Head","floor":40,"turns":1},{"damage":0,"enemies":"Reptomancer","floor":41,"turns":1},{"damage":0,"enemies":"Giant Head","floor":42,"turns":1},{"damage":0,"enemies":"Maw","floor":46,"turns":1},{"damage":0,"enemies":"Writhing Mass","floor":47,"turns":1},{"damage":0,"enemies":"Reptomancer","floor":48,"turns":1},{"damage":0,"enemies":"Donu and Deca","floor":50,"turns":1},{"damage":0,"enemies":"Awakened One","floor":51,"turns":2},{"damage":0,"enemies":"Shield and Spear","floor":55,"turns":1},{"damage":0,"enemies":"The Heart","floor":56,"turns":3}],"seed_played":"423578032876662553","potions_obtained":[{"floor":1,"key":"Strength Potion"},{"floor":7,"key":"Fire Potion"},{"floor":22,"key":"testmod-TestPotion"},{"floor":23,"key":"testmod-SpacePotion"},{"floor":24,"key":"Swift Potion"},{"floor":25,"key":"Regen Potion"},{"floor":28,"key":"GamblersBrew"},{"floor":29,"key":"FairyPotion"},{"floor":33,"key":"Explosive Potion"},{"floor":35,"key":"LiquidBronze"},{"floor":36,"key":"Dexterity Potion"},{"floor":40,"key":"Block Potion"},{"floor":41,"key":"SpeedPotion"},{"floor":42,"key":"LiquidBronze"},{"floor":45,"key":"DuplicationPotion"},{"floor":46,"key":"BlessingOfTheForge"},{"floor":47,"key":"SteroidPotion"},{"floor":48,"key":"Weak Potion"},{"floor":55,"key":"FearPotion"}],"is_trial":false,"path_per_floor":["M","?","M","M","?","R","E","M","T","M","M","$","E","M","R","B",null,"M","$","M","?","M","E","M","E","T","M","E","M","R","?","R","B",null,"M","M","$","?","T","E","E","E","T","R","$","M","M","E","R","B","B",null,"R","$","E","B",null],"character_chosen":"IRONCLAD","items_purchased":["BirthdayGift-Icosahedron","testmod-ArcanaOfDestiny","Nunchaku","SynthV:C4","Toolbox","Kunai","testmod-Reproduce","MetatronsCube","Toxic Egg 2","testmod-InjuryResistance","HornCleat","Lantern","Juzu Bracelet","Paper Frog","Strawberry","Orichalcum","testmod-CasingShield","TheAbacus","Regal Pillow","Ancient Tea Set","testmod-LifeArmor","Blue Candle","Singing Bowl","Frozen Egg 2","Dream Catcher","CeramicFish","Shuriken","PreservedInsect","testmod-Antiphasic","testmod-TurbochargingSystem","Meat on the Bone","Blood Vial","Bag of Marbles","Bag of Preparation","testmod-Muramasa","StrikeDummy","Ice Cream","Mummified Hand","Akabeko","Omamori","MealTicket","Turnip","Potion Belt","White Beast Statue","ImprovedEquipment","War Paint","Centennial Puzzle","Pear","Bottled Lightning","testmod-AssaultLearning","Ornamental Fan","testmod-IntensifyImprint","testmod-Acrobat","Eternal Feather","Oddly Smooth Stone","Happy Flower","testmod-IndustrialRevolution","testmod-RealStoneCalender","Whetstone","Art of War","Anchor","Tiny Chest","Unceasing Top","testmod-ConstraintPeriapt","testmod-Justice","Toy Ornithopter","testmod-OneHitWonder","Pen Nib","Red Skull","testmod-ObsoleteBoomerang","Boot","Mercury Hourglass","Gremlin Horn","Matryoshka","Molten Egg 2","Darkstone Periapt","Self Forming Clay","Pantograph","Letter Opener","InkBottle","testmod-FatalChain","Sundial","testmod-Hope","Bottled Flame","testmod-HeartOfStrike","ThornShield","Torii","BionicSphere","Lizard Tail","testmod-Nyarlathotep","Prayer Wheel","Champion Belt","testmod-EqualTreatment","Bottled Tornado","testmod-Maize","Gambling Chip","Pocketwatch","testmod-Fortitude","testmod-CyclicPeriapt","testmod-BouquetWithThorns","Peace Pipe","Charon\u0027s Ashes","Magic Flower","Bird Faced Urn","Shovel","Calipers","Civilization","DaCapo","Thread and Needle","Du-Vu Doll","testmod-Alchemist","FossilizedHelix","testmod-TheFather","Incense Burner","testmod-Brilliant","CaptainsWheel","DianPoetry","testmod-CrystalShield","Mango","CombinedTypeHook","OriginationStaff","SentryEyes","WingedGreaves","ArrowTower","Ginger","StoneCalendar","DianDianMeat","TungstenRod","testmod-Déjàvu","testmod-BlackFramedGlasses","testmod-Laevatain","BloodPotion","ColorlessPotion","LiquidMemories","Circlet","Brimstone","Circlet","Circlet","Circlet","Circlet","Circlet","Circlet","Circlet","Circlet","Circlet","Circlet","Circlet","Circlet","Circlet","Circlet","Circlet","Circlet","Circlet","HandDrill","Cauldron","Dodecahedron"],"campfire_rested":0,"item_purchase_floors":[12,12,12,12,12,12,12,19,19,19,19,19,19,19,19,19,19,19,19,19,19,19,19,19,19,19,19,19,19,19,19,19,19,19,19,19,19,19,19,19,19,19,19,19,19,19,19,19,19,19,19,19,19,19,19,19,19,19,19,19,19,19,19,19,19,19,19,19,19,19,19,19,19,19,19,19,19,19,19,19,19,19,19,19,19,19,19,19,19,19,19,19,19,19,19,19,19,19,19,19,19,19,19,19,19,19,19,19,19,19,19,19,19,19,19,19,19,19,19,19,19,19,19,19,19,19,19,19,19,19,19,19,19,19,37,37,37,37,37,37,37,37,37,37,37,37,37,37,37,37,37,37,37,45,45,54],"current_hp_per_floor":[134,134,126,120,120,120,73,63,63,48,26,26,28,30,30,36,150,144,226,240,240,258,278,306,334,334,368,404,448,448,448,448,490,490,548,612,632,632,632,694,762,832,832,832,832,908,986,1066,1066,1146,1248,1248,1248,1248,1358,1466],"gold":1166,"neow_bonus":"BOSS_RELIC","is_daily":false,"chose_seed":false,"campfire_upgraded":0,"win_rate":0.0,"timestamp":1609932256,"path_taken":["M","?","?","M","?","R","E","M","T","M","M","$","E","M","R","BOSS","M","$","M","?","M","E","M","E","T","M","E","M","R","?","R","BOSS","M","M","$","?","?","E","E","E","T","R","$","M","M","E","R","BOSS","BOSS","R","$","E","BOSS"],"items_purchased_type":["Relic","Relic","Relic","Relic","Relic","Relic","Card","Relic","Relic","Relic","Relic","Relic","Relic","Relic","Relic","Relic","Relic","Relic","Relic","Relic","Relic","Relic","Relic","Relic","Relic","Relic","Relic","Relic","Relic","Relic","Relic","Relic","Relic","Relic","Relic","Relic","Relic","Relic","Relic","Relic","Relic","Relic","Relic","Relic","Relic","Relic","Relic","Relic","Relic","Relic","Relic","Relic","Relic","Relic","Relic","Relic","Relic","Relic","Relic","Relic","Relic","Relic","Relic","Relic","Relic","Relic","Relic","Relic","Relic","Relic","Relic","Relic","Relic","Relic","Relic","Relic","Relic","Relic","Relic","Relic","Relic","Relic","Relic","Relic","Relic","Relic","Relic","Relic","Relic","Relic","Relic","Relic","Relic","Relic","Relic","Relic","Relic","Relic","Relic","Relic","Relic","Relic","Relic","Relic","Relic","Relic","Relic","Relic","Relic","Relic","Relic","Relic","Relic","Relic","Relic","Relic","Relic","Relic","Relic","Relic","Relic","Relic","Relic","Relic","Relic","Relic","Relic","Relic","Relic","Relic","Relic","Potion","Potion","Potion","Undefined","Relic","Undefined","Undefined","Undefined","Undefined","Undefined","Undefined","Undefined","Undefined","Undefined","Undefined","Undefined","Undefined","Undefined","Undefined","Undefined","Undefined","Undefined","Relic","Relic","Relic"],"build_version":"2020-12-22","purchased_purges":6,"victory":true,"max_hp_per_floor":[150,150,150,150,150,150,150,150,150,150,150,150,150,150,150,150,150,150,226,240,240,258,278,306,334,334,368,404,448,448,448,448,490,490,548,612,632,632,632,694,762,832,832,832,832,908,986,1066,1066,1146,1248,1248,1248,1248,1358,1466],"card_choices":[{"not_picked":["Cleave","True Grit"],"picked":"Burning Pact","floor":1},{"not_picked":["Clash","Flex","Warcry"],"picked":"SKIP","floor":3},{"not_picked":["Clash","Thunderclap","Wild Strike"],"picked":"SKIP","floor":4},{"not_picked":["Battle Trance","Armaments","Cleave"],"picked":"SKIP","floor":7},{"not_picked":["Armaments","Cleave"],"picked":"Battle Trance","floor":7},{"not_picked":["Shrug It Off","Havoc","MostiFishMod:UltimateDefense"],"picked":"SKIP","floor":8},{"not_picked":["Sever Soul","Twin Strike","Inflame"],"picked":"SKIP","floor":10},{"not_picked":["Reckless Charge","Iron Wave","Wild Strike"],"picked":"SKIP","floor":11},{"not_picked":["Spot Weakness","Headbutt","Evolve"],"picked":"SKIP","floor":13},{"not_picked":["Spot Weakness","Headbutt","Evolve"],"picked":"SKIP","floor":13},{"not_picked":["Flame Barrier","Twin Strike","Rage"],"picked":"SKIP","floor":14},{"not_picked":["Sword Boomerang","Flex","Twin Strike+1"],"picked":"SKIP","floor":18},{"not_picked":["Combust+1","Battle Trance+1"],"picked":"Body Slam+1","floor":20},{"not_picked":["Anger+1","Armaments+1","Body Slam+1"],"picked":"Singing Bowl","floor":20},{"not_picked":["Thunderclap+1","MostiFishMod:BrandingRite+1","Havoc+1"],"picked":"Singing Bowl","floor":22},{"not_picked":["Iron Wave+1","Offering+1","Dark Embrace+1"],"picked":"Singing Bowl","floor":22},{"not_picked":["Armaments+1","Searing Blow+1","Anger+1"],"picked":"Singing Bowl","floor":23},{"not_picked":["Iron Wave+1","Flex+1","Twin Strike+1"],"picked":"Singing Bowl","floor":24},{"not_picked":["Armaments+1","True Grit+1","Rampage+1"],"picked":"Singing Bowl","floor":24},{"not_picked":["Battle Trance+1","Shockwave+1"],"picked":"Entrench+1","floor":25},{"not_picked":["Heavy Blade+1","Perfected Strike+1","Armaments+1"],"picked":"Singing Bowl","floor":27},{"not_picked":["Clash+1","Armaments+1","Double Tap+1"],"picked":"Singing Bowl","floor":27},{"not_picked":["Battle Trance+1","Body Slam+1","Sword Boomerang+1"],"picked":"Singing Bowl","floor":28},{"not_picked":["Shrug It Off+1","Wild Strike+1","Clothesline+1"],"picked":"Singing Bowl","floor":29},{"not_picked":["Havoc+1","Thunderclap+1","Shrug It Off+1"],"picked":"Singing Bowl","floor":29},{"not_picked":["Fiend Fire+1","MostiFishMod:DarkDeal+1","MostiFishMod:RainCloud+1"],"picked":"Singing Bowl","floor":33},{"not_picked":["Pommel Strike+1","Rage+1","Sever Soul+1"],"picked":"Singing Bowl","floor":35},{"not_picked":["Dark Embrace+1","Clothesline+1","Rampage+1"],"picked":"Singing Bowl","floor":35},{"not_picked":["True Grit+1","Intimidate+1","Sword Boomerang+1"],"picked":"Singing Bowl","floor":36},{"not_picked":["Clothesline+1","Shrug It Off+1","Iron Wave+1"],"picked":"Singing Bowl","floor":36},{"not_picked":["Entrench+1","MostiFishMod:#F4004+1","Havoc+1"],"picked":"Singing Bowl","floor":40},{"not_picked":["Warcry+1","Battle Trance+1","Rupture+1"],"picked":"Singing Bowl","floor":41},{"not_picked":["MostiFishMod:FlyOverUtopia+1","Shrug It Off+1","Power Through+1"],"picked":"Singing Bowl","floor":42},{"not_picked":["Wild Strike+1","Armaments+1","Sword Boomerang+1"],"picked":"Singing Bowl","floor":46},{"not_picked":["Flex+1","Anger+1","Armaments+1"],"picked":"Singing Bowl","floor":46},{"not_picked":["Heavy Blade+1","Twin Strike+1","MostiFishMod:CullingBlade+1"],"picked":"Singing Bowl","floor":47},{"not_picked":["Headbutt+1","Warcry+1","Body Slam+1"],"picked":"Singing Bowl","floor":47},{"not_picked":["Blood for Blood+1","Clothesline+1","Armaments+1"],"picked":"Singing Bowl","floor":48},{"not_picked":["Clash+1","Metallicize+1","Barricade+1"],"picked":"Singing Bowl","floor":55}],"player_experience":1383782,"relics_obtained":[{"floor":7,"key":"Bronze Scales"},{"floor":9,"key":"Vajra"},{"floor":13,"key":"The Courier"},{"floor":23,"key":"Circlet"},{"floor":25,"key":"Circlet"},{"floor":26,"key":"Circlet"},{"floor":28,"key":"Circlet"},{"floor":39,"key":"Circlet"},{"floor":39,"key":"Circlet"},{"floor":40,"key":"Circlet"},{"floor":41,"key":"Circlet"},{"floor":42,"key":"Circlet"},{"floor":43,"key":"Circlet"},{"floor":48,"key":"Circlet"},{"floor":55,"key":"Circlet"}],"event_choices":[{"damage_healed":0,"gold_gain":50,"player_choice":"Pray","damage_taken":0,"max_hp_gain":0,"max_hp_loss":0,"event_name":"Golden Shrine","floor":2,"gold_loss":0},{"damage_healed":0,"gold_gain":0,"cards_transformed":["Strike_R"],"player_choice":"Transformed","damage_taken":0,"max_hp_gain":0,"max_hp_loss":0,"event_name":"Transmorgrifier","floor":5,"gold_loss":0,"cards_obtained":["Rampage"]},{"cards_removed":["Writhe"],"damage_healed":0,"gold_gain":0,"player_choice":"Removed Curses","damage_taken":0,"max_hp_gain":0,"max_hp_loss":0,"event_name":"Fountain of Cleansing","floor":21,"gold_loss":0},{"cards_removed":["Defend_R"],"damage_healed":0,"gold_gain":0,"player_choice":"Purged","damage_taken":0,"max_hp_gain":0,"max_hp_loss":0,"event_name":"Purifier","floor":31,"gold_loss":0},{"damage_healed":0,"gold_gain":0,"player_choice":"0 cards matched","damage_taken":0,"max_hp_gain":0,"max_hp_loss":0,"event_name":"Match and Keep!","floor":38,"gold_loss":0,"cards_obtained":[]}],"is_beta":false,"boss_relics":[{"not_picked":["Velvet Choker","TimeKeys"],"picked":"testmod-Prudence"},{"not_picked":["Sozu","testmod-BatchProcessingSystem"],"picked":"testmod-TimeTraveler"}],"items_purged_floors":[12,12,19,37,45,54],"is_endless":false,"potions_floor_spawned":[1,7,11,13,14,20,22,23,24,25,27,28,29,33,35,36,40,41,42,46,47,48,55],"ascension_level":20}}