{"host":"a5lz0e76zb3fcwkm","time":1609899551,"event":{"mods":["AchievementEnabler","BaseMod","Colored Map","Colored Powertips","Minty Spire (QoL Compilation)","StSLib","SuperFastMode"],"gold_per_floor":[109,119,119,132,149,149,183,183,229,256,256,286,119,134,134,209,209,224,238,238,249,149,184,202,202,225,225,260,280,294,329,329,403,403,417,367,367,377,95,95,110,143,143,173,186,204,234,234,234,234,234,234,234,19,48,48],"floor_reached":57,"playtime":3130,"items_purged":["Strike_R","Bash","Hemokinesis+1"],"score":3169,"play_id":"e1e23cab-a0f3-40e8-bb15-c6c8ae740b26","local_time":"20210106111911","is_ascension_mode":true,"campfire_choices":[{"data":"Immolate","floor":6.0,"key":"SMITH"},{"data":"Blood for Blood","floor":8.0,"key":"SMITH"},{"data":"Hemokinesis","floor":11.0,"key":"SMITH"},{"floor":15.0,"key":"RECALL"},{"data":"Feed","floor":25.0,"key":"SMITH"},{"data":"Feel No Pain","floor":27.0,"key":"SMITH"},{"data":"Evolve","floor":32.0,"key":"SMITH"},{"floor":40.0,"key":"REST"},{"floor":49,"key":"REST"},{"floor":53,"key":"REST"}],"circlet_count":0,"master_deck":["AscendersBane","Immolate+1","Blood for Blood+1","Thunderclap+1","Shockwave+1","Ghostly Armor+1","Second Wind+1","Warcry+1","Offering+1","Ghostly Armor+1","Entrench+1","Feed+1","Dual Wield+1","Exhume+1","Cleave+1","Battle Trance+1","Feel No Pain+1","Shrug It Off+1","Battle Trance+1","Evolve+1","Power Through+1","Barricade","Bloodletting+1","Body Slam","Impervious+1","Evolve+1","Entrench+1"],"relics":["Burning Blood","FaceOfCleric","Toxic Egg 2","Strawberry","Bronze Scales","StrikeDummy","Pandora\u0027s Box","Eternal Feather","Oddly Smooth Stone","Paper Frog","MealTicket","Fusion Hammer","Mummified Hand","Self Forming Clay","Red Skull","Frozen Egg 2","Mercury Hourglass"],"acts_visited":["Exordium","TheCity","TheBeyond","TheEnding"],"potions_floor_usage":[56,56],"damage_taken":[{"damage":9.0,"enemies":"Jaw Worm","floor":1.0,"turns":3.0},{"damage":1.0,"enemies":"Cultist","floor":2.0,"turns":3.0},{"damage":0.0,"enemies":"2 Louse","floor":4.0,"turns":1.0},{"damage":24.0,"enemies":"Lots of Slimes","floor":5.0,"turns":3.0},{"damage":8.0,"enemies":"Gremlin Nob","floor":7.0,"turns":3.0},{"damage":0.0,"enemies":"3 Sentries","floor":10.0,"turns":1.0},{"damage":12.0,"enemies":"Lagavulin","floor":12.0,"turns":5.0},{"damage":1.0,"enemies":"Exordium Thugs","floor":14.0,"turns":3.0},{"damage":17.0,"enemies":"The Guardian","floor":16.0,"turns":8.0},{"damage":13.0,"enemies":"Shell Parasite","floor":18.0,"turns":3.0},{"damage":13.0,"enemies":"2 Thieves","floor":19.0,"turns":3.0},{"damage":12.0,"enemies":"Centurion and Healer","floor":21.0,"turns":2.0},{"damage":16.0,"enemies":"Gremlin Leader","floor":23.0,"turns":5.0},{"damage":8.0,"enemies":"Snecko","floor":24.0,"turns":5.0},{"damage":28.0,"enemies":"Book of Stabbing","floor":28.0,"turns":4.0},{"damage":6.0,"enemies":"Cultist and Chosen","floor":29.0,"turns":5.0},{"damage":6.0,"enemies":"Centurion and Healer","floor":30.0,"turns":4.0},{"damage":7.0,"enemies":"Slavers","floor":31.0,"turns":2.0},{"damage":27.0,"enemies":"Automaton","floor":33.0,"turns":7.0},{"damage":6.0,"enemies":"3 Darklings","floor":35.0,"turns":1.0},{"damage":6.0,"enemies":"3 Shapes","floor":38.0,"turns":1.0},{"damage":11.0,"enemies":"Maw","floor":41.0,"turns":7.0},{"damage":20.0,"enemies":"Reptomancer","floor":42.0,"turns":4.0},{"damage":6.0,"enemies":"Nemesis","floor":44.0,"turns":8.0},{"damage":6.0,"enemies":"Spire Growth","floor":45.0,"turns":5.0},{"damage":6.0,"enemies":"Writhing Mass","floor":46.0,"turns":8.0},{"damage":0.0,"enemies":"Giant Head","floor":47.0,"turns":19.0},{"damage":50,"enemies":"Time Eater","floor":50,"turns":14},{"damage":6,"enemies":"Awakened One","floor":51,"turns":19},{"damage":6,"enemies":"Shield and Spear","floor":55,"turns":9},{"damage":37,"enemies":"The Heart","floor":56,"turns":10}],"seed_played":"279203066524310688","potions_obtained":[{"floor":5.0,"key":"SteroidPotion"},{"floor":7.0,"key":"LiquidMemories"},{"floor":12.0,"key":"SteroidPotion"},{"floor":14.0,"key":"Block Potion"},{"floor":23.0,"key":"LiquidMemories"},{"floor":42.0,"key":"Regen Potion"}],"is_trial":false,"path_per_floor":["M","M","?","M","M","R","E","R","T","E","R","E","$","M","R","B",null,"M","M","?","M","$","E","M","R","T","R","E","M","M","E","R","B",null,"M","?","$","M","$","R","M","E","T","E","M","M","E","?","R","B","B",null,"R","$","E","B",null],"character_chosen":"IRONCLAD","items_purchased":["Second Wind+1","Warcry+1","Mummified Hand","Evolve+1"],"campfire_rested":3,"item_purchase_floors":[13,13,39,54],"current_hp_per_floor":[65,68,68,69,52,52,51,51,58,65,65,60,60,66,66,56,76,70,67,67,65,65,59,58,70,70,82,61,66,71,75,87,71,106,107,107,118,123,123,123,123,114,114,119,124,129,140,140,153,114,119,152,163,163,168,153],"gold":48,"neow_bonus":"THREE_RARE_CARDS","is_daily":false,"chose_seed":false,"campfire_upgraded":6,"win_rate":0.0,"timestamp":1609899551,"path_taken":["M","M","?","M","M","R","E","R","T","E","R","E","?","M","R","BOSS","M","M","?","?","$","E","M","R","T","R","E","M","M","E","R","BOSS","M","?","$","M","$","R","?","E","T","E","M","M","E","?","R","BOSS","BOSS","R","$","E","BOSS"],"items_purchased_type":["Card","Card","Relic","Card"],"build_version":"2020-12-22","purchased_purges":3,"victory":true,"max_hp_per_floor":[68,68,68,69,70,70,71,71,78,79,79,80,80,81,81,82,82,83,87,87,91,91,95,96,96,96,96,97,102,107,112,112,117,117,118,118,118,123,123,123,128,133,133,138,143,148,153,153,153,158,163,163,163,163,168,169],"card_choices":[{"not_picked":["Feed","Fiend Fire"],"picked":"Immolate","floor":0.0},{"not_picked":["Perfected Strike","Body Slam"],"picked":"Blood for Blood","floor":1.0},{"not_picked":["Clash","True Grit","Flex"],"picked":"SKIP","floor":2.0},{"not_picked":["Havoc","Armaments"],"picked":"Thunderclap","floor":4.0},{"not_picked":["Twin Strike","Reckless Charge","Thunderclap"],"picked":"SKIP","floor":5.0},{"not_picked":["Clash","Havoc+1"],"picked":"Hemokinesis","floor":7.0},{"not_picked":["Thunderclap","Uppercut"],"picked":"Shockwave+1","floor":10.0},{"not_picked":["Clothesline","Feel No Pain"],"picked":"Ghostly Armor+1","floor":12.0},{"not_picked":["Flex+1","Second Wind+1","Thunderclap"],"picked":"SKIP","floor":14.0},{"not_picked":["Double Tap+1","Reaper"],"picked":"Offering+1","floor":16.0},{"not_picked":["Metallicize","Headbutt"],"picked":"Feel No Pain","floor":18.0},{"not_picked":["Uppercut","Flex+1"],"picked":"Shrug It Off+1","floor":19.0},{"not_picked":["Pommel Strike","Dark Embrace"],"picked":"Battle Trance+1","floor":21.0},{"not_picked":["Second Wind+1","Dark Embrace","Feel No Pain+1"],"picked":"SKIP","floor":23.0},{"not_picked":["Pommel Strike+1","Twin Strike","Ghostly Armor+1"],"picked":"SKIP","floor":24.0},{"not_picked":["Pommel Strike","Dual Wield+1"],"picked":"Evolve","floor":28.0},{"not_picked":["True Grit+1","Flex+1","Pummel+1"],"picked":"SKIP","floor":29.0},{"not_picked":["Dark Embrace","Evolve"],"picked":"Power Through+1","floor":30.0},{"not_picked":["True Grit+1","Exhume+1","Searing Blow"],"picked":"SKIP","floor":31.0},{"not_picked":["Juggernaut","Fiend Fire"],"picked":"Barricade","floor":33.0},{"not_picked":["Clash","Heavy Blade"],"picked":"Bloodletting+1","floor":35.0},{"not_picked":["Fire Breathing","Clothesline+1","Armaments+1"],"picked":"SKIP","floor":38.0},{"not_picked":["Inflame","Sever Soul","Flex+1"],"picked":"SKIP","floor":41.0},{"not_picked":["Disarm+1","Heavy Blade"],"picked":"Body Slam","floor":42.0},{"not_picked":["Armaments+1","Ghostly Armor+1","Perfected Strike"],"picked":"SKIP","floor":44.0},{"not_picked":["Wild Strike","Sword Boomerang","Corruption"],"picked":"SKIP","floor":45.0},{"not_picked":["Sword Boomerang","Havoc+1","Anger"],"picked":"SKIP","floor":46.0},{"not_picked":["Havoc+1","Dropkick","Perfected Strike"],"picked":"SKIP","floor":47.0},{"not_picked":["Body Slam","Inflame+1"],"picked":"Entrench+1","floor":55}],"player_experience":1675665,"relics_obtained":[{"floor":7.0,"key":"Toxic Egg 2"},{"floor":9.0,"key":"Strawberry"},{"floor":10.0,"key":"Bronze Scales"},{"floor":12.0,"key":"StrikeDummy"},{"floor":23.0,"key":"Eternal Feather"},{"floor":26.0,"key":"Oddly Smooth Stone"},{"floor":28.0,"key":"Paper Frog"},{"floor":31.0,"key":"MealTicket"},{"floor":42.0,"key":"Self Forming Clay"},{"floor":44.0,"key":"Red Skull"},{"floor":47.0,"key":"Frozen Egg 2"},{"floor":55,"key":"Mercury Hourglass"}],"event_choices":[{"damage_healed":0.0,"max_hp_gain":0.0,"max_hp_loss":0.0,"gold_gain":0.0,"event_name":"FaceTrader","player_choice":"Trade","floor":3.0,"gold_loss":0.0,"damage_taken":0.0,"relics_obtained":["FaceOfCleric"]},{"cards_removed":["Juggernaut"],"damage_healed":0.0,"max_hp_gain":0.0,"max_hp_loss":0.0,"gold_gain":0.0,"event_name":"Purifier","player_choice":"Purged","floor":20.0,"gold_loss":0.0,"damage_taken":0.0},{"damage_healed":0.0,"max_hp_gain":0.0,"max_hp_loss":0.0,"gold_gain":0.0,"event_name":"Designer","player_choice":"Upgraded Two","floor":36.0,"gold_loss":50.0,"damage_taken":0.0,"cards_upgraded":["Thunderclap","Cleave"]},{"damage_healed":0,"gold_gain":0,"player_choice":"1 cards matched","damage_taken":0,"max_hp_gain":0,"max_hp_loss":0,"event_name":"Match and Keep!","floor":48,"gold_loss":0,"cards_obtained":["Impervious"]}],"is_beta":false,"boss_relics":[{"not_picked":["Sozu","Busted Crown"],"picked":"Pandora\u0027s Box"},{"not_picked":["Philosopher\u0027s Stone","SlaversCollar"],"picked":"Fusion Hammer"}],"items_purged_floors":[13,22,54],"is_endless":false,"potions_floor_spawned":[5,7,12,14,19,23,24,28,30,38,41,42,44],"ascension_level":20}}