{"host":"qihv10mixs26xc23","time":1609956354,"event":{"mods":["AchievementEnabler","BaseMod","BetterRewards","Downfall","Googly Eyes","Hermit","Minty Spire (QoL Compilation)","Replay The Spire","Shop Mod","StSLib","The Marked"],"gold_per_floor":[114,127,140,150,7,37,0,12,63,63,79,79,79,90,90,187,187,207,132,7,21,38,38,38,38,65,65,114,114,128,128,128,144,144,242,242,258,308,318,65,65,65,99,0,46,46,60,60,90,90,90,90],"floor_reached":53,"playtime":1620,"items_purged":["Defend_R","Defend_R"],"score":1010,"play_id":"384d56fe-21a9-46d8-8f28-7692682f50b7","local_time":"20210106130554","is_ascension_mode":false,"campfire_choices":[{"floor":10,"key":"REST"},{"data":"Massacre","floor":15,"key":"SMITH"},{"data":"Flex","floor":25,"key":"SMITH"},{"data":"Heavy Blade","floor":29,"key":"SMITH"},{"data":"Infernal Blade","floor":31,"key":"SMITH"},{"data":"Seeing Red","floor":34,"key":"SMITH"},{"data":"Limit Break","floor":42,"key":"SMITH"},{"data":"Pommel Strike","floor":42,"key":"SMITH"},{"data":"Heavy Blade","floor":46,"key":"SMITH"},{"data":"Heavy Blade","floor":46,"key":"SMITH"},{"data":"Double Tap","floor":51,"key":"SMITH"},{"data":"Pummel","floor":51,"key":"SMITH"}],"circlet_count":0,"master_deck":["Strike_R","Strike_R","Strike_R","Strike_R","Bash","Thunderclap","Shrug It Off","Twin Strike","Cleave","Cleave","Heavy Blade+1","Massacre+1","Infernal Blade+1","Bloodletting","Heavy Blade+1","Hemogenesis","Carnage+1","Flex+1","Pummel+1","Heavy Blade+1","Impervious","Hemokinesis+1","Pommel Strike+1","Seeing Red+1","Limit Break+1","CurseOfTheBell","Inflame","Cleave+1","Heavy Blade+1","Flex+1","Double Tap+1"],"relics":["Burning Blood","Eternal Feather","Garlic","Brimstone","TungstenRod","ReplayFunnel","Mark of Pain","Paper Frog","InkBottle","Potion Belt","Calling Bell","Oddly Smooth Stone","Mirror","Replay:Arrowhead","Bird Faced Urn","ClockworkSouvenir","ReplayTheSpireMod:Shallot","Red Mask","Toy Ornithopter","Gremlin Horn"],"acts_visited":["Exordium","TheCity","TheBeyond"],"potions_floor_usage":[22,35,43,49,52,52,52],"damage_taken":[{"damage":8,"enemies":"Small Slimes","floor":1,"turns":3},{"damage":0,"enemies":"Jaw Worm","floor":2,"turns":2},{"damage":0,"enemies":"2 Louse","floor":3,"turns":2},{"damage":3,"enemies":"Exordium Thugs","floor":4,"turns":2},{"damage":30,"enemies":"Lagavulin","floor":6,"turns":4},{"damage":0,"enemies":"Exordium Wildlife","floor":8,"turns":1},{"damage":4,"enemies":"Looter","floor":11,"turns":2},{"damage":2,"enemies":"Exordium Thugs","floor":14,"turns":3},{"damage":36,"enemies":"The Guardian","floor":16,"turns":4},{"damage":1,"enemies":"Chosen","floor":18,"turns":2},{"damage":8,"enemies":"2 Thieves","floor":21,"turns":3},{"damage":12,"enemies":"Snake Plant","floor":22,"turns":2},{"damage":17,"enemies":"Gremlin Leader","floor":26,"turns":4},{"damage":4,"enemies":"Centurion and Healer","floor":30,"turns":2},{"damage":4,"enemies":"Cultist and Chosen","floor":33,"turns":2},{"damage":35,"enemies":"Automaton","floor":35,"turns":5},{"damage":12,"enemies":"Orb Walker","floor":37,"turns":2},{"damage":23,"enemies":"Mind Bloom Boss Battle","floor":38,"turns":3},{"damage":12,"enemies":"3 Shapes","floor":39,"turns":2},{"damage":23,"enemies":"Giant Head","floor":43,"turns":3},{"damage":0,"enemies":"Jaw Worm Horde","floor":47,"turns":3},{"damage":0,"enemies":"R_Hoarder","floor":49,"turns":3},{"damage":28,"enemies":"Time Eater","floor":52,"turns":5}],"seed_played":"-2181009034114209261","potions_obtained":[{"floor":2,"key":"Block Potion"},{"floor":4,"key":"EssenceOfSteel"},{"floor":8,"key":"ColorlessPotion"},{"floor":14,"key":"Adrenaline Potion"},{"floor":26,"key":"Energy Potion"},{"floor":30,"key":"Milkshake"},{"floor":33,"key":"ColorlessPotion"},{"floor":43,"key":"Elixir"},{"floor":47,"key":"Weak Potion"}],"is_trial":false,"path_per_floor":["M","M","M","M","$","E","?","M","T","R","M","?","?","M","R","B",null,"M","?","$","M","M","PTL","PTL","R","E","T","T","R","M","R","?","M","R","B",null,"M","?","M","$","?","R","E","?","T","R","M","$","E","?","R","B",null],"character_chosen":"IRONCLAD","items_purchased":["Eternal Feather","Garlic","Thunderclap","Shrug It Off","Brimstone","Massacre","Flex","Pummel","ClockworkSouvenir"],"campfire_rested":1,"item_purchase_floors":[0,0,0,0,0,5,20,20,40],"current_hp_per_floor":[49,55,61,64,64,40,40,46,46,79,80,74,74,78,80,50,80,80,80,80,78,72,72,72,80,69,69,69,80,80,80,80,80,80,51,80,74,57,51,51,51,66,49,49,49,64,76,76,76,76,76,66],"gold":90,"neow_bonus":"","is_daily":false,"chose_seed":false,"campfire_upgraded":11,"win_rate":0.0,"timestamp":1609956354,"path_taken":["M","M","M","M","$","E","?","M","T","R","M","?","?","?","R","BOSS","M","?","$","M","M","PTL","PTL","R","E","?","T","R","M","R","?","?","R","BOSS","M","?","M","$","?","R","E","?","T","R","M","$","E","?","R","BOSS"],"items_purchased_type":["Relic","Relic","Card","Card","Relic","Card","Card","Card","Relic"],"build_version":"2020-12-22","purchased_purges":2,"victory":true,"max_hp_per_floor":[80,80,80,80,80,80,80,80,80,80,80,80,80,80,80,80,80,80,80,80,80,80,80,80,80,80,80,80,80,80,80,80,80,80,80,80,80,80,80,80,76,76,76,76,76,76,76,76,76,76,76,76],"card_choices":[{"not_picked":["Rupture","Rampage"],"picked":"Twin Strike","floor":1},{"not_picked":["Heavy Blade","Reckless Charge"],"picked":"Cleave","floor":2},{"not_picked":["Seeing Red","Armaments"],"picked":"Cleave","floor":3},{"not_picked":["Body Slam","Abandon"],"picked":"Heavy Blade","floor":4},{"not_picked":["Rupture","ReplayTheSpireMod:Stacked"],"picked":"Infernal Blade","floor":6},{"not_picked":["Perfected Strike","Fire Breathing"],"picked":"Bloodletting","floor":8},{"not_picked":["Brutality","Sever Soul","Armaments"],"picked":"SKIP","floor":11},{"not_picked":["Defy Death","ReplayTheSpireMod:Stacked","Blood for Blood"],"picked":"SKIP","floor":14},{"not_picked":["Juggernaut","Brutality"],"picked":"Hemogenesis","floor":16},{"not_picked":["Perfected Strike+1","Sword Boomerang+1"],"picked":"Carnage+1","floor":18},{"not_picked":["Body Slam","Warcry"],"picked":"Heavy Blade","floor":21},{"not_picked":["Sever Soul","Clothesline"],"picked":"Impervious","floor":22},{"not_picked":["Uppercut+1","Body Slam"],"picked":"Hemokinesis+1","floor":26},{"not_picked":["Shockwave","Warcry"],"picked":"Pommel Strike","floor":30},{"not_picked":["Feel No Pain","Shrug It Off+1"],"picked":"Seeing Red","floor":33},{"not_picked":["Demonic Infusion","Juggernaut"],"picked":"Limit Break","floor":35},{"not_picked":["Run Through","Replay:Undeath\u0027s Touch"],"picked":"Inflame","floor":37},{"not_picked":["Rage+1","Ghostly Armor+1"],"picked":"Cleave+1","floor":38},{"not_picked":["Berserk","Twin Strike+1"],"picked":"Heavy Blade+1","floor":39},{"not_picked":["Bloodletting","ReplayReversal+1","Warcry+1"],"picked":"SKIP","floor":43},{"not_picked":["ReplayReversal","Pommel Strike+1"],"picked":"Flex+1","floor":47},{"not_picked":["Thunderclap","Iron Wave+1"],"picked":"Double Tap","floor":49}],"player_experience":67323,"relics_obtained":[{"floor":6,"key":"TungstenRod"},{"floor":9,"key":"ReplayFunnel"},{"floor":26,"key":"Paper Frog"},{"floor":27,"key":"InkBottle"},{"floor":28,"key":"Potion Belt"},{"floor":36,"key":"Oddly Smooth Stone"},{"floor":36,"key":"Mirror"},{"floor":36,"key":"Replay:Arrowhead"},{"floor":38,"key":"Bird Faced Urn"},{"floor":43,"key":"ReplayTheSpireMod:Shallot"},{"floor":45,"key":"Toy Ornithopter"},{"floor":49,"key":"Gremlin Horn"}],"event_choices":[{"damage_healed":0,"gold_gain":0,"player_choice":"Left Gold","damage_taken":0,"max_hp_gain":0,"max_hp_loss":0,"event_name":"World of Goop","floor":7,"gold_loss":37},{"cards_removed":["Defend_R"],"damage_healed":0,"gold_gain":0,"player_choice":"Card Removal","damage_taken":7,"max_hp_gain":0,"max_hp_loss":0,"event_name":"Golden Wing","floor":12,"gold_loss":0},{"damage_healed":0,"gold_gain":0,"cards_transformed":["Defend_R"],"player_choice":"Transformed","damage_taken":0,"max_hp_gain":0,"max_hp_loss":0,"event_name":"Transmorgrifier","floor":13,"gold_loss":0,"cards_obtained":["Heavy Blade"]},{"cards_removed":["Strike_R"],"damage_healed":0,"gold_gain":0,"player_choice":"Gave Gold","damage_taken":0,"max_hp_gain":0,"max_hp_loss":0,"event_name":"Beggar","floor":19,"gold_loss":75},{"damage_healed":0,"gold_gain":0,"player_choice":"Fight","damage_taken":0,"max_hp_gain":0,"max_hp_loss":0,"event_name":"MindBloom","floor":38,"gold_loss":0},{"damage_healed":0,"gold_gain":0,"player_choice":"Max HP","damage_taken":0,"max_hp_gain":0,"max_hp_loss":4,"event_name":"Winding Halls","floor":41,"gold_loss":0},{"damage_healed":0,"gold_gain":0,"player_choice":"Paid","damage_taken":0,"relics_obtained":["Red Mask"],"max_hp_gain":0,"max_hp_loss":0,"event_name":"Tomb of Lord Red Mask","floor":44,"gold_loss":99},{"damage_healed":0,"gold_gain":0,"player_choice":"Memory 1","damage_taken":0,"max_hp_gain":0,"max_hp_loss":0,"event_name":"SensoryStone","floor":50,"gold_loss":0}],"is_beta":false,"boss_relics":[{"not_picked":["Replay:Drink Me","SlaversCollar"],"picked":"Mark of Pain"},{"not_picked":["Ring of Chaos","SacredBark"],"picked":"Calling Bell"}],"items_purged_floors":[5,40],"is_endless":false,"potions_floor_spawned":[2,4,8,14,26,30,33,43,47],"ascension_level":0}}