{"host":"2pt9f5ojqg0apn28","time":1609918436,"event":{"mods":["AchievementEnabler","BaseMod","Better Altar","Better Match","Better Note","Better Sensory Stone","Better Skull","Better Third Choice","Colored Map","Colored Powertips","Hubris","Infinite Spire","Lobotomy","LobotomyExtend","Minty Spire (QoL Compilation)","Replay The Spire","StSLib"],"gold_per_floor":[119,119,146,71,71,71,83,83,83,83,100,100,131,31,31,131,131,151,250,190,190,200,200,229,229,229,241,241,241,270,284,284,384,384,397,444,458,458,468,468,221,221,246,246,116,132,152,172,172,93],"floor_reached":51,"playtime":2490,"items_purged":["Strike_G","MeatLantern","Strike_G"],"score":749,"play_id":"dc8b2125-3fdc-4655-96d4-83134f5588bb","local_time":"20210106123356","is_ascension_mode":true,"campfire_choices":[{"data":"Panache","floor":6.0,"key":"SMITH"},{"data":"ReplayTheSpireMod:Black Plague","floor":8,"key":"SMITH"},{"data":"Replay:Poison Smokescreen","floor":10,"key":"SMITH"},{"data":"Neutralize","floor":12,"key":"SMITH"},{"floor":15,"key":"REST"},{"floor":23,"key":"REST"},{"data":"Adrenaline","floor":25,"key":"SMITH"},{"data":"Survivor","floor":28,"key":"SMITH"},{"floor":32,"key":"REST"},{"data":"1","floor":40,"key":"LIFT"},{"data":"2","floor":49,"key":"LIFT"}],"circlet_count":0,"master_deck":["Strike_G","Strike_G","Strike_G","Defend_G","Defend_G","Defend_G","Defend_G","Defend_G","Survivor+1","Neutralize+1","Replay:Poison Smokescreen+1","Panache+1","ReplayTheSpireMod:Black Plague+1","Deadly Poison","Adrenaline+1","Backflip+1","Slice+1","LongBird","Deadly Poison+1","Deadly Poison+1","CENSORED","Die Die Die","Poisoned Stab","Bouncing Flask+1","Poisoned Stab+1","Flying Knee","Outmaneuver+1","Terror+1","Freischutz"],"relics":["Ring of the Snake","CogitoBucket","LetterFromLob","ReplayTheSpireMod:Lightbulb","infinitespire:Bottled Soul","Happy Flower","hubris:ScarierMask","BackwardClock","Bloody Idol","Red Mask","ReplayTheSpireMod:Shallot","InkBottle","Oddly Smooth Stone","HellTrain","hubris:Backtick","Snake Skull","Girya","Replay:WaspNest","LuminousBracelet","AtMidnight","Durian","Bag of Marbles","Frozen Egg 2"],"acts_visited":["TheCity","TheBeyond"],"potions_floor_usage":[13,39,50,50,50],"damage_taken":[{"damage":2.0,"enemies":"2 Louse","floor":1.0,"turns":4.0},{"damage":0.0,"enemies":"Small Slimes","floor":7.0,"turns":3.0},{"damage":0,"enemies":"Jaw Worm","floor":11,"turns":3},{"damage":44,"enemies":"Gremlin Nob","floor":13,"turns":4},{"damage":9,"enemies":"Fading Forest","floor":16,"turns":11},{"damage":12,"enemies":"2 Thieves","floor":18,"turns":6},{"damage":5,"enemies":"Chosen","floor":22,"turns":5},{"damage":0,"enemies":"Masked Bandits","floor":24,"turns":3},{"damage":0,"enemies":"Sentry and Sphere","floor":27,"turns":1},{"damage":3,"enemies":"Gremlin Leader","floor":30,"turns":4},{"damage":17,"enemies":"Centurion and Healer","floor":31,"turns":5},{"damage":55,"enemies":"hubris:MusketHawk","floor":33,"turns":5},{"damage":3,"enemies":"Orb Walker","floor":35,"turns":3},{"damage":0,"enemies":"2 Orb Walkers","floor":36,"turns":2},{"damage":0,"enemies":"3 Darklings","floor":37,"turns":2},{"damage":32,"enemies":"Jaw Worm Horde","floor":39,"turns":10},{"damage":26,"enemies":"Nemesis","floor":42,"turns":5},{"damage":15,"enemies":"Maw","floor":46,"turns":5},{"damage":6,"enemies":"Writhing Mass","floor":47,"turns":4},{"damage":0,"enemies":"Jaw Worm Horde","floor":48,"turns":2},{"damage":126,"enemies":"infinitespire:MassOfShapes","floor":50,"turns":14},{"damage":132,"enemies":"Malkuth","floor":51,"turns":8},{"damage":91,"enemies":"Yesod","floor":51,"turns":9}],"seed_played":"-215916441279912194","potions_obtained":[{"floor":1.0,"key":"Poison Potion"},{"floor":13,"key":"LiquidMemories"},{"floor":18,"key":"FearPotion"},{"floor":30,"key":"Weak Potion"}],"is_trial":false,"path_per_floor":["M","?","T","$","?","R","M","R","T","R","M","R","E","$","R","B",null,"M","?","?","?","M","R","?","R","T","M","R","T","E","M","R","B",null,"M","?","M","T","M","R","$","E","T","?","?","M","M","M","R","B",null],"character_chosen":"THE_SILENT","items_purchased":["Flying Knee","Toxic Potion"],"campfire_rested":3,"item_purchase_floors":[41,41],"current_hp_per_floor":[68,68,68,68,52,52,52,52,52,52,52,52,8,8,29,30,70,58,58,58,23,23,44,49,49,49,54,54,54,56,44,65,15,70,70,70,70,70,67,67,67,61,66,66,66,63,65,70,70,58],"gold":93,"neow_bonus":"","is_daily":false,"chose_seed":false,"campfire_upgraded":6,"win_rate":0.0,"timestamp":1609918436,"path_taken":["M","?","?","$","?","R","M","R","T","R","M","R","E","$","R","BOSS","M","?","?","?","M","R","?","R","T","?","R","?","E","M","R","BOSS","M","?","M","?","M","R","$","E","T","?","?","M","M","M","R","BOSS"],"items_purchased_type":["Card","Potion"],"build_version":"2020-12-22","purchased_purges":3,"victory":true,"max_hp_per_floor":[70,70,70,70,70,70,70,70,70,70,70,70,70,70,70,70,70,70,70,70,70,70,70,70,70,70,70,70,70,70,70,70,70,70,70,70,70,70,85,85,85,90,90,90,90,90,90,90,90,80],"card_choices":[{"not_picked":["VoidDream","Woodsman"],"picked":"MeatLantern","floor":1.0},{"not_picked":["Underhanded Strike","Deadly Poison"],"picked":"Replay:Poison Smokescreen","floor":1.0},{"not_picked":["hubris:Ssssneak","Jack Of All Trades"],"picked":"Panache","floor":2.0},{"not_picked":["ReplayTheSpireMod:Echoes of Time","infinitespire:Menacing"],"picked":"ReplayTheSpireMod:Black Plague","floor":5.0},{"not_picked":["Skewer","Blur","Hidden Blade"],"picked":"SKIP","floor":7},{"not_picked":["Skewer","Blur","Hidden Blade"],"picked":"SKIP","floor":7},{"not_picked":["Dodge and Roll","Replay:Poison Smokescreen","Deflect"],"picked":"SKIP","floor":11},{"not_picked":["Noxious Fumes","ReplayTheSpireMod:Speed Training"],"picked":"Deadly Poison","floor":13},{"not_picked":["Bullet Time","Replay:Bag of Tricks"],"picked":"Adrenaline","floor":16},{"not_picked":["PiercingWail","Distraction"],"picked":"Backflip+1","floor":18},{"not_picked":["PiercingWail+1","Phantasmal Killer"],"picked":"Slice+1","floor":22},{"not_picked":["SpiderBud","QueenBee"],"picked":"LongBird","floor":24},{"not_picked":["Reflex","Slice+1"],"picked":"Deadly Poison+1","floor":24},{"not_picked":["Masterful Stab+1","Dagger Spray"],"picked":"Deadly Poison+1","floor":27},{"not_picked":["Flechettes+1","ReplayTheSpireMod:Shiv Toss","Outmaneuver+1"],"picked":"SKIP","floor":30},{"not_picked":["Dagger Throw+1","Underhanded Strike","Atom Bomb"],"picked":"SKIP","floor":31},{"not_picked":["QueenBee","OldLady"],"picked":"CENSORED","floor":33},{"not_picked":["Tools of the Trade","Venomology"],"picked":"Die Die Die","floor":33},{"not_picked":["Slice+1","Toxin Wave+1"],"picked":"Poisoned Stab","floor":35},{"not_picked":["Blade Dance+1","Flying Knee+1"],"picked":"Bouncing Flask+1","floor":37},{"not_picked":["Expertise","Dagger Spray"],"picked":"Poisoned Stab+1","floor":39},{"not_picked":["ReplayTheSpireMod:Exploit Weakness","hubris:Counter","Prepared+1"],"picked":"SKIP","floor":42},{"not_picked":["Bane+1","Crippling Poison"],"picked":"Outmaneuver+1","floor":46},{"not_picked":["Poisoned Stab+1","Toxin Wave"],"picked":"Terror+1","floor":47},{"not_picked":["PlagueDoctor","LittlePrince"],"picked":"Freischutz","floor":48},{"not_picked":["Cloak And Dagger","Dagger Spray","Night Terror"],"picked":"SKIP","floor":48}],"player_experience":64972,"relics_obtained":[{"floor":1.0,"key":"LetterFromLob"},{"floor":3.0,"key":"ReplayTheSpireMod:Lightbulb"},{"floor":9,"key":"infinitespire:Bottled Soul"},{"floor":13,"key":"Happy Flower"},{"floor":24,"key":"Red Mask"},{"floor":26,"key":"ReplayTheSpireMod:Shallot"},{"floor":29,"key":"InkBottle"},{"floor":30,"key":"Oddly Smooth Stone"},{"floor":36,"key":"Girya"},{"floor":38,"key":"Replay:WaspNest"},{"floor":39,"key":"AtMidnight"},{"floor":42,"key":"Durian"},{"floor":43,"key":"Bag of Marbles"}],"event_choices":[{"damage_healed":0.0,"max_hp_gain":0.0,"max_hp_loss":0.0,"gold_gain":1.0,"event_name":"betterStone:BetterStone","player_choice":"1","floor":2.0,"gold_loss":0.0,"damage_taken":0.0},{"damage_healed":0,"gold_gain":99,"player_choice":"Steal","damage_taken":0,"max_hp_gain":0,"max_hp_loss":0,"event_name":"betterThird:BetterNest","floor":19,"gold_loss":0},{"damage_healed":0,"gold_gain":0,"player_choice":" Idol ","damage_taken":35,"relics_obtained":["Bloody Idol"],"max_hp_gain":58,"max_hp_loss":23,"event_name":"betterAltar:BetterAltar","floor":21,"potions_obtained":[],"relics_lost":[],"gold_loss":0},{"damage_healed":0,"gold_gain":0,"player_choice":"Fought Bandits","damage_taken":0,"max_hp_gain":0,"max_hp_loss":0,"event_name":"Masked Bandits","floor":24,"gold_loss":0},{"damage_healed":0,"gold_gain":0,"player_choice":"Fight","damage_taken":0,"max_hp_gain":0,"max_hp_loss":0,"event_name":"Mysterious Sphere","floor":36,"gold_loss":0},{"damage_healed":0,"gold_gain":0,"player_choice":"Paid Gold","damage_taken":0,"relics_obtained":["Frozen Egg 2"],"max_hp_gain":0,"max_hp_loss":0,"event_name":"WeMeetAgain","floor":45,"gold_loss":130}],"is_beta":false,"boss_relics":[{"not_picked":["ChewingGum","Calling Bell"],"picked":"hubris:ScarierMask"},{"not_picked":["Replay:Bronze Core","ReplayTheSpireMod:DimensionalGlitch"],"picked":"hubris:Backtick"}],"items_purged_floors":[4,14,41],"is_endless":false,"potions_floor_spawned":[1,13,18,30,35,42,47,48],"ascension_level":1}}