{"host":"1eo5f82aifdzd7pr","time":1609898154,"event":{"mods":["AchievementEnabler","BaseMod","Colored Map","Colored Powertips","DeckTracker","Marisa????????","Minty Spire (QoL Compilation)","StSLib","SuperFastMode"],"gold_per_floor":[113,128,147,159,174,174,184,184,208,221,221,221,285,299,299,396,396,415,427,439,450,461,496,496,507,507,507,179,179,192,192,192,289,289,303,303,102,126,145,145,145,145],"floor_reached":41,"playtime":2780,"items_purged":["Parasite","Strike_B"],"score":411,"play_id":"2f62ac08-a4f6-4a26-8187-da54967f6196","local_time":"20210106035554","is_ascension_mode":false,"campfire_choices":[{"data":"Chill","floor":6,"key":"SMITH"},{"data":"Zap","floor":8,"key":"SMITH"},{"data":"Hologram","floor":11,"key":"SMITH"},{"data":"Cold Snap","floor":15,"key":"SMITH"},{"floor":24,"key":"REST"},{"data":"Dualcast","floor":27,"key":"SMITH"},{"data":"Coolheaded","floor":29,"key":"SMITH"},{"floor":32,"key":"REST"},{"data":"Strike_B","floor":40,"key":"PURGE"}],"circlet_count":0,"master_deck":["Strike_B","Strike_B","Defend_B","Defend_B","Defend_B","Defend_B","Zap+1","Dualcast+1","Cold Snap+1","Hologram+1","Chill+1","Coolheaded+1","Coolheaded+1","Redo+1","Hologram+1","Defragment+1","Undo+1","Core Surge","CurseOfTheBell","Genetic Algorithm+1"],"relics":["Cracked Core","Bag of Marbles","Toxic Egg 2","Potion Belt","Cursed Key","Nunchaku","Meat on the Bone","Cables","Calling Bell","CeramicFish","Singing Bowl","Peace Pipe","Membership Card"],"acts_visited":["Exordium","TheCity","TheBeyond"],"potions_floor_usage":[13,23,25],"damage_taken":[{"damage":1,"enemies":"Cultist","floor":1,"turns":3},{"damage":6,"enemies":"Small Slimes","floor":2,"turns":4},{"damage":0,"enemies":"2 Louse","floor":3,"turns":2},{"damage":0,"enemies":"Red Slaver","floor":4,"turns":4},{"damage":0,"enemies":"Blue Slaver","floor":5,"turns":4},{"damage":1,"enemies":"Looter","floor":7,"turns":4},{"damage":7,"enemies":"Exordium Wildlife","floor":10,"turns":6},{"damage":23,"enemies":"Gremlin Nob","floor":13,"turns":4},{"damage":2,"enemies":"Red Slaver","floor":14,"turns":4},{"damage":24,"enemies":"The Guardian","floor":16,"turns":15},{"damage":0,"enemies":"3 Byrds","floor":18,"turns":6},{"damage":1,"enemies":"Spheric Guardian","floor":19,"turns":5},{"damage":15,"enemies":"3 Cultists","floor":20,"turns":7},{"damage":5,"enemies":"Shelled Parasite and Fungi","floor":21,"turns":8},{"damage":17,"enemies":"Sentry and Sphere","floor":22,"turns":8},{"damage":27,"enemies":"Slavers","floor":23,"turns":9},{"damage":1,"enemies":"Snake Plant","floor":25,"turns":3},{"damage":0,"enemies":"Shelled Parasite and Fungi","floor":30,"turns":5},{"damage":46,"enemies":"Automaton","floor":33,"turns":15},{"damage":2,"enemies":"3 Shapes","floor":35,"turns":6},{"damage":3,"enemies":"Orb Walker","floor":38,"turns":3},{"damage":2,"enemies":"3 Darklings","floor":39,"turns":12},{"damage":76,"enemies":"Reptomancer","floor":41,"turns":4}],"seed_played":"7736322411338356043","potions_obtained":[{"floor":1,"key":"Swift Potion"},{"floor":2,"key":"PotionOfCapacity"},{"floor":7,"key":"CultistPotion"},{"floor":13,"key":"DuplicationPotion"},{"floor":19,"key":"Ancient Potion"},{"floor":22,"key":"Dexterity Potion"},{"floor":23,"key":"ColorlessPotion"},{"floor":35,"key":"SneckoOil"}],"is_trial":false,"path_per_floor":["M","M","M","M","M","R","M","R","T","M","R","T","?","M","R","B",null,"M","M","M","M","M","E","R","M","T","R","$","R","M","?","R","B",null,"M","?","$","M","M","R","E"],"character_chosen":"DEFECT","items_purchased":["Cables","Membership Card"],"campfire_rested":2,"item_purchase_floors":[28,37],"current_hp_per_floor":[81,75,75,75,75,75,74,74,74,67,67,67,44,42,42,18,82,82,81,66,61,44,17,41,40,40,40,40,40,40,40,63,29,79,79,79,79,76,76,76,0,0],"gold":145,"neow_bonus":"TEN_PERCENT_HP_BONUS","is_daily":false,"chose_seed":false,"campfire_upgraded":6,"win_rate":0.0,"timestamp":1609898154,"path_taken":["M","M","M","M","M","R","M","R","T","M","R","?","?","M","R","BOSS","M","M","M","M","M","E","R","M","T","R","$","R","M","?","R","BOSS","M","?","$","M","M","R","E"],"items_purchased_type":["Relic","Relic"],"build_version":"2020-12-22","purchased_purges":2,"victory":false,"max_hp_per_floor":[82,82,82,82,82,82,82,82,82,82,82,82,82,82,82,82,82,82,82,82,82,82,82,82,82,82,82,79,79,79,79,79,79,79,81,81,81,81,83,83,83,83],"card_choices":[{"not_picked":["Consume","Stack"],"picked":"Cold Snap","floor":1},{"not_picked":["Streamline","Rebound"],"picked":"Hologram","floor":2},{"not_picked":["Steam","Melter"],"picked":"Chill","floor":3},{"not_picked":["Chill","Barrage","Aggregate"],"picked":"SKIP","floor":4},{"not_picked":["Storm","Barrage"],"picked":"Coolheaded","floor":5},{"not_picked":["Cold Snap","Sunder","Streamline"],"picked":"SKIP","floor":7},{"not_picked":["Leap","Stack","Barrage"],"picked":"SKIP","floor":10},{"not_picked":["Stack+1","Double Energy+1"],"picked":"Coolheaded+1","floor":14},{"not_picked":["Streamline","Leap+1","Steam+1"],"picked":"SKIP","floor":18},{"not_picked":["Go for the Eyes+1","Heatsinks+1","Rebound+1"],"picked":"SKIP","floor":19},{"not_picked":["Go for the Eyes","Force Field+1"],"picked":"Redo+1","floor":20},{"not_picked":["Sweeping Beam","FTL+1"],"picked":"Hologram+1","floor":21},{"not_picked":["Leap+1","Rainbow+1","Consume+1"],"picked":"SKIP","floor":22},{"not_picked":["Sweeping Beam","FTL+1"],"picked":"Defragment+1","floor":23},{"not_picked":["Rebound+1","Stack+1"],"picked":"Undo+1","floor":25},{"not_picked":["Stack+1","Hologram+1","Compile Driver"],"picked":"SKIP","floor":30},{"not_picked":["All For One","Creative AI"],"picked":"Core Surge","floor":33},{"not_picked":["Go for the Eyes+1","Auto Shields+1","Streamline"],"picked":"Singing Bowl","floor":35},{"not_picked":["Consume+1","Self Repair"],"picked":"Genetic Algorithm+1","floor":38},{"not_picked":["Genetic Algorithm+1","Doom and Gloom","Chaos+1"],"picked":"Singing Bowl","floor":39}],"player_experience":807738,"relics_obtained":[{"floor":9,"key":"Bag of Marbles"},{"floor":12,"key":"Toxic Egg 2"},{"floor":13,"key":"Potion Belt"},{"floor":23,"key":"Nunchaku"},{"floor":26,"key":"Meat on the Bone"},{"floor":34,"key":"CeramicFish"},{"floor":34,"key":"Singing Bowl"},{"floor":34,"key":"Peace Pipe"}],"event_choices":[{"damage_healed":0,"gold_gain":30,"player_choice":"Searched \u00272\u0027 times","damage_taken":0,"max_hp_gain":0,"max_hp_loss":0,"event_name":"Dead Adventurer","floor":13,"gold_loss":0},{"damage_healed":0,"gold_gain":0,"player_choice":"Ignored","damage_taken":0,"max_hp_gain":0,"max_hp_loss":0,"event_name":"Vampires","floor":31,"gold_loss":0},{"damage_healed":0,"gold_gain":0,"player_choice":"Ignored","damage_taken":0,"max_hp_gain":0,"max_hp_loss":0,"event_name":"Tomb of Lord Red Mask","floor":36,"gold_loss":0}],"is_beta":false,"boss_relics":[{"not_picked":["Philosopher\u0027s Stone","Black Star"],"picked":"Cursed Key"},{"not_picked":["Runic Dome","Tiny House"],"picked":"Calling Bell"}],"items_purged_floors":[28,37],"is_endless":false,"potions_floor_spawned":[1,2,7,10,13,19,22,23,35],"killed_by":"Reptomancer","ascension_level":0}}