{"host":"ktoxvvst1mwxww91","time":1609945498,"event":{"mods":["BaseMod","Hermit","Minty Spire (QoL Compilation)","StSLib","The Hierophant","The Mystic","The Necromancer"],"gold_per_floor":[11,23,23,42,62,62,72,72,150,150,168,201,217,249,249,321,321,334,334,334],"floor_reached":19,"playtime":556,"items_purged":[],"score":335,"play_id":"4dd28112-1eb1-452a-8e6e-bfdfeaf5987c","local_time":"20210106160458","is_ascension_mode":true,"campfire_choices":[{"data":"Rainbow","floor":6,"key":"SMITH"},{"data":"Beam Cell","floor":8,"key":"SMITH"},{"data":"Dualcast","floor":10,"key":"SMITH"},{"floor":15,"key":"REST"}],"circlet_count":0,"master_deck":["AscendersBane","Strike_B","Strike_B","Defend_B","Defend_B","Defend_B","Defend_B","Zap","Dualcast+1","FTL","Gash","Beam Cell+1","Rainbow+1","Conserve Battery","Beam Cell","Ball Lightning","FTL","Leap","Conserve Battery","Multi-Cast","Conserve Battery+1"],"relics":["Cracked Core","Darkstone Periapt","TungstenRod","Dream Catcher","Philosopher\u0027s Stone"],"acts_visited":["Exordium","TheCity"],"potions_floor_usage":[7,12,14],"damage_taken":[{"damage":7,"enemies":"Small Slimes","floor":1,"turns":3},{"damage":1,"enemies":"Cultist","floor":2,"turns":3},{"damage":0,"enemies":"2 Louse","floor":4,"turns":2},{"damage":6,"enemies":"Blue Slaver","floor":5,"turns":4},{"damage":4,"enemies":"Lots of Slimes","floor":7,"turns":2},{"damage":0,"enemies":"Large Slime","floor":11,"turns":4},{"damage":15,"enemies":"Lagavulin","floor":12,"turns":6},{"damage":1,"enemies":"Looter","floor":13,"turns":3},{"damage":9,"enemies":"Gremlin Nob","floor":14,"turns":3},{"damage":37,"enemies":"Slime Boss","floor":16,"turns":11},{"damage":33,"enemies":"Chosen","floor":18,"turns":6},{"damage":22,"enemies":"3 Byrds","floor":19,"turns":4}],"seed_played":"-2573937141405301260","potions_obtained":[{"floor":2,"key":"Weak Potion"},{"floor":3,"key":"AttackPotion"},{"floor":13,"key":"Strength Potion"}],"is_trial":false,"path_per_floor":["M","M","?","M","M","R","M","R","T","R","M","E","M","E","R","B",null,"M","M"],"character_chosen":"DEFECT","items_purchased":[],"campfire_rested":1,"item_purchase_floors":[],"current_hp_per_floor":[57,56,56,56,50,50,46,46,46,46,46,31,30,21,42,5,55,22,0,0],"gold":334,"neow_bonus":"REMOVE_TWO","is_daily":false,"chose_seed":false,"campfire_upgraded":3,"win_rate":0.0,"timestamp":1609945498,"path_taken":["M","M","?","M","?","R","M","R","T","R","M","E","M","E","R","BOSS","M","?"],"items_purchased_type":[],"build_version":"2020-12-22","purchased_purges":0,"victory":false,"max_hp_per_floor":[71,71,71,71,71,71,71,71,71,71,71,71,71,71,71,71,71,71,71,71],"card_choices":[{"not_picked":["Turbo","Stack"],"picked":"FTL","floor":1},{"not_picked":["Leap","Sweeping Beam"],"picked":"Gash","floor":2},{"not_picked":["Self Repair","Hologram"],"picked":"Beam Cell","floor":4},{"not_picked":["Steam","Capacitor"],"picked":"Rainbow","floor":5},{"not_picked":["Turbo","Compile Driver"],"picked":"Conserve Battery","floor":7},{"not_picked":["Steam","Sunder"],"picked":"Beam Cell","floor":11},{"not_picked":["Force Field","Turbo"],"picked":"Ball Lightning","floor":12},{"not_picked":["Leap","Coolheaded"],"picked":"FTL","floor":13},{"not_picked":["Conserve Battery","Aggregate"],"picked":"Leap","floor":14},{"not_picked":["Stack","Steam"],"picked":"Conserve Battery","floor":15},{"not_picked":["Rainbow","Machine Learning"],"picked":"Multi-Cast","floor":16},{"not_picked":["Static Discharge","Lockon"],"picked":"Conserve Battery+1","floor":18}],"player_experience":978409,"relics_obtained":[{"floor":9,"key":"Darkstone Periapt"},{"floor":12,"key":"TungstenRod"},{"floor":14,"key":"Dream Catcher"}],"event_choices":[{"damage_healed":0,"gold_gain":0,"player_choice":"Got Potions","damage_taken":0,"max_hp_gain":0,"max_hp_loss":0,"event_name":"Lab","floor":3,"gold_loss":0}],"is_beta":false,"boss_relics":[{"not_picked":["Velvet Choker","Fusion Hammer"],"picked":"Philosopher\u0027s Stone"}],"items_purged_floors":[],"is_endless":false,"potions_floor_spawned":[2,4,13],"killed_by":"3 Byrds","ascension_level":17}}