{"host":"u21q392b5xaj11fl","time":1609966329,"event":{"mods":["2.2 Compatiblity","Bard","BaseMod","Better Note","Colored Map","Colored Powertips","Conspire","Custom Start","Downfall","Faster Ascension Climbing","Friendly Minions","GifTheSpireLib","Glutton Mod","Gremlin Skip","Highlight Path","Hubris","Infinite Spire","Mad Scientist","Marisa????????","Mimic Mod","Minty Spire (QoL Compilation)","Permanent Neow","Potionbrewer","Quick Restart","READ ME - Guardian Mod","Relic Sorter","Replay The Spire","Shop Mod","Somnambulant","StSLib","Stuff the Spire","SuperFastMode","The Blue Laboratory","The Construct","The Disciple","The Mystic","The Servant 0.9.4","vexMod"],"gold_per_floor":[110,110,110,121,121,139,169,169,169,169,179,179,196,212,212,212,212],"floor_reached":16,"playtime":659,"items_purged":[],"score":168,"play_id":"746dfa62-da52-4265-987c-9d6d61745282","local_time":"20210106145209","is_ascension_mode":true,"campfire_choices":[{"data":"construct:Chainstrike","floor":8,"key":"SMITH"},{"data":"construct:Chainstrike+1","floor":10,"key":"SMITH"},{"data":"construct:Stasis","floor":12,"key":"SMITH"},{"data":"construct:Stasis+1","floor":15,"key":"SMITH"}],"circlet_count":0,"master_deck":["AscendersBane","construct:Strike_Gold","construct:Strike_Gold","construct:Strike_Gold","construct:Strike_Gold","construct:Strike_Gold","construct:Defend_Gold","construct:Defend_Gold","construct:Defend_Gold","construct:Defend_Gold","construct:Defend_Gold","construct:AttackMode","construct:DefenseMode","construct:ChargeShot+1","construct:Chainstrike+2","construct:Stasis+2","construct:GuardCore","construct:Boost"],"relics":["construct:ClockworkPhoenix","NeowsBlessing","Simple Rune"],"acts_visited":["Exordium"],"potions_floor_usage":[7,16],"damage_taken":[{"damage":0.0,"enemies":"Small Slimes","floor":1.0,"turns":1.0},{"damage":0.0,"enemies":"Cultist","floor":4.0,"turns":1.0},{"damage":0.0,"enemies":"Jaw Worm","floor":6.0,"turns":1.0},{"damage":36,"enemies":"Gremlin Nob","floor":7,"turns":4},{"damage":30,"enemies":"Gremlin Gang","floor":11,"turns":6},{"damage":0,"enemies":"Large Slime","floor":13,"turns":4},{"damage":0,"enemies":"Exordium Thugs","floor":14,"turns":4},{"damage":13,"enemies":"Hexaghost","floor":16,"turns":9}],"seed_played":"-1519622398989512720","potions_obtained":[{"floor":1.0,"key":"potionbrewer:DiscountPotion"},{"floor":2.0,"key":"potionbrewer:BoundlessPotion"},{"floor":13,"key":"blueLaboratory:LouseDecoction"}],"is_trial":false,"path_per_floor":["M","?","?","M","$","M","E","R","T","R","M","R","M","M","R","B"],"character_chosen":"THE_CONSTRUCT_MOD","items_purchased":[],"campfire_rested":0,"item_purchase_floors":[],"current_hp_per_floor":[77,77,77,77,77,77,41,41,41,41,11,11,11,11,11,0,0],"gold":212,"neow_bonus":"THREE_ENEMY_KILL","is_daily":false,"chose_seed":false,"campfire_upgraded":4,"win_rate":0.0,"timestamp":1609966329,"path_taken":["M","?","?","M","$","?","E","R","T","R","M","R","M","M","R","BOSS"],"items_purchased_type":[],"build_version":"2020-12-22","purchased_purges":0,"victory":false,"max_hp_per_floor":[85,85,85,85,85,85,85,85,85,85,85,85,85,85,85,85,85],"card_choices":[{"not_picked":["construct:QuickAttack","construct:ClusterMines"],"picked":"construct:ChargeShot","floor":1.0},{"not_picked":["construct:Disrupt","construct:FierceBash"],"picked":"construct:Chainstrike","floor":4.0},{"not_picked":["construct:SweepLaser","construct:FlakBarrage","construct:Impenetrable"],"picked":"SKIP","floor":6.0},{"not_picked":["construct:Construct_Overclock","construct:BatteryAcid","construct:ElectricArmor"],"picked":"SKIP","floor":7},{"not_picked":["construct:ScrapCannon","construct:ScopeCore"],"picked":"construct:Stasis","floor":11},{"not_picked":["construct:ScrapCannon","construct:LaserCore"],"picked":"construct:GuardCore","floor":13},{"not_picked":["construct:Hazardproof","construct:FierceBash"],"picked":"construct:Boost","floor":14}],"player_experience":152522,"relics_obtained":[{"floor":7,"key":"Simple Rune"}],"event_choices":[{"damage_healed":0.0,"max_hp_gain":0.0,"max_hp_loss":0.0,"gold_gain":0.0,"event_name":"Upgrade Shrine","player_choice":"Upgraded","floor":3.0,"gold_loss":0.0,"damage_taken":0.0,"cards_upgraded":["construct:ChargeShot"]}],"is_beta":false,"boss_relics":[],"items_purged_floors":[],"is_endless":false,"potions_floor_spawned":[1,4,13],"killed_by":"Hexaghost","ascension_level":13}}