{"host":"rbccvrvdyhsypb23","time":1609922815,"event":{"mods":["AchievementEnabler","Act Like it!","Aspiration","BaseMod","Better Third Choice","BetterRewards","Friendly Minions","Hubris","Infinite Spire","Ironclad Rager","KomeijiMod","Lobotomy","LobotomyExtend","Minty Spire (QoL Compilation)","Replay The Spire","Shade Mod","StSLib","The Blackbeard","The Mystic","Wandering Minibosses","vexMod"],"gold_per_floor":[118,137,137,137,150,175,175,209,209,221,221,235,255,272,272,374,374,374,374,374,374,374],"floor_reached":21,"playtime":893,"items_purged":[],"score":264,"play_id":"e86da223-1fff-470a-849e-738fa8b06b8f","local_time":"20210106114655","is_ascension_mode":false,"campfire_choices":[],"circlet_count":0,"master_deck":["SpecialBullet","SpecialBullet","SpecialBullet","SpecialBullet","SpecialBullet","SpecialBullet","SpecialBullet","SpecialBullet","WelfareCode","CentralCode","SecurityCode","Horn","SpecialBullet","GoldRush","Replay:Fractal Strike","infinitespire:Fortify"],"relics":["CogitoBucket","aspiration:Nostalgia","Ring of the Snake","LetterFromLob","ThirstyCross","Gremlin Horn","Letter Opener","InkBottle","Strange Spoon"],"acts_visited":["Exordium","TheCity"],"potions_floor_usage":[16,16],"damage_taken":[{"damage":0,"enemies":"Jaw Worm","floor":1,"turns":2},{"damage":0,"enemies":"2 Louse","floor":2,"turns":6},{"damage":0,"enemies":"Cultist","floor":5,"turns":2},{"damage":26,"enemies":"Lagavulin","floor":6,"turns":6},{"damage":0,"enemies":"3 Sentries","floor":8,"turns":8},{"damage":53,"enemies":"Large Slime","floor":10,"turns":12},{"damage":0,"enemies":"Exordium Thugs","floor":12,"turns":4},{"damage":0,"enemies":"Gremlin Gang","floor":13,"turns":5},{"damage":0,"enemies":"Looter","floor":14,"turns":2},{"damage":0,"enemies":"Slime Boss","floor":16,"turns":5},{"damage":74,"enemies":"Chosen","floor":21,"turns":4}],"seed_played":"-44732461678675653","potions_obtained":[{"floor":13,"key":"SkillPotion"},{"floor":14,"key":"Fire Potion"}],"is_trial":false,"path_per_floor":["M","M","?","?","M","E","R","E","T","M","?","M","M","M","R","B",null,"M","?","AVR","M"],"character_chosen":"Angela","items_purchased":[],"campfire_rested":0,"item_purchase_floors":[],"current_hp_per_floor":[70,70,70,70,70,52,52,60,60,15,15,23,31,43,43,55,70,70,67,67,0,0],"gold":374,"neow_bonus":"NOSTALGIA","is_daily":false,"chose_seed":false,"campfire_upgraded":0,"win_rate":0.0,"timestamp":1609922815,"path_taken":["M","M","?","?","M","E","R","E","T","M","?","M","?","M","R","BOSS","M","?","AVR","M"],"items_purchased_type":[],"build_version":"2020-12-22","purchased_purges":0,"victory":false,"max_hp_per_floor":[70,70,70,70,70,70,70,70,70,70,70,70,70,70,70,70,70,70,70,70,70,70],"card_choices":[{"not_picked":["FeatherOfHonor","Lantern"],"picked":"SKIP","floor":1},{"not_picked":["TodaysExpression","RedEyes"],"picked":"SKIP","floor":2},{"not_picked":["WristCuter","Loneliness"],"picked":"SKIP","floor":5},{"not_picked":["Hornet","SomewhereSpear"],"picked":"SKIP","floor":6},{"not_picked":["FeatherOfHonor","WristCuter"],"picked":"SKIP","floor":8},{"not_picked":["SomewhereSpear","Noise"],"picked":"SKIP","floor":10},{"not_picked":["FourthMatchFlame"],"picked":"Horn","floor":12},{"not_picked":["Loneliness","Beak"],"picked":"SKIP","floor":13},{"not_picked":["Laetitia_ego","Penitence"],"picked":"SKIP","floor":14},{"not_picked":["DaCapo"],"picked":"GoldRush","floor":16}],"player_experience":547587,"relics_obtained":[{"floor":1,"key":"LetterFromLob"},{"floor":6,"key":"Gremlin Horn"},{"floor":8,"key":"Letter Opener"},{"floor":9,"key":"InkBottle"}],"event_choices":[{"damage_healed":70,"gold_gain":0,"player_choice":"Leave","damage_taken":0,"max_hp_gain":0,"max_hp_loss":70,"event_name":"betterThird:BetterShining","floor":4,"gold_loss":0},{"damage_healed":0,"gold_gain":0,"player_choice":"Ignored","damage_taken":0,"max_hp_gain":0,"max_hp_loss":0,"event_name":"Accursed Blacksmith","floor":11,"gold_loss":0},{"damage_healed":0,"gold_gain":0,"player_choice":"Punched","damage_taken":3,"max_hp_gain":0,"max_hp_loss":0,"event_name":"Designer","floor":19,"gold_loss":0}],"is_beta":false,"boss_relics":[{"not_picked":["aspiration:RunicSpoon","ChewingGum","vexMod:CursedCompass"]}],"items_purged_floors":[],"is_endless":false,"potions_floor_spawned":[5,8,13,14],"killed_by":"Chosen","ascension_level":0}}