{"host":"ea1gz0s8chhg5p89","time":1609937424,"event":{"mods":["Act Like it!","BaseMod","Gensokyo","Marisa£®ÏF”Í°°ƒß¿Ì…≥£©","Minty Spire (QoL Compilation)","Pale of the Ancients","Remilia£®¿Ÿ√◊¿Ú—«£©","Replay The Spire","StSLib","Youmu£®ªÍ∆«—˝√Œ£©"],"gold_per_floor":[118,118,39,39,39,67,79,106,106,119,119,149,149,181,181,278,278,296,312,336,353,36,36,71,71,95,124,137,166,166,0,0,101,101,118,118,131,148,148,161,161,194,220,251,265,281,316,326,326,326,336,349,349,323,323,343,343,367,367,367],"floor_reached":61,"playtime":2808,"items_purged":["Strike_YM","Strike_YM","Strike_YM"],"score":1951,"play_id":"1b8956f7-aadc-4eff-8c8e-3351e892fd17","local_time":"20210106205024","is_ascension_mode":true,"campfire_choices":[{"data":"SpiritCuttingSword","floor":11.0,"key":"SMITH"},{"data":"SuddenDivineSeveringOfKarmicWind","floor":13.0,"key":"SMITH"},{"data":"DispleasureOfTheSevenHakus","floor":15.0,"key":"SMITH"},{"data":"SlashOfDelusionalInnerEye","floor":23.0,"key":"SMITH"},{"data":"EchoesOfTheInclemencyOfAllBeings","floor":25.0,"key":"SMITH"},{"data":"SuddenDivineSeveringOfKarmicWind","floor":32.0,"key":"SMITH"},{"data":"HeavenSword","floor":41.0,"key":"SMITH"},{"data":"HesitationCuttingSword","floor":49.0,"key":"SMITH"},{"data":"SlashOfPresentWorld","floor":55,"key":"SMITH"},{"data":"ObsessionWithThePresentWorld","floor":57,"key":"SMITH"}],"circlet_count":0,"master_deck":["Strike_YM","Defend_YM+1","Defend_YM+1","Defend_YM+1","Defend_YM+1","SlashOfPresentWorld+1","WheelOfPainOfLivingAndDead+1","SuddenDivineSeveringOfKarmicWind+1","ConstancyOfTheConventionalTruth","Clumsy","HeartExcerptSlash+1","EchoesOfTheInclemencyOfAllBeings+1","PhosphoricSlash+1","ObsessionWithThePresentWorld+1","SuddenDivineSeveringOfKarmicWind+1","ThreeKonsSevenHakus+1","SlashOfDelusionalInnerEye+1","SpiritCuttingSword+1","ObsessionWithThePresentWorld+1","DispleasureOfTheSevenHakus+1","StrangeHalfBody","SanzenSekai+1","SpiritCuttingSword+1","CrescentMoonSlash+1","LotusPostureSlash+1","ThreeKonsSevenHakus+1","HesitationCuttingSword+1","SlashOfDelusionalInnerEye+1","LotusPostureSlash+1","SuddenPhantomFormationSlashOfKarmicWind+1","Gensokyo:GreaterSplit+1","Doubt","CrescentMoonSlash+1","ThreeKonsSevenHakus+1","TwoHundredYojanaInOneSlash+1","HellFireSword+1","LotusPostureSlash+1","ThreeKonsSevenHakus+1","HesitationCuttingSword+1","HellRealmSword+1","Normality","ReplayTheSpireMod:IOU","ReplayTheSpireMod:IOU","ReplayTheSpireMod:IOU","ReplayTheSpireMod:IOU","ReplayTheSpireMod:IOU","ReplayTheSpireMod:IOU","PhosphoricSlash+1","FlashingScatteredFlowers+1","SwordExtraction+1","HellFireSword","ReplayTheSpireMod:IOU","ReplayTheSpireMod:IOU","ReplayTheSpireMod:IOU","ReplayTheSpireMod:IOU","SanzenSekai+1","ReplayTheSpireMod:IOU","ReplayTheSpireMod:IOU","PhosphoricSlash+1","PhosphoricSlash+1"],"relics":["HalfPhantom","Gensokyo:NagashiBinaDoll","Mirror","Dream Catcher","ReplayFunnel","Nunchaku","Molten Egg 2","Bronze Scales","Runic Dome","Orichalcum","Question Card","Replay:Baseball","ReplayTheSpireMod:TigerMarble","InkBottle","Boot","Runic Pyramid","Ice Cream","Blue Doll","Blood Vial","ReplayTheSpireMod:Lightbulb","Replay:Bottled Eggs","paleoftheancients:Timepiece","CultistMask","paleoftheancients:SoulOfTheWokeBloke","Ring of Fury","Replay:Wax Seal","Gremlin Horn","Sling","War Paint","Oddly Smooth Stone"],"acts_visited":["Gensokyo:Gensokyo","Gensokyo:Gensokyoer","Gensokyo:Gensokyoest","paleoftheancients:PaleOfTheAncients"],"potions_floor_usage":[60,60,60],"damage_taken":[{"damage":0.0,"enemies":"Gensokyo:3_Fairies","floor":1.0,"turns":4.0},{"damage":13.0,"enemies":"Gensokyo:Mamizou","floor":6.0,"turns":7.0},{"damage":1.0,"enemies":"Gensokyo:Python","floor":7.0,"turns":3.0},{"damage":4.0,"enemies":"Gensokyo:Aya","floor":8.0,"turns":4.0},{"damage":2.0,"enemies":"Gensokyo:Gryphon","floor":10.0,"turns":3.0},{"damage":0.0,"enemies":"Gensokyo:Mamizou","floor":12.0,"turns":4.0},{"damage":11.0,"enemies":"Gensokyo:Cirno","floor":14.0,"turns":8.0},{"damage":0.0,"enemies":"Gensokyo:Reimu","floor":16.0,"turns":6.0},{"damage":5.0,"enemies":"Gensokyo:CosmicMonolith","floor":18.0,"turns":4.0},{"damage":0.0,"enemies":"Gensokyo:AngelMirror","floor":19.0,"turns":1.0},{"damage":6.0,"enemies":"Gensokyo:Chomper_and_Gloop","floor":21.0,"turns":4.0},{"damage":23.0,"enemies":"Gensokyo:Koishi","floor":24.0,"turns":4.0},{"damage":0.0,"enemies":"Gensokyo:Reisen","floor":27.0,"turns":4.0},{"damage":0.0,"enemies":"Gensokyo:Monolith_and_Dog","floor":28.0,"turns":3.0},{"damage":1.0,"enemies":"Gensokyo:Koishi","floor":29.0,"turns":4.0},{"damage":11.0,"enemies":"Gensokyo:Eiki","floor":33.0,"turns":5.0},{"damage":0.0,"enemies":"Gensokyo:3_Boulders","floor":35.0,"turns":4.0},{"damage":4.0,"enemies":"Gensokyo:3_Bats","floor":37.0,"turns":2.0},{"damage":0.0,"enemies":"Gensokyo:3_Boulders","floor":38.0,"turns":3.0},{"damage":2.0,"enemies":"Gensokyo:Dusk_and_Dawn","floor":40.0,"turns":5.0},{"damage":9.0,"enemies":"Gensokyo:Kasen","floor":42.0,"turns":3.0},{"damage":0.0,"enemies":"Gensokyo:Doremy","floor":44.0,"turns":4.0},{"damage":0.0,"enemies":"Gensokyo:4_Bats","floor":45.0,"turns":3.0},{"damage":0.0,"enemies":"Gensokyo:AtlasGolem","floor":46.0,"turns":2.0},{"damage":10.0,"enemies":"Gensokyo:Marisa","floor":47.0,"turns":4.0},{"damage":0.0,"enemies":"Gensokyo:Rafflesia","floor":48.0,"turns":4.0},{"damage":0.0,"enemies":"Gensokyo:Yuyuko","floor":50.0,"turns":5.0},{"damage":34,"enemies":"Gensokyo:Yuyuko","floor":51,"turns":8},{"damage":4,"enemies":"Gensokyo:Yuyuko","floor":52,"turns":2},{"damage":0,"enemies":"Gensokyo:Yuyuko","floor":56,"turns":2},{"damage":36,"enemies":"paleoftheancients:N","floor":60,"turns":5}],"seed_played":"2323516953412287244","potions_obtained":[{"floor":1.0,"key":"Fire Potion"},{"floor":7.0,"key":"Elixir"},{"floor":8.0,"key":"Energy Potion"},{"floor":18.0,"key":"FearPotion"},{"floor":24.0,"key":"FearPotion"},{"floor":27.0,"key":"CausticAgent"},{"floor":45.0,"key":"Doom Potion"},{"floor":51,"key":"SteroidPotion"},{"floor":56,"key":"CausticAgent"}],"is_trial":false,"path_per_floor":["M","?","COS","?","?","E","M","E","T","M","R","E","R","E","R","B",null,"M","M","T","M","$","R","E","R","T","E","M","E","?","?","R","B",null,"M","?","M","M","?","M","R","E","T","E","M","M","E","M","R","B","M","M","?","$","R","M","R","$","?","B",null],"character_chosen":"YOUMU","items_purchased":["Question Card","Replay:Wax Seal","Gremlin Horn","Sling","PhosphoricSlash+1","FlashingScatteredFlowers+1","Strength Potion","War Paint","HellFireSword","Oddly Smooth Stone","SanzenSekai+1","PhosphoricSlash+1"],"campfire_rested":0,"item_purchase_floors":[22,54,54,54,54,54,54,58,58,58,58,58],"current_hp_per_floor":[68,68,68,68,68,55,54,50,50,48,48,48,48,37,37,37,68,63,63,63,57,57,57,34,34,34,44,44,43,43,43,43,32,68,68,68,64,64,37,35,35,26,26,28,30,32,24,26,26,68,34,32,32,32,32,34,34,34,34,68],"gold":367,"neow_bonus":"THREE_RARE_CARDS","is_daily":false,"chose_seed":false,"campfire_upgraded":10,"win_rate":0.0,"timestamp":1609937424,"path_taken":["M","?","COS","?","?","E","M","E","T","M","R","E","R","E","R","BOSS","M","M","?","?","$","R","E","R","T","E","M","E","?","?","R","BOSS","M","?","?","M","?","M","R","E","T","E","M","M","E","M","R","BOSS","M","M","?","$","R","M","R","$","?","BOSS"],"items_purchased_type":["Relic","Relic","Relic","Relic","Card","Card","Potion","Relic","Card","Relic","Card","Card"],"build_version":"2020-12-22","purchased_purges":3,"victory":true,"max_hp_per_floor":[68,68,68,68,68,68,68,68,68,68,68,68,68,68,68,68,68,68,68,68,68,68,68,68,68,68,68,68,68,68,68,68,68,68,68,68,68,68,68,68,68,68,68,68,68,68,68,68,68,68,68,68,68,68,68,68,68,68,68,68],"card_choices":[{"not_picked":["MatsuyoiReflectingSatelliteSlash","CelestialStarSword"],"picked":"SuddenDivineSeveringOfKarmicWind","floor":0.0},{"not_picked":["HellGodSword","HeavenlyHaloSlash"],"picked":"ConstancyOfTheConventionalTruth","floor":1.0},{"not_picked":["PhosphoricSlash","TwoHundredYojanaInOneSlash"],"picked":"EchoesOfTheInclemencyOfAllBeings","floor":5.0},{"not_picked":["SlashClearingTheSixSenses","MatsuyoiReflectingSatelliteSlash"],"picked":"PhosphoricSlash","floor":5.0},{"not_picked":["TwoHundredYojanaInOneSlash","ConstancyOfTheConventionalTruth"],"picked":"ObsessionWithThePresentWorld","floor":6.0},{"not_picked":["SlashOfTheEternalFuture","AsuraSword"],"picked":"SuddenDivineSeveringOfKarmicWind","floor":7.0},{"not_picked":["LifeCuttingSword","HumanKnowledgeSword"],"picked":"ThreeKonsSevenHakus","floor":7.0},{"not_picked":["CherryBlossomFlashing","SlashOfAscensionToBuddhahood"],"picked":"SlashOfDelusionalInnerEye","floor":8.0},{"not_picked":["HumanRealmSword","ASingleThoughtAndInfiniteKalpas"],"picked":"SpiritCuttingSword","floor":10.0},{"not_picked":["PretaSword+1","FiveSignsOfTheDyingDeva+1"],"picked":"ObsessionWithThePresentWorld","floor":12.0},{"not_picked":["ThreeKonsSevenHakus","FantasyOfEnteringEnlightenment"],"picked":"DispleasureOfTheSevenHakus","floor":14.0},{"not_picked":["HeavenGodSword+1","VoidnessSword"],"picked":"StrangeHalfBody","floor":16.0},{"not_picked":["ThreeKonsSevenHakus+1","SwordOfBindingDesires+1"],"picked":"SanzenSekai+1","floor":18.0},{"not_picked":["HumanKnowledgeSword+1","SanzenSekai+1"],"picked":"SpiritCuttingSword+1","floor":19.0},{"not_picked":["DispleasureOfTheSevenHakus","RapidSlash+1"],"picked":"CrescentMoonSlash+1","floor":21.0},{"not_picked":["HesitationCuttingSword","SlashOfMeditation+1","ConstancyOfTheConventionalTruth"],"picked":"LotusPostureSlash+1","floor":24.0},{"not_picked":["SpiritCuttingSword","HiganSword","ConstancyOfTheConventionalTruth"],"picked":"ThreeKonsSevenHakus+1","floor":27.0},{"not_picked":["RapidSlash+1","TwoHundredYojanaInOneSlash+1","ObsessionSword"],"picked":"HesitationCuttingSword+1","floor":28.0},{"not_picked":["StrangeHalfBody","LifeCuttingSword+1","SpiritCuttingSword"],"picked":"SlashOfDelusionalInnerEye+1","floor":29.0},{"not_picked":["StrangeHalfBody","ReincarnationSword","GreatEnlightenmentAppearingAndDisappearing"],"picked":"HeavenSword","floor":33.0},{"not_picked":["TwoHundredYojanaInOneSlash+1","SpiritCuttingSword","KarmicPunishmentOfTheIdleAndUnfocused"],"picked":"SuddenPhantomFormationSlashOfKarmicWind+1","floor":35.0},{"not_picked":["LifeCuttingSword+1","ThreeKonsSevenHakus","ConstancyOfTheConventionalTruth+1"],"picked":"CrescentMoonSlash+1","floor":37.0},{"not_picked":["HumanRealmSword+1","SanzenSekai+1","DispleasureOfTheSevenHakus"],"picked":"ThreeKonsSevenHakus+1","floor":38.0},{"not_picked":["SwordOfBindingDesires","SpiderLilyBurial+1","FourBirthsSword","PretaSword+1"],"picked":"SKIP","floor":40.0},{"not_picked":["LowerRealmReflectionSlash+1","CrescentMoonSlash+1","ThreeKonsSevenHakus"],"picked":"TwoHundredYojanaInOneSlash+1","floor":42.0},{"not_picked":["ConstancyOfTheConventionalTruth","SlashClearingTheSixSenses+1","SanzenSekai+1"],"picked":"HellFireSword+1","floor":44.0},{"not_picked":["SlashOfTheEternalFuture+1","ConstancyOfTheConventionalTruth+1","SanzenSekai+1"],"picked":"LotusPostureSlash+1","floor":45.0},{"not_picked":["SlashOfDelusionalInnerEye+1","ObsessionWithThePresentWorld","CrescentMoonSlash+1"],"picked":"ThreeKonsSevenHakus+1","floor":46.0},{"not_picked":["EchoesOfTheInclemencyOfAllBeings+1","LifeCuttingSword+1","MatsuyoiReflectingSatelliteSlash+1","SpiderLilyBurial+1"],"picked":"SKIP","floor":47.0},{"not_picked":["TwoHundredYojanaInOneSlash+1","PhosphoricSlash+1","CrescentMoonSlash+1"],"picked":"HesitationCuttingSword","floor":48.0},{"not_picked":["SlashOfDelusionalInnerEye+1","CrescentMoonSlash+1","TwoHundredYojanaInOneSlash+1","HumanKnowledgeSword+1"],"picked":"SKIP","floor":51},{"not_picked":["SwordOfBindingDesires","SlashOfMeditation+1","AsTheSilentNirvana"],"picked":"HellRealmSword+1","floor":52},{"not_picked":["ConstancyOfTheConventionalTruth+1","LowerRealmReflectionSlash+1","HesitationCuttingSword"],"picked":"SwordExtraction+1","floor":56}],"player_experience":524994,"relics_obtained":[{"floor":6.0,"key":"Mirror"},{"floor":8.0,"key":"ReplayFunnel"},{"floor":9.0,"key":"Nunchaku"},{"floor":12.0,"key":"Molten Egg 2"},{"floor":14.0,"key":"Bronze Scales"},{"floor":20.0,"key":"Orichalcum"},{"floor":24.0,"key":"Replay:Baseball"},{"floor":26.0,"key":"ReplayTheSpireMod:TigerMarble"},{"floor":27.0,"key":"InkBottle"},{"floor":29.0,"key":"Boot"},{"floor":42.0,"key":"Blue Doll"},{"floor":43.0,"key":"Blood Vial"},{"floor":44.0,"key":"ReplayTheSpireMod:Lightbulb"},{"floor":47.0,"key":"Replay:Bottled Eggs"},{"floor":51,"key":"paleoftheancients:SoulOfTheWokeBloke"},{"floor":53,"key":"Ring of Fury"}],"event_choices":[],"is_beta":false,"boss_relics":[{"not_picked":["Replay:Wanted Poster","ReplayTheSpireMod:DimensionalGlitch"],"picked":"Runic Dome"},{"not_picked":["Snecko Eye","Honey Jar"],"picked":"Runic Pyramid"}],"items_purged_floors":[22,54,58],"is_endless":false,"potions_floor_spawned":[1,7,8,18,24,27,28,33,35,38,45,47,51,56],"ascension_level":1}}