{"host":"jtxptf9isiqyc7jm","time":1609962041,"event":{"mods":["Act Like it!","BaseMod","Bestiary","BetterRewards","Colored Powertips","Custom Start","Downfall","Friendly Minions","Hermit","Hubris","Infinite Spire","Jorbs\u0027s Wanderer Trilogy","Kiyohime????","Koishi","Lobotomy","Marisa????????","Minty Spire (QoL Compilation)","Prisma Mod","Remilia??????","Replay The Spire","Shop Mod","StSLib","The Construct","The Cursed","The Disciple","The Hierophant","The Jungle","The Runesmith","The Senshi","The Servant 0.9.4"],"gold_per_floor":[110,110,130,130,130,162,177,104,158,158,158,174,100,112,112,215,215,230,197,197,197,197],"floor_reached":21,"playtime":908,"items_purged":[],"score":179,"play_id":"d1e88aaa-6d81-40fa-8e1e-455053ae854f","local_time":"20210106194041","is_ascension_mode":false,"campfire_choices":[{"data":"Infinite Blades","floor":10,"key":"SMITH"},{"floor":15,"key":"REST"}],"circlet_count":0,"master_deck":["Strike_G","Strike_G+1","Strike_G","Strike_G","Strike_G","Defend_G","Defend_G","Defend_G","Defend_G","Defend_G","Survivor","Neutralize","Accuracy","Prepared","Accuracy","Replay:Poison Smokescreen","Infinite Blades+1","Well Laid Plans","ReplayTheSpireMod:Scrap Shanks","Tactician","Die Die Die","Poisoned Stab+1","Noxious Fumes"],"relics":["Ring of the Snake","hubris:Icosahedron","hubris:TenFootPole","Centennial Puzzle","WristBlade"],"acts_visited":["Exordium","TheCity"],"potions_floor_usage":[6,16,16,19],"damage_taken":[{"damage":0,"enemies":"2 Louse","floor":1,"turns":4},{"damage":0,"enemies":"Jaw Worm","floor":3,"turns":5},{"damage":15,"enemies":"Gremlin Nob","floor":6,"turns":5},{"damage":0,"enemies":"Small Slimes","floor":7,"turns":4},{"damage":11,"enemies":"Blue Slaver","floor":12,"turns":4},{"damage":2,"enemies":"Looter","floor":14,"turns":4},{"damage":48,"enemies":"The Guardian","floor":16,"turns":9},{"damage":7,"enemies":"Shell Parasite","floor":18,"turns":6},{"damage":22,"enemies":"2 Thieves","floor":19,"turns":3},{"damage":49,"enemies":"Masked Bandits","floor":21,"turns":3}],"seed_played":"1452439071579537797","potions_obtained":[{"floor":3,"key":"CunningPotion"},{"floor":7,"key":"AttackPotion"},{"floor":12,"key":"Strength Potion"},{"floor":16,"key":"SpeedPotion"},{"floor":18,"key":"Death Potion"},{"floor":19,"key":"Milkshake"}],"is_trial":false,"path_per_floor":["M","?","M","?","?","E","M","$","T","R","$","M","$","M","R","B",null,"M","M","?","?"],"character_chosen":"THE_SILENT","items_purchased":["Infinite Blades","ReplayTheSpireMod:Scrap Shanks"],"campfire_rested":1,"item_purchase_floors":[8,13],"current_hp_per_floor":[70,70,70,70,70,55,55,55,55,55,55,44,44,42,63,15,70,63,41,41,0,0],"gold":197,"neow_bonus":"RANDOM_EVENT","is_daily":false,"chose_seed":false,"campfire_upgraded":1,"win_rate":0.0,"timestamp":1609962041,"path_taken":["M","?","M","?","?","E","M","?","T","R","$","M","$","M","R","BOSS","M","M","?","?"],"items_purchased_type":["Card","Card"],"build_version":"2020-12-22","purchased_purges":0,"victory":false,"max_hp_per_floor":[70,70,70,70,70,70,70,70,70,70,70,70,70,70,70,70,70,70,70,70,70,70],"card_choices":[{"not_picked":["Flying Knee","Cloak And Dagger"],"picked":"Accuracy","floor":1},{"not_picked":["ReplayTheSpireMod:Exploit Weakness","Flying Knee"],"picked":"Prepared","floor":3},{"not_picked":["hubris:Sniper","Underhanded Strike"],"picked":"Accuracy","floor":6},{"not_picked":["Flechettes","Distraction"],"picked":"Replay:Poison Smokescreen","floor":7},{"not_picked":["Outmaneuver","hubris:SlightOfHand"],"picked":"Well Laid Plans","floor":12},{"not_picked":["Quick Slash","PiercingWail"],"picked":"Tactician","floor":14},{"not_picked":["Glass Knife","After Image"],"picked":"Die Die Die","floor":16},{"not_picked":["Leg Sweep","Replay:Poison Smokescreen"],"picked":"Poisoned Stab+1","floor":18},{"not_picked":["hubris:TrickCloak+1","Sucker Punch"],"picked":"Noxious Fumes","floor":19}],"player_experience":119705,"relics_obtained":[{"floor":6,"key":"hubris:TenFootPole"},{"floor":9,"key":"Centennial Puzzle"}],"event_choices":[{"damage_healed":0,"gold_gain":0,"player_choice":"Ignored","damage_taken":0,"max_hp_gain":0,"max_hp_loss":0,"event_name":"Golden Wing","floor":2,"gold_loss":0},{"damage_healed":0,"gold_gain":0,"player_choice":"Ignored","damage_taken":0,"max_hp_gain":0,"max_hp_loss":0,"event_name":"Liars Game","floor":4,"gold_loss":0},{"damage_healed":0,"gold_gain":0,"player_choice":"Ignored","damage_taken":0,"max_hp_gain":0,"max_hp_loss":0,"event_name":"Beggar","floor":20,"gold_loss":0},{"damage_healed":0,"gold_gain":0,"player_choice":"Fought Bandits","damage_taken":0,"max_hp_gain":0,"max_hp_loss":0,"event_name":"Masked Bandits","floor":21,"gold_loss":0}],"is_beta":false,"boss_relics":[{"not_picked":["ChewingGum","Tiny House"],"picked":"WristBlade"}],"items_purged_floors":[],"is_endless":false,"potions_floor_spawned":[3,7,12,16,18,19],"killed_by":"Masked Bandits","ascension_level":0}}