{"host":"4q6g5wn1adpnm0z5","time":1609961784,"event":{"mods":["2.2 Compatiblity","Aspiration","Astrologer","BaseMod","Hubris","Minty Spire (QoL Compilation)","Replay The Spire","StSLib","The Cursed","The Jungle"],"gold_per_floor":[119,119,134,134,59,84,109,135,135,161,161,175,225,257,257,336,336,353,363,378,75,75,103,115,141,141,141,41,67,67,96,96,167,167,178,191,208,227,238,238,268,287,310,379,379,415,470,46,46,98],"floor_reached":51,"playtime":2155,"items_purged":["hubris:SlightOfHand","hubris:SlightOfHand","Outmaneuver"],"score":2151,"play_id":"598c1853-08c4-4105-8a00-69861ad3151f","local_time":"20210106203624","daily_mods":["Insanity","ControlledChaos","Elite Swarm"],"is_ascension_mode":true,"campfire_choices":[{"data":"Sneak Up","floor":11,"key":"SMITH"},{"floor":15,"key":"REST"},{"data":"1","floor":27,"key":"LIFT"},{"data":"2","floor":30,"key":"LIFT"},{"data":"3","floor":32,"key":"LIFT"},{"data":"Acrobatics","floor":40,"key":"SMITH"},{"data":"Acrobatics","floor":49,"key":"SMITH"}],"circlet_count":0,"master_deck":["AscendersBane","Acrobatics","Quick Slash","Crippling Poison","Backstab","Blade Dance","All Out Attack","Blade Dance","Quick Slash","Escape Plan","Skewer","Bane+1","Terror","hubris:Counter","Backstab","Acrobatics+1","Sneak Up+1","Masterful Stab+1","Blade Dance","Slice","Flying Knee","Poisoned Stab","Acrobatics+1","Dagger Throw","Infinite Blades","Bane","Underhanded Strike","Distraction","Concentrate","All Out Attack","PiercingWail","Dagger Throw","Fluid Movement","ReplayTheSpireMod:Speed Training","Cloak And Dagger","Endless Agony","Backflip","Noxious Fumes","Hidden Blade","Dagger Throw","Backflip","Riddle With Holes","Endless Agony","Noxious Fumes","Toxin Wave","Poisoned Stab","Dagger Throw","Accuracy","Cloak And Dagger","Footwork","Backstab","Backflip","Escape Plan","Blade Dance+1"],"relics":["Ring of the Snake","Frozen Eye","hubris:64BitClover","Odd Mushroom","Gambling Chip","Bag of Marbles","Bottled Tornado","aspiration:HiddenCompartment","Replay:Ringing Soul","hubris:BlackHole","Basket Of Snakes","Girya","Pet Ghost","hubris:SlimyHat","Lantern","Replay:Baseball","Juzu Bracelet","WristBlade","Oddly Smooth Stone","Replay:Bandana","hubris:MedicalManual","Whetstone","hubris:ToyBattleship","ClockworkSouvenir","Blue Doll"],"acts_visited":["Exordium","Exordium","TheBeyond"],"potions_floor_usage":[16,50],"damage_taken":[{"damage":0.0,"enemies":"Cultist","floor":1.0,"turns":2.0},{"damage":0,"enemies":"2 Louse","floor":3,"turns":1},{"damage":12,"enemies":"Gremlin Nob","floor":6,"turns":3},{"damage":2,"enemies":"The Mushroom Lair","floor":7,"turns":3},{"damage":20,"enemies":"Lagavulin","floor":8,"turns":3},{"damage":0,"enemies":"Gremlin Nob","floor":10,"turns":1},{"damage":0,"enemies":"Small Slimes","floor":12,"turns":1},{"damage":4,"enemies":"3 Sentries","floor":14,"turns":4},{"damage":41,"enemies":"The Guardian","floor":16,"turns":8},{"damage":0,"enemies":"theJungle:GiantWrat","floor":18,"turns":2},{"damage":7,"enemies":"theJungle:5_Spyders","floor":19,"turns":3},{"damage":0,"enemies":"theJungle:Lyon","floor":20,"turns":1},{"damage":8,"enemies":"theJungle:Cassacara","floor":23,"turns":3},{"damage":0,"enemies":"theJungle:2_Snecko_Cultists","floor":24,"turns":2},{"damage":0,"enemies":"theJungle:2_Phrogs","floor":25,"turns":4},{"damage":0,"enemies":"theJungle:Cassacara","floor":29,"turns":2},{"damage":0,"enemies":"theJungle:MamaSnecko","floor":31,"turns":2},{"damage":0,"enemies":"theJungle:QueenSpyder","floor":33,"turns":3},{"damage":0,"enemies":"3 Darklings","floor":35,"turns":2},{"damage":0,"enemies":"Orb Walker","floor":36,"turns":1},{"damage":0,"enemies":"Maw","floor":37,"turns":2},{"damage":0,"enemies":"Transient","floor":38,"turns":4},{"damage":0,"enemies":"Sphere and 2 Shapes","floor":39,"turns":5},{"damage":0,"enemies":"Reptomancer","floor":41,"turns":1},{"damage":0,"enemies":"Jaw Worm Horde","floor":42,"turns":2},{"damage":0,"enemies":"Giant Head","floor":44,"turns":2},{"damage":3,"enemies":"Writhing Mass","floor":46,"turns":2},{"damage":0,"enemies":"Reptomancer","floor":47,"turns":1},{"damage":0,"enemies":"hubris:GrandSnecko","floor":50,"turns":2}],"seed_played":"8857869579252614480","potions_obtained":[{"floor":8,"key":"SteroidPotion"},{"floor":10,"key":"Toxic Potion"},{"floor":18,"key":"Explosive Potion"},{"floor":20,"key":"LifebloodPotion"},{"floor":24,"key":"Swift Potion"}],"is_trial":true,"path_per_floor":["M","?","M","?","$","E","?","E","T","E","R","M","T","E","R","B",null,"M","M","M","$","?","E","M","E","T","R","$","E","R","E","R","B",null,"M","M","M","M","M","R","E","M","T","E","?","M","E","$","R","B",null],"character_chosen":"THE_SILENT","items_purchased":["Basket Of Snakes","ClockworkSouvenir","Blue Doll"],"campfire_rested":1,"item_purchase_floors":[21,48,48],"current_hp_per_floor":[59,59,59,64,64,52,50,30,30,30,30,30,30,26,47,6,55,55,48,48,48,57,49,49,49,49,49,49,49,49,49,49,49,66,66,69,69,69,72,72,72,72,72,72,72,72,72,72,72,72],"gold":98,"neow_bonus":"","is_daily":false,"chose_seed":false,"campfire_upgraded":3,"win_rate":0.0,"timestamp":1609961784,"path_taken":["M","?","M","?","$","E","?","E","T","E","R","M","?","E","R","BOSS","M","M","M","$","?","E","M","E","T","R","$","E","R","E","R","BOSS","M","M","M","M","M","R","E","M","T","E","?","M","E","?","R","BOSS"],"items_purchased_type":["Relic","Relic","Relic"],"build_version":"2020-12-22","purchased_purges":3,"victory":true,"max_hp_per_floor":[66,66,66,71,71,71,71,71,71,71,71,71,71,71,71,71,71,71,71,71,71,71,71,71,71,71,71,71,71,71,71,71,71,71,71,74,74,74,77,77,77,77,77,77,77,80,80,80,80,80],"card_choices":[{"not_picked":["Deflect","Terror"],"picked":"Cloak And Dagger","floor":1.0},{"not_picked":["Prepared","Hidden Blade","Predator"],"picked":"SKIP","floor":3},{"not_picked":["A Thousand Cuts","Wraith Form v2","Night Terror"],"picked":"SKIP","floor":6},{"not_picked":["Dagger Throw","Sneak Up"],"picked":"Footwork","floor":7},{"not_picked":["ReplayTheSpireMod:From All Sides","Wraith Form v2","ReplayTheSpireMod:Necrosis"],"picked":"SKIP","floor":8},{"not_picked":["Malaise","Bullet Time","Adrenaline"],"picked":"SKIP","floor":10},{"not_picked":["Catalyst","Poisoned Stab"],"picked":"Backstab","floor":12},{"not_picked":["Tools of the Trade","Phantasmal Killer","Bullet Time"],"picked":"SKIP","floor":14},{"not_picked":["Dagger Throw","Replay:Poison Smokescreen","Sucker Punch"],"picked":"SKIP","floor":18},{"not_picked":["Sucker Punch","hubris:SlightOfHand","PiercingWail+1"],"picked":"SKIP","floor":19},{"not_picked":["Setup","Quick Slash","Slice"],"picked":"SKIP","floor":20},{"not_picked":["Unload","Corpse Explosion","Poison Darts"],"picked":"SKIP","floor":23},{"not_picked":["Deflect+1","Heel Hook","Noxious Fumes"],"picked":"SKIP","floor":24},{"not_picked":["Glass Knife","Unload","Wraith Form v2"],"picked":"SKIP","floor":25},{"not_picked":["Venomology","Bullet Time","Envenom"],"picked":"SKIP","floor":29},{"not_picked":["Adrenaline","Storm of Steel","Malaise"],"picked":"SKIP","floor":31},{"not_picked":["Endless Agony","ReplayTheSpireMod:Exploit Weakness+1","Prepared+1"],"picked":"SKIP","floor":35},{"not_picked":["ReplayTheSpireMod:The Works","Accuracy"],"picked":"Backflip","floor":36},{"not_picked":["hubris:SlightOfHand","Dodge and Roll","Setup"],"picked":"SKIP","floor":37},{"not_picked":["Deflect","Die Die Die","Masterful Stab+1"],"picked":"SKIP","floor":38},{"not_picked":["Poisoned Stab","Choke"],"picked":"Escape Plan","floor":39},{"not_picked":["Burst","Night Terror","Unload"],"picked":"SKIP","floor":41},{"not_picked":["Dagger Throw","Endless Agony","PiercingWail"],"picked":"SKIP","floor":42},{"not_picked":["Wraith Form v2","Venomology","Night Terror"],"picked":"SKIP","floor":44},{"not_picked":["Sucker Punch","Terror"],"picked":"Blade Dance+1","floor":46},{"not_picked":["Poison Darts","Doppelganger","Phantasmal Killer"],"picked":"SKIP","floor":47}],"player_experience":2337846,"relics_obtained":[{"floor":6,"key":"hubris:64BitClover"},{"floor":7,"key":"Odd Mushroom"},{"floor":8,"key":"Gambling Chip"},{"floor":9,"key":"Bag of Marbles"},{"floor":10,"key":"Bottled Tornado"},{"floor":13,"key":"aspiration:HiddenCompartment"},{"floor":14,"key":"Replay:Ringing Soul"},{"floor":23,"key":"Girya"},{"floor":25,"key":"Pet Ghost"},{"floor":26,"key":"hubris:SlimyHat"},{"floor":29,"key":"Lantern"},{"floor":31,"key":"Replay:Baseball"},{"floor":33,"key":"Juzu Bracelet"},{"floor":41,"key":"Oddly Smooth Stone"},{"floor":43,"key":"Replay:Bandana"},{"floor":44,"key":"hubris:MedicalManual"},{"floor":46,"key":"Whetstone"},{"floor":47,"key":"hubris:ToyBattleship"}],"event_choices":[{"damage_healed":0,"gold_gain":0,"player_choice":"Donut","damage_taken":0,"max_hp_gain":5,"max_hp_loss":0,"event_name":"Big Fish","floor":4,"gold_loss":0},{"damage_healed":0,"gold_gain":0,"player_choice":"Fought Mushrooms","damage_taken":0,"max_hp_gain":0,"max_hp_loss":0,"event_name":"Mushrooms","floor":7,"gold_loss":0},{"damage_healed":0,"gold_gain":0,"player_choice":"0 cards matched","damage_taken":0,"max_hp_gain":0,"max_hp_loss":0,"event_name":"Match and Keep!","floor":45,"gold_loss":0,"cards_obtained":[]}],"is_beta":false,"boss_relics":[{"not_picked":["Runic Pyramid","Replay:Ancient Bell"],"picked":"hubris:BlackHole"},{"not_picked":["Replay:Bronze Core","Snecko Eye"],"picked":"WristBlade"}],"items_purged_floors":[5,28,48],"is_endless":false,"potions_floor_spawned":[8,10,12,18,20,24,25,36,37,42,46,47],"ascension_level":14}}