{"host":"j4g6ia6asvpyu2b0","time":1609969803,"event":{"mods":["BaseMod","Colored Map","Minty Spire (QoL Compilation)","Permanent Neow","Quick Restart","Relic Stats","StSLib","Unceasing Turn Reminder"],"gold_per_floor":[117,117,135,85,131,131,131],"floor_reached":6,"playtime":131,"items_purged":[],"score":41,"play_id":"bf3d0130-efd7-4121-a4be-b3df06b7880a","local_time":"20210106145003","is_ascension_mode":true,"campfire_choices":[],"circlet_count":0,"master_deck":["Strike_P","Strike_P","Strike_P","Defend_P","Defend_P","Defend_P","Defend_P","Eruption","Vigilance","Protect","FearNoEvil","Normality"],"relics":["Cursed Key","Golden Idol","Oddly Smooth Stone"],"acts_visited":["Exordium"],"potions_floor_usage":[],"damage_taken":[{"damage":5,"enemies":"2 Louse","floor":1,"turns":2},{"damage":0,"enemies":"Jaw Worm","floor":3,"turns":4},{"damage":0,"enemies":"3 Sentries","floor":6,"turns":1}],"seed_played":"-9012879324196326382","potions_obtained":[],"is_trial":false,"path_per_floor":["M","?","M","?","T","E"],"character_chosen":"WATCHER","items_purchased":[],"campfire_rested":0,"item_purchase_floors":[],"current_hp_per_floor":[67,67,67,67,67,67,67],"gold":131,"neow_bonus":"BOSS_RELIC","is_daily":false,"chose_seed":false,"campfire_upgraded":0,"win_rate":0.0,"timestamp":1609969803,"path_taken":["M","?","M","?","?","E"],"items_purchased_type":[],"build_version":"2020-12-22","purchased_purges":0,"victory":false,"max_hp_per_floor":[72,67,67,67,67,67,67],"relic_stats":{"counters":[3,7],"Golden Idol":4,"Cursed Key":1,"obtain_stats":[{"Golden Idol":2,"Oddly Smooth Stone":5,"PureWater":0,"Cursed Key":0},{"Golden Idol":1,"Oddly Smooth Stone":2,"PureWater":0,"Cursed Key":0},{"Golden Idol":2,"Oddly Smooth Stone":6,"PureWater":0,"Cursed Key":0}]},"card_choices":[{"not_picked":["EmptyBody","CrushJoints"],"picked":"Protect","floor":1},{"not_picked":["InnerPeace","CrushJoints"],"picked":"FearNoEvil","floor":3}],"player_experience":738371,"relics_obtained":[{"floor":5,"key":"Oddly Smooth Stone"}],"event_choices":[{"damage_healed":0,"gold_gain":0,"player_choice":"Lose Max HP","damage_taken":0,"relics_obtained":["Golden Idol"],"max_hp_gain":0,"max_hp_loss":5,"event_name":"Golden Idol","floor":2,"gold_loss":0},{"cards_removed":["Strike_P"],"damage_healed":0,"gold_gain":0,"player_choice":"Card Removal","damage_taken":0,"max_hp_gain":0,"max_hp_loss":0,"event_name":"The Cleric","floor":4,"gold_loss":50}],"is_beta":false,"boss_relics":[],"items_purged_floors":[],"is_endless":false,"potions_floor_spawned":[],"killed_by":"3 Sentries","ascension_level":4}}