{"host":"armnliea5o2aqs4b","time":1609898541,"event":{"mods":["BaseMod","Hubris","Infinite Spire","Minty Spire (QoL Compilation)","Quick Restart","StSLib"],"gold_per_floor":[116,116,129,54,69,69,86,117,142,217,235,235,135,154,154,255,255,267,142,142,155,80,80,110,127,151,151,165,175,175,185,185,287,287,307,319,319,329,329,363,376,376,376,388,408,113,113,125,125,125,125,125,125,150,150],"floor_reached":56,"playtime":839,"items_purged":["Defend_P","Strike_P","Strike_P","Eruption","Strike_P"],"score":1603,"play_id":"25d8990a-f340-43be-a28e-503b50c16284","local_time":"20210106130221","is_ascension_mode":false,"campfire_choices":[{"data":"hubris:InfiniteBlow+264","floor":6.0,"key":"SMITH"},{"floor":15.0,"key":"RECALL"},{"floor":23.0,"key":"REST"},{"data":"hubris:InfiniteBlow+265","floor":27.0,"key":"SMITH"},{"data":"hubris:InfiniteBlow+266","floor":32.0,"key":"SMITH"},{"data":"hubris:InfiniteBlow+267","floor":42.0,"key":"SMITH"},{"data":"hubris:InfiniteBlow+268","floor":47.0,"key":"SMITH"},{"data":"hubris:InfiniteBlow+269","floor":49.0,"key":"SMITH"},{"data":"hubris:InfiniteBlow+270","floor":52.0,"key":"SMITH"}],"circlet_count":0,"master_deck":["hubris:InfiniteBlow+336","Defend_P","Defend_P","Defend_P","Vigilance","DevaForm","Omniscience","ClearTheMind"],"relics":["PureWater","NeowsBlessing","hubris:TenFootPole","Damaru","hubris:Towel","Black Star","GoldenEye","hubris:Spice","Bag of Marbles","Potion Belt","Philosopher\u0027s Stone","Kunai","Centennial Puzzle","Kunai","hubris:PeanutButter"],"acts_visited":["Exordium","TheCity","TheBeyond","TheEnding"],"potions_floor_usage":[55],"damage_taken":[{"damage":0.0,"enemies":"Cultist","floor":1.0,"turns":2.0},{"damage":0.0,"enemies":"2 Louse","floor":3.0,"turns":1.0},{"damage":0.0,"enemies":"Jaw Worm","floor":5.0,"turns":1.0},{"damage":2.0,"enemies":"2 Fungi Beasts","floor":7.0,"turns":3.0},{"damage":0.0,"enemies":"Lagavulin","floor":8.0,"turns":1.0},{"damage":0.0,"enemies":"Red Slaver","floor":11.0,"turns":1.0},{"damage":1.0,"enemies":"Exordium Wildlife","floor":14.0,"turns":2.0},{"damage":0.0,"enemies":"The Guardian","floor":16.0,"turns":2.0},{"damage":10.0,"enemies":"2 Thieves","floor":18.0,"turns":4.0},{"damage":0.0,"enemies":"Shell Parasite","floor":21.0,"turns":1.0},{"damage":0.0,"enemies":"Book of Stabbing","floor":24.0,"turns":1.0},{"damage":0.0,"enemies":"Snake Plant","floor":25.0,"turns":1.0},{"damage":0.0,"enemies":"Sentry and Sphere","floor":28.0,"turns":2.0},{"damage":0.0,"enemies":"Centurion and Healer","floor":29.0,"turns":1.0},{"damage":0.0,"enemies":"Shelled Parasite and Fungi","floor":31.0,"turns":2.0},{"damage":0.0,"enemies":"Champ","floor":33.0,"turns":1.0},{"damage":7.0,"enemies":"3 Shapes","floor":35.0,"turns":2.0},{"damage":0.0,"enemies":"Orb Walker","floor":36.0,"turns":1.0},{"damage":0.0,"enemies":"Spire Growth","floor":38.0,"turns":1.0},{"damage":0.0,"enemies":"Nemesis","floor":40.0,"turns":1.0},{"damage":5.0,"enemies":"Sphere and 2 Shapes","floor":41.0,"turns":2.0},{"damage":0.0,"enemies":"Maw","floor":44.0,"turns":1.0},{"damage":0.0,"enemies":"Spire Growth","floor":45.0,"turns":1.0},{"damage":6.0,"enemies":"Sphere and 2 Shapes","floor":48.0,"turns":3.0},{"damage":0.0,"enemies":"Awakened One","floor":50.0,"turns":2.0},{"damage":0.0,"enemies":"Shield and Spear","floor":54.0,"turns":2.0},{"damage":41,"enemies":"The Heart","floor":55,"turns":3}],"seed_played":"-6049020897538464366","potions_obtained":[{"floor":7.0,"key":"Weak Potion"},{"floor":11.0,"key":"PowerPotion"},{"floor":25.0,"key":"GamblersBrew"},{"floor":31.0,"key":"SpeedPotion"},{"floor":36.0,"key":"EssenceOfSteel"}],"is_trial":false,"path_per_floor":["M","?","M","$","M","R","M","E","T","?","M","?","$","M","R","B",null,"M","$","?","M","?","R","E","M","T","R","M","M","AVR","M","R","B",null,"M","M","AVR","M","?","E","M","R","T","M","M","$","R","M","R","B",null,"R","$","E","B",null],"character_chosen":"WATCHER","items_purchased":["hubris:Spice"],"campfire_rested":1,"item_purchase_floors":[46],"current_hp_per_floor":[72,72,72,72,72,72,70,70,70,65,65,65,65,64,64,64,72,62,62,59,59,59,72,80,80,80,80,80,80,80,80,80,80,80,73,73,73,73,80,88,83,83,83,83,83,80,80,72,72,72,72,72,72,64,23],"gold":150,"neow_bonus":"THREE_ENEMY_KILL","is_daily":false,"chose_seed":false,"campfire_upgraded":7,"win_rate":0.0,"timestamp":1609898541,"path_taken":["M","?","M","$","M","R","M","E","T","?","?","?","$","M","R","BOSS","M","$","?","?","?","R","E","M","T","R","M","M","AVR","M","R","BOSS","M","M","AVR","M","?","E","M","R","T","M","?","$","R","M","R","BOSS","R","$","E","BOSS"],"items_purchased_type":["Relic"],"build_version":"2020-12-22","purchased_purges":5,"victory":true,"max_hp_per_floor":[72,72,72,72,72,72,72,72,72,72,72,72,72,72,72,72,72,72,72,72,72,72,72,80,80,80,80,80,80,80,80,80,80,80,80,80,80,80,80,88,88,88,88,88,88,80,80,72,72,72,72,72,72,64,64],"card_choices":[{"not_picked":["SandsOfTime","EmptyFist","ThirdEye"],"picked":"SKIP","floor":1.0},{"not_picked":["Conclude","EmptyBody","FollowUp"],"picked":"SKIP","floor":3.0},{"not_picked":["EmptyBody","CrushJoints"],"picked":"DevaForm","floor":5.0},{"not_picked":["CutThroughFate","ReachHeaven","Indignation"],"picked":"SKIP","floor":7.0},{"not_picked":["FearNoEvil","TalkToTheHand","Evaluate"],"picked":"SKIP","floor":8.0},{"not_picked":["EmptyFist","SashWhip","Protect"],"picked":"SKIP","floor":11.0},{"not_picked":["EmptyFist","FlurryOfBlows","InnerPeace"],"picked":"SKIP","floor":14.0},{"not_picked":["DeusExMachina","Brilliance"],"picked":"Omniscience","floor":16.0},{"not_picked":["EmptyBody","CrushJoints+1"],"picked":"ClearTheMind","floor":18.0},{"not_picked":["ClearTheMind","SashWhip","Omniscience"],"picked":"SKIP","floor":21.0},{"not_picked":["Perseverance","Halt","Wallop"],"picked":"SKIP","floor":24.0},{"not_picked":["Crescendo","Swivel+1","EmptyFist"],"picked":"SKIP","floor":25.0},{"not_picked":["Crescendo","ClearTheMind","FlurryOfBlows"],"picked":"SKIP","floor":28.0},{"not_picked":["ThirdEye","TalkToTheHand+1","SashWhip+1"],"picked":"SKIP","floor":29.0},{"not_picked":["CutThroughFate+1","FlyingSleeves","FlurryOfBlows+1"],"picked":"SKIP","floor":31.0},{"not_picked":["Protect","FollowUp+1","Crescendo+1"],"picked":"SKIP","floor":35.0},{"not_picked":["Meditate+1","Conclude","Halt"],"picked":"SKIP","floor":36.0},{"not_picked":["ClearTheMind+1","ConjureBlade","CrushJoints+1"],"picked":"SKIP","floor":38.0},{"not_picked":["CutThroughFate","Evaluate","MasterReality"],"picked":"SKIP","floor":40.0},{"not_picked":["CrushJoints","Adaptation","BowlingBash"],"picked":"SKIP","floor":41.0},{"not_picked":["Halt+1","Consecrate+1","WaveOfTheHand+1"],"picked":"SKIP","floor":44.0},{"not_picked":["Pray+1","CrushJoints+1","Collect"],"picked":"SKIP","floor":45.0},{"not_picked":["JustLucky+1","BowlingBash+1"],"picked":"hubris:SpiceAddiction","floor":48.0},{"not_picked":["Study","SignatureMove","JustLucky+1"],"picked":"SKIP","floor":54.0}],"player_experience":171112,"relics_obtained":[{"floor":2.0,"key":"hubris:TenFootPole"},{"floor":8.0,"key":"Damaru"},{"floor":24.0,"key":"GoldenEye"},{"floor":24.0,"key":"hubris:Spice"},{"floor":26.0,"key":"Bag of Marbles"},{"floor":40.0,"key":"Centennial Puzzle"},{"floor":40.0,"key":"hubris:Spice"},{"floor":43.0,"key":"Kunai"},{"floor":54.0,"key":"hubris:PeanutButter"},{"floor":54.0,"key":"hubris:Spice"}],"event_choices":[{"damage_healed":0.0,"max_hp_gain":0.0,"max_hp_loss":0.0,"gold_gain":75.0,"event_name":"World of Goop","player_choice":"Gather Gold","floor":10.0,"gold_loss":0.0,"damage_taken":11.0},{"damage_healed":0.0,"max_hp_gain":0.0,"max_hp_loss":0.0,"gold_gain":0.0,"event_name":"Wheel of Change","player_choice":"Damaged","floor":20.0,"gold_loss":0.0,"damage_taken":7.0},{"cards_removed":["Strike_P"],"damage_healed":0.0,"max_hp_gain":0.0,"max_hp_loss":0.0,"gold_gain":0.0,"event_name":"Beggar","player_choice":"Gave Gold","floor":22.0,"gold_loss":75.0,"damage_taken":0.0},{"damage_healed":7.0,"max_hp_gain":0.0,"max_hp_loss":0.0,"gold_gain":0.0,"event_name":"Wheel of Change","player_choice":"Full Heal","floor":39.0,"gold_loss":0.0,"damage_taken":0.0}],"is_beta":false,"boss_relics":[{"not_picked":["HolyWater","hubris:VirtuousBlindfold"],"picked":"Black Star"},{"not_picked":["hubris:Stopwatch","hubris:Spice"],"picked":"Philosopher\u0027s Stone"}],"items_purged_floors":[4,13,19,30,37],"is_endless":false,"potions_floor_spawned":[7,11,25,28,31,36,38,40,44,48],"ascension_level":0}}