{"host":"5gc11emcm5chfr5t","time":1609893443,"event":{"mods":["2.2 Compatiblity","AchievementEnabler","BaseMod","Bestiary","Better Note","Colored Map","Colored Powertips","Downfall","Googly Eyes","Minty Spire (QoL Compilation)","Rare Cards Sparkle","StSLib"],"gold_per_floor":[99,111,125,110,110,35,60,73,107,117,131,56,41,61,77,77,77],"floor_reached":16,"playtime":647,"items_purged":[],"score":208,"play_id":"c6fb3cd7-c4cd-4af5-869f-99674162ed07","local_time":"20210105193723","is_ascension_mode":true,"campfire_choices":[{"floor":1,"key":"RECALL"},{"data":"sneckomod:SerpentIdol","floor":6,"key":"SMITH"},{"floor":12,"key":"REST"}],"circlet_count":0,"master_deck":["AscendersBane","sneckomod:Strike","sneckomod:Strike","sneckomod:Strike","sneckomod:Defend","sneckomod:Defend","sneckomod:Defend","sneckomod:TailWhip","sneckomod:SnekBite","sneckomod:Unknown","sneckomod:Unknown","sneckomod:DiceBlock","sneckomod:RainOfDice","sneckomod:SerpentIdol+1","sneckomod:UnknownCommonSkill","sneckomod:UnknownRareAttack","sneckomod:UnknownDexterity","sneckomod:UnknownEthereal","sneckomod:UnknownDexterity","sneckomod:SoulRoll","sneckomod:TrashToTreasure","sneckomod:UnknownExhaust","sneckomod:WideSting"],"relics":["Sozu","downfall:HeartBlessingRed","Vajra","Blue Candle","downfall:HeartBlessingGreen"],"acts_visited":["Exordium"],"potions_floor_usage":[],"damage_taken":[{"damage":5,"enemies":"Small Slimes","floor":2,"turns":3},{"damage":0,"enemies":"Cultist","floor":3,"turns":4},{"damage":0,"enemies":"downfall:FleeingMerchant","floor":4,"turns":4},{"damage":0,"enemies":"Jaw Worm","floor":8,"turns":2},{"damage":22,"enemies":"Lagavulin","floor":9,"turns":4},{"damage":0,"enemies":"Exordium Wildlife","floor":10,"turns":2},{"damage":2,"enemies":"Large Slime","floor":11,"turns":5},{"damage":2,"enemies":"downfall:FleeingMerchant","floor":13,"turns":4},{"damage":0,"enemies":"2 Fungi Beasts","floor":14,"turns":2},{"damage":13,"enemies":"Blue Slaver","floor":15,"turns":3},{"damage":74,"enemies":"downfall:Ironclad","floor":16,"turns":10}],"seed_played":"7592969898129445435","potions_obtained":[],"is_trial":false,"path_per_floor":["R","M","M","$","?","R","T","M","E","M","M","R","$","M","M","B"],"character_chosen":"THE_SNECKO","items_purchased":[],"campfire_rested":1,"item_purchase_floors":[],"current_hp_per_floor":[75,70,70,74,74,74,74,74,52,52,50,74,72,72,59,0,0],"gold":77,"neow_bonus":"BOSS_RELIC","is_daily":false,"chose_seed":false,"campfire_upgraded":1,"win_rate":0.0,"timestamp":1609893443,"path_taken":["R","M","M","$","?","R","T","?","E","M","M","R","$","M","M","BOSS"],"items_purchased_type":[],"build_version":"2020-12-22","purchased_purges":0,"victory":false,"max_hp_per_floor":[83,83,83,83,83,83,83,83,83,83,83,83,83,83,83,83,83],"card_choices":[{"not_picked":["sneckomod:UnknownCommonSkill","sneckomod:UnknownClassTHE_CHAMP_GRAY"],"picked":"sneckomod:DiceBlock","floor":2},{"not_picked":["sneckomod:UnknownCommonSkill","sneckomod:UnknownWeak"],"picked":"sneckomod:RainOfDice","floor":3},{"not_picked":["sneckomod:UnknownBlock","sneckomod:CheapStock"],"picked":"sneckomod:SerpentIdol","floor":4},{"not_picked":["sneckomod:Unknown0Cost","sneckomod:DiceCrush"],"picked":"sneckomod:UnknownDexterity","floor":8},{"not_picked":["sneckomod:UnknownClassHEXA_GHOST_PURPLE","sneckomod:RainOfDice"],"picked":"sneckomod:UnknownEthereal","floor":9},{"not_picked":["sneckomod:IronFang","sneckomod:SoulDraw"],"picked":"sneckomod:UnknownDexterity","floor":10},{"not_picked":["sneckomod:Unknown0Cost","sneckomod:Mudshield"],"picked":"sneckomod:SoulRoll","floor":11},{"not_picked":["sneckomod:UnknownDexterity","sneckomod:UnknownClassHEXA_GHOST_PURPLE"],"picked":"sneckomod:TrashToTreasure","floor":13},{"not_picked":["sneckomod:Unknown1Cost","sneckomod:DiceCrush"],"picked":"sneckomod:UnknownExhaust","floor":14},{"not_picked":["sneckomod:Nope","sneckomod:Mudshield"],"picked":"sneckomod:WideSting","floor":15}],"player_experience":536863,"relics_obtained":[{"floor":7,"key":"Vajra"},{"floor":9,"key":"Blue Candle"}],"event_choices":[],"is_beta":false,"boss_relics":[],"items_purged_floors":[],"is_endless":false,"potions_floor_spawned":[3,9,11,15],"killed_by":"downfall:Ironclad","ascension_level":20}}