{"host":"t0r9wuv4zaiwets7","time":1609974253,"event":{"mods":["BaseMod","Bestiary","Colored Map","Colored Powertips","Highlight Path","Minty Spire (QoL Compilation)","StSLib"],"gold_per_floor":[118,193,193,210,228,228,23,40,67,83,83,103,31,31,31,31,31],"floor_reached":16,"playtime":575,"items_purged":[],"score":104,"play_id":"6ffdf909-99c9-4c1a-bee1-dc4225b66f08","local_time":"20210106150413","is_ascension_mode":true,"campfire_choices":[{"data":"Leap","floor":6.0,"key":"SMITH"},{"data":"Seek","floor":11.0,"key":"SMITH"},{"floor":15,"key":"REST"}],"circlet_count":0,"master_deck":["Strike_B","Strike_B","Strike_B","Strike_B","Defend_B","Defend_B","Defend_B","Defend_B","Dualcast","Cold Snap","FTL","Leap+1","FTL","Leap","Sweeping Beam","Seek+1","Conserve Battery","Seek+1"],"relics":["Cracked Core","Tiny Chest","Membership Card","Boot","Odd Mushroom","DollysMirror"],"acts_visited":["Exordium"],"potions_floor_usage":[16],"damage_taken":[{"damage":9.0,"enemies":"Small Slimes","floor":1.0,"turns":2.0},{"damage":10.0,"enemies":"Jaw Worm","floor":4.0,"turns":3.0},{"damage":0.0,"enemies":"2 Louse","floor":5.0,"turns":1.0},{"damage":2.0,"enemies":"Blue Slaver","floor":8.0,"turns":3.0},{"damage":17.0,"enemies":"Large Slime","floor":10.0,"turns":6.0},{"damage":0.0,"enemies":"The Mushroom Lair","floor":12.0,"turns":2.0},{"damage":61,"enemies":"Slime Boss","floor":16,"turns":11}],"seed_played":"8769554448202526753","potions_obtained":[{"floor":4.0,"key":"Fire Potion"},{"floor":5.0,"key":"FearPotion"}],"is_trial":false,"path_per_floor":["M","?","T","M","M","R","$","M","T","M","R","?","$","?","R","B"],"character_chosen":"DEFECT","items_purchased":["Membership Card","FTL","Leap","DollysMirror"],"campfire_rested":1,"item_purchase_floors":[7,7,7,13],"current_hp_per_floor":[73,62,62,52,52,52,52,50,50,33,33,33,33,33,57,0,0],"gold":31,"neow_bonus":"TEN_PERCENT_HP_BONUS","is_daily":false,"chose_seed":false,"campfire_upgraded":2,"win_rate":0.0,"timestamp":1609974253,"path_taken":["M","?","?","M","M","R","$","M","T","M","R","?","?","?","R","BOSS"],"items_purchased_type":["Relic","Card","Card","Relic"],"build_version":"2020-12-22","purchased_purges":0,"victory":false,"max_hp_per_floor":[82,82,82,82,82,82,82,82,82,82,82,82,82,82,82,82,82],"card_choices":[{"not_picked":["Gash","Rebound"],"picked":"Cold Snap","floor":1.0},{"not_picked":["Recycle","Force Field"],"picked":"FTL","floor":4.0},{"not_picked":["Barrage","Hologram"],"picked":"Leap","floor":5.0},{"not_picked":["Steam","Streamline"],"picked":"Sweeping Beam","floor":8.0},{"not_picked":["Reprogram","Turbo"],"picked":"Seek","floor":10.0},{"not_picked":["Ball Lightning","Sweeping Beam"],"picked":"Conserve Battery","floor":12.0}],"player_experience":147179,"relics_obtained":[{"floor":3.0,"key":"Tiny Chest"},{"floor":9.0,"key":"Boot"},{"floor":12.0,"key":"Odd Mushroom"}],"event_choices":[{"damage_healed":0.0,"max_hp_gain":0.0,"max_hp_loss":0.0,"gold_gain":75.0,"event_name":"World of Goop","player_choice":"Gather Gold","floor":2.0,"gold_loss":0.0,"damage_taken":11.0},{"damage_healed":0.0,"max_hp_gain":0.0,"max_hp_loss":0.0,"gold_gain":0.0,"event_name":"Mushrooms","player_choice":"Fought Mushrooms","floor":12.0,"gold_loss":0.0,"damage_taken":0.0},{"cards_removed":["Zap"],"damage_healed":0,"gold_gain":0,"player_choice":"Forget","damage_taken":0,"max_hp_gain":0,"max_hp_loss":0,"event_name":"Living Wall","floor":14,"gold_loss":0}],"is_beta":false,"boss_relics":[],"items_purged_floors":[],"is_endless":false,"potions_floor_spawned":[4,5],"killed_by":"Slime Boss","ascension_level":3}}