{"host":"4q6g5wn1adpnm0z5","time":1609965205,"event":{"mods":["2.2 Compatiblity","Aspiration","Astrologer","BaseMod","Hubris","Minty Spire (QoL Compilation)","Replay The Spire","StSLib","The Cursed","The Jungle"],"gold_per_floor":[111,111,125,125,135,135,167,167,167,181,27,60,79,104,104,176,176,189,200,220,220,220,220,255,288,288,315,343,362,382,410,410,482,482,497,39,57,74,74,104,104,134,134,161,161,194,219,249,249,249],"floor_reached":51,"playtime":2091,"items_purged":[],"score":2530,"play_id":"b92231fc-f9df-4613-b21b-a1700568ae03","local_time":"20210106213325","daily_mods":["Insanity","ControlledChaos","Elite Swarm"],"is_ascension_mode":true,"campfire_choices":[{"data":"Beam Cell","floor":6.0,"key":"SMITH"},{"data":"Go for the Eyes","floor":8.0,"key":"SMITH"},{"data":"Tempest","floor":15,"key":"SMITH"},{"data":"Panic Button","floor":23,"key":"SMITH"},{"data":"Beam Cell","floor":32,"key":"SMITH"},{"data":"1","floor":45,"key":"LIFT"},{"data":"2","floor":49,"key":"LIFT"}],"circlet_count":0,"master_deck":["AscendersBane","Ball Lightning","Compile Driver","Beam Cell+1","Panic Button+1","Go for the Eyes+1","Panic Button","Sweeping Beam","Fusion","Scrape","Streamline","Tempest+1","ReplayTheSpireMod:System Scan","Barrage+1","Cold Snap","Conserve Battery","Barrage","Auto Shields","Panic Button","Gash","Cold Snap","Cold Snap","Streamline","Streamline","Leap","Hello World","Coolheaded","Compile Driver","Cold Snap","Beam Cell+1","Turbo","Steam Power","Redo","Rebound","Rebound","Cold Snap+1","ReplaySolidLightProjector","Lockon","Coolheaded","Panic Button","Sunder","hubris:Ukulele","Barrage","ReplayTheSpireMod:Reroute Power","Conserve Battery","Gash","Turbo","Turbo","Sunder","Leap","ReplaySort","CutThroughFate","Leap+1","Compile Driver","Storm+1","Sweeping Beam+1"],"relics":["Cracked Core","Frozen Eye","Regal Pillow","aspiration:FrozenJewel","Oddly Smooth Stone","Replay:Bottled Flurry","FossilizedHelix","hubris:BlackHole","WingedGreaves","aspiration:Stabinomicon","Du-Vu Doll","Turnip","aspiration:DSix","Unceasing Top","Nuclear Battery","Calipers","Whetstone","Prayer Wheel","Bronze Scales","aspiration:FaultyCoupler","Girya","Dream Catcher","Counterbalance","hubris:SphereOfDissonance","aspiration:MysteriousAuxiliaryCore"],"acts_visited":["Exordium","TheCity","TheBeyond"],"potions_floor_usage":[16,24],"damage_taken":[{"damage":5.0,"enemies":"Jaw Worm","floor":1.0,"turns":2.0},{"damage":0.0,"enemies":"Small Slimes","floor":3.0,"turns":3.0},{"damage":0.0,"enemies":"2 Louse","floor":5.0,"turns":1.0},{"damage":0.0,"enemies":"Gremlin Nob","floor":7.0,"turns":2.0},{"damage":19.0,"enemies":"Exordium Wildlife","floor":10.0,"turns":3.0},{"damage":0,"enemies":"3 Sentries","floor":12,"turns":5},{"damage":2,"enemies":"Lots of Slimes","floor":13,"turns":3},{"damage":0,"enemies":"Gremlin Nob","floor":14,"turns":3},{"damage":3,"enemies":"Hexaghost","floor":16,"turns":7},{"damage":0,"enemies":"Chosen","floor":18,"turns":1},{"damage":0,"enemies":"Spheric Guardian","floor":19,"turns":2},{"damage":0,"enemies":"3 Cultists","floor":20,"turns":3},{"damage":6,"enemies":"Replay:Snechameleon","floor":24,"turns":2},{"damage":0,"enemies":"Book of Stabbing","floor":25,"turns":2},{"damage":0,"enemies":"Slavers","floor":27,"turns":2},{"damage":0,"enemies":"Gremlin Leader","floor":28,"turns":5},{"damage":0,"enemies":"Snake Plant","floor":29,"turns":3},{"damage":0,"enemies":"Snecko","floor":30,"turns":2},{"damage":0,"enemies":"Book of Stabbing","floor":31,"turns":3},{"damage":0,"enemies":"Pondfish","floor":33,"turns":2},{"damage":0,"enemies":"3 Shapes","floor":35,"turns":2},{"damage":0,"enemies":"3 Darklings","floor":37,"turns":1},{"damage":0,"enemies":"Transient","floor":38,"turns":1},{"damage":0,"enemies":"Giant Head","floor":40,"turns":1},{"damage":0,"enemies":"Reptomancer","floor":42,"turns":1},{"damage":0,"enemies":"Nemesis","floor":44,"turns":1},{"damage":0,"enemies":"Reptomancer","floor":46,"turns":1},{"damage":0,"enemies":"Giant Head","floor":47,"turns":2},{"damage":0,"enemies":"Reptomancer","floor":48,"turns":1},{"damage":0,"enemies":"Replay:Hell Engine","floor":50,"turns":2}],"seed_played":"5245528320326400010","potions_obtained":[{"floor":5.0,"key":"Swift Potion"},{"floor":10.0,"key":"Weak Potion"},{"floor":18,"key":"Weak Potion"},{"floor":24,"key":"EssenceOfSteel"},{"floor":30,"key":"Flashbang"}],"is_trial":true,"path_per_floor":["M","?","M","?","M","R","E","R","T","M","$","E","M","E","R","B",null,"M","M","M","?","?","R","E","E","T","E","E","M","M","E","R","B",null,"M","$","M","M","?","E","R","E","T","E","R","E","E","E","R","B",null],"character_chosen":"DEFECT","items_purchased":["Oddly Smooth Stone","Calipers","Whetstone"],"campfire_rested":0,"item_purchase_floors":[11,36,36],"current_hp_per_floor":[59,66,66,59,59,59,59,59,59,40,40,40,38,38,38,35,62,62,62,62,62,62,62,56,56,56,56,56,56,56,56,56,56,67,67,67,67,67,67,67,67,67,67,67,67,67,67,67,67,67],"gold":249,"neow_bonus":"","is_daily":false,"chose_seed":false,"campfire_upgraded":5,"win_rate":0.0,"timestamp":1609965205,"path_taken":["M","?","M","?","M","R","E","R","T","M","$","E","M","E","R","BOSS","M","M","M","?","?","R","E","E","T","E","E","M","M","E","R","BOSS","M","?","M","M","?","E","R","E","T","E","R","E","E","E","R","BOSS"],"items_purchased_type":["Relic","Relic","Relic"],"build_version":"2020-12-22","purchased_purges":0,"victory":true,"max_hp_per_floor":[71,71,71,71,71,71,71,71,71,71,71,71,71,71,71,71,71,71,71,71,71,71,71,71,71,71,71,71,71,71,71,71,71,71,71,71,71,71,71,71,71,71,71,71,71,71,71,71,71,71],"card_choices":[{"not_picked":["Gash","BasicCrystalCard"],"picked":"Leap","floor":1.0},{"not_picked":["Panic Button","Conserve Battery","Coolheaded"],"picked":"SKIP","floor":3.0},{"not_picked":["aspiration:Polymerization","Ball Lightning","FIFO Queue"],"picked":"SKIP","floor":5.0},{"not_picked":["ReplayTheSpireMod:Omega Cannon","Creative AI","ReplayRNGCard"],"picked":"SKIP","floor":7.0},{"not_picked":["FIFO Queue","Panic Button","Streamline"],"picked":"SKIP","floor":10.0},{"not_picked":["All For One","Reboot","ReplayRNGCard"],"picked":"SKIP","floor":12},{"not_picked":["Conserve Battery","Crystallizer","Rebound"],"picked":"SKIP","floor":13},{"not_picked":["hubris:Prefetch","hubris:DoWhile","ReplayRNGCard"],"picked":"SKIP","floor":14},{"not_picked":["Steam","Gash","Turbo"],"picked":"SKIP","floor":18},{"not_picked":["Go for the Eyes","Conserve Battery"],"picked":"ReplaySort","floor":19},{"not_picked":["Conserve Battery+1","Beam Cell","Panic Button"],"picked":"SKIP","floor":20},{"not_picked":["Amplify","ReplayRNGCard","Echo Form"],"picked":"SKIP","floor":24},{"not_picked":["Amplify","Electrodynamics","Multi-Cast"],"picked":"SKIP","floor":25},{"not_picked":["Rainbow","Machine Learning","Meteor Strike"],"picked":"SKIP","floor":27},{"not_picked":["Mirror Shield","All For One","hubris:Prefetch"],"picked":"SKIP","floor":28},{"not_picked":["Self Repair","Recycle","Chaos+1"],"picked":"SKIP","floor":29},{"not_picked":["Fusion","Panic Button","Rebound"],"picked":"SKIP","floor":30},{"not_picked":["Meteor Strike","Mirror Shield","hubris:SpecializedCircuitry"],"picked":"SKIP","floor":31},{"not_picked":["Static Discharge","BasicCrystalCard"],"picked":"Leap+1","floor":35},{"not_picked":["ReplayTheSpireMod:Calculation Training+1","Panic Button"],"picked":"Compile Driver","floor":37},{"not_picked":["Sunder+1","Mirror Shield"],"picked":"Storm+1","floor":38},{"not_picked":["hubris:Ukulele","ReplayTheSpireMod:Reroute Power"],"picked":"Sweeping Beam+1","floor":38},{"not_picked":["Fission","hubris:DoWhile","Seek"],"picked":"SKIP","floor":40},{"not_picked":["All For One","Creative AI","hubris:SpecializedCircuitry"],"picked":"SKIP","floor":42},{"not_picked":["Meteor Strike","Echo Form","ReplayTheSpireMod:Fabricate Wheel"],"picked":"SKIP","floor":44},{"not_picked":["ReplayTheSpireMod:Omega Cannon","Multi-Cast","Biased Cognition"],"picked":"SKIP","floor":46},{"not_picked":["Creative AI","Buffer","Amplify"],"picked":"SKIP","floor":47},{"not_picked":["ReplayRNGCard","Buffer","Meteor Strike"],"picked":"SKIP","floor":48}],"player_experience":2340001,"relics_obtained":[{"floor":7.0,"key":"Regal Pillow"},{"floor":9.0,"key":"aspiration:FrozenJewel"},{"floor":12,"key":"Replay:Bottled Flurry"},{"floor":14,"key":"FossilizedHelix"},{"floor":24,"key":"WingedGreaves"},{"floor":25,"key":"aspiration:Stabinomicon"},{"floor":26,"key":"Du-Vu Doll"},{"floor":27,"key":"Turnip"},{"floor":28,"key":"aspiration:DSix"},{"floor":31,"key":"Unceasing Top"},{"floor":40,"key":"Bronze Scales"},{"floor":42,"key":"aspiration:FaultyCoupler"},{"floor":43,"key":"Girya"},{"floor":44,"key":"Dream Catcher"},{"floor":46,"key":"Counterbalance"},{"floor":47,"key":"hubris:SphereOfDissonance"},{"floor":48,"key":"aspiration:MysteriousAuxiliaryCore"}],"event_choices":[{"cards_removed":["Reprogram"],"damage_healed":0.0,"max_hp_gain":0.0,"max_hp_loss":0.0,"gold_gain":0.0,"event_name":"Golden Wing","player_choice":"Card Removal","floor":4.0,"gold_loss":0.0,"damage_taken":7.0},{"damage_healed":0,"gold_gain":0,"player_choice":"Read","damage_taken":0,"max_hp_gain":0,"max_hp_loss":0,"event_name":"The Library","floor":21,"gold_loss":0,"cards_obtained":["CutThroughFate"]},{"cards_removed":["Double Energy"],"damage_healed":0,"gold_gain":0,"player_choice":"Purged","damage_taken":0,"max_hp_gain":0,"max_hp_loss":0,"event_name":"Purifier","floor":22,"gold_loss":0},{"damage_healed":0,"gold_gain":0,"player_choice":"Ignored","damage_taken":0,"max_hp_gain":0,"max_hp_loss":0,"event_name":"SecretPortal","floor":39,"gold_loss":0}],"is_beta":false,"boss_relics":[{"not_picked":["aspiration:BursterCore","Calling Bell"],"picked":"hubris:BlackHole"},{"not_picked":["Kintsugi","Busted Crown"],"picked":"Nuclear Battery"}],"items_purged_floors":[],"is_endless":false,"potions_floor_spawned":[5,10,13,14,18,19,24,27,30,42,44,47],"ascension_level":14}}