{"host":"sl4rf9j4s63ev6os","time":1609909718,"event":{"mods":["AchievementEnabler","BaseMod","Colored Map","Colored Powertips","DeckTracker","Minty Spire (QoL Compilation)","Relic Sorter"],"gold_per_floor":[114,114,127,127,127,159,184,184,184,197,227,239,239,271,271,271,271],"floor_reached":16,"playtime":870,"items_purged":[],"score":143,"play_id":"4d96ae01-5f86-4b20-ab8d-db26a8806d6c","local_time":"20210106150838","is_ascension_mode":false,"campfire_choices":[{"data":"Judgement","floor":8,"key":"SMITH"},{"data":"Strike_P","floor":15,"key":"PURGE"}],"circlet_count":0,"master_deck":["Strike_P","Strike_P","Strike_P","Defend_P","Defend_P","Defend_P","Defend_P","Eruption","Vigilance","Judgement+1","MentalFortress"],"relics":["PureWater","Sundial","Toy Ornithopter","Eternal Feather","Peace Pipe","Kunai","Calipers"],"acts_visited":["Exordium"],"potions_floor_usage":[6,11,16],"damage_taken":[{"damage":0,"enemies":"Small Slimes","floor":1,"turns":2},{"damage":7,"enemies":"Cultist","floor":3,"turns":3},{"damage":43,"enemies":"3 Sentries","floor":6,"turns":14},{"damage":9,"enemies":"2 Louse","floor":10,"turns":2},{"damage":0,"enemies":"Gremlin Nob","floor":11,"turns":2},{"damage":2,"enemies":"Blue Slaver","floor":12,"turns":2},{"damage":1,"enemies":"3 Sentries","floor":14,"turns":8},{"damage":33,"enemies":"Hexaghost","floor":16,"turns":12}],"seed_played":"-4585290681057957741","potions_obtained":[{"floor":3,"key":"Swift Potion"},{"floor":6,"key":"LiquidMemories"},{"floor":14,"key":"GamblersBrew"}],"is_trial":false,"path_per_floor":["M","?","M","?","?","E","T","R","T","M","E","M","T","E","R","B"],"character_chosen":"WATCHER","items_purchased":[],"campfire_rested":0,"item_purchase_floors":[],"current_hp_per_floor":[79,79,72,77,70,27,27,27,27,18,23,21,21,20,26,0,0],"gold":271,"neow_bonus":"TEN_PERCENT_HP_BONUS","is_daily":false,"chose_seed":false,"campfire_upgraded":1,"win_rate":0.0,"timestamp":1609909718,"path_taken":["M","?","?","?","?","E","?","R","T","M","E","M","?","E","R","BOSS"],"items_purchased_type":[],"build_version":"2020-12-22","purchased_purges":0,"victory":false,"max_hp_per_floor":[79,79,79,84,84,84,84,84,84,84,84,84,84,84,84,84,84],"card_choices":[{"not_picked":["BowlingBash","WheelKick","Fasting2"],"picked":"SKIP","floor":1},{"not_picked":["FollowUp","Swivel","Crescendo"],"picked":"SKIP","floor":3},{"not_picked":["Indignation","CutThroughFate"],"picked":"Judgement","floor":6},{"not_picked":["WindmillStrike","BowlingBash","JustLucky"],"picked":"SKIP","floor":10},{"not_picked":["ThirdEye","Worship","Blasphemy"],"picked":"SKIP","floor":11},{"not_picked":["DeceiveReality","Crescendo","ThirdEye"],"picked":"SKIP","floor":12},{"not_picked":["Prostrate","Blasphemy"],"picked":"MentalFortress","floor":14}],"player_experience":186934,"relics_obtained":[{"floor":6,"key":"Toy Ornithopter"},{"floor":9,"key":"Eternal Feather"},{"floor":11,"key":"Peace Pipe"},{"floor":13,"key":"Kunai"},{"floor":14,"key":"Calipers"}],"event_choices":[{"cards_removed":["Iron Wave"],"damage_healed":0,"gold_gain":0,"player_choice":"Took Card","damage_taken":0,"max_hp_gain":0,"max_hp_loss":0,"event_name":"NoteForYourself","floor":2,"gold_loss":0,"cards_obtained":["Iron Wave"]},{"damage_healed":0,"gold_gain":0,"player_choice":"Donut","damage_taken":0,"max_hp_gain":5,"max_hp_loss":0,"event_name":"Big Fish","floor":4,"gold_loss":0},{"damage_healed":0,"gold_gain":0,"player_choice":"Success","damage_taken":7,"relics_obtained":["Sundial"],"max_hp_gain":0,"max_hp_loss":0,"event_name":"Scrap Ooze","floor":5,"gold_loss":0}],"is_beta":false,"boss_relics":[],"items_purged_floors":[],"is_endless":false,"potions_floor_spawned":[3,6,14],"killed_by":"Hexaghost","ascension_level":0}}