{"host":"sabve5zmqufxyc5o","time":1609912557,"event":{"mods":["2.2 Compatiblity","AchievementEnabler","Act Like it!","BaseMod","Block Reminder","Colored Map","Colored Powertips","DeckTracker","KOR Keyword Fix","Keyboard Shortcuts","Minty Spire (QoL Compilation)","Quick Restart","Rare Cards Sparkle","Relic Stats","StSLib","SuperFastMode"],"gold_per_floor":[215,84,9,25,41,41,116,116,116,116,132,146,165,15,15,89,89,104,120,120,135,57,57,70,70,93,111,111,131,131,131,131,131,131],"floor_reached":33,"playtime":768,"items_purged":["Strike_G","Strike_G+1"],"score":528,"play_id":"aaacdc59-8ecb-4aa6-99fb-931dd5bd0f59","local_time":"20210106145557","is_ascension_mode":true,"campfire_choices":[{"data":"Predator","floor":6,"key":"SMITH"},{"floor":8,"key":"REST"},{"data":"Backflip","floor":10,"key":"SMITH"},{"data":"Bouncing Flask","floor":15,"key":"SMITH"},{"data":"After Image","floor":23,"key":"SMITH"},{"floor":28,"key":"REST"},{"floor":30,"key":"REST"},{"floor":32,"key":"REST"}],"circlet_count":0,"master_deck":["AscendersBane","Defend_G","Defend_G","Defend_G","Defend_G","Survivor","Neutralize+1","PiercingWail","Dagger Spray","Backflip+1","Predator+1","Bouncing Flask+1","Prepared","Backflip","Corpse Explosion","Calculated Gamble+1","Acrobatics+1","After Image+1","Reflex","Dash","Noxious Fumes","Catalyst"],"relics":["Ring of the Snake","Whetstone","Empty Cage","Dream Catcher"],"acts_visited":["Exordium","TheCity"],"potions_floor_usage":[1,16,18,31],"damage_taken":[{"damage":16,"enemies":"Jaw Worm","floor":1,"turns":4},{"damage":0,"enemies":"2 Louse","floor":4,"turns":4},{"damage":4,"enemies":"Small Slimes","floor":5,"turns":5},{"damage":0,"enemies":"Exordium Thugs","floor":11,"turns":4},{"damage":1,"enemies":"Blue Slaver","floor":12,"turns":3},{"damage":6,"enemies":"Red Slaver","floor":13,"turns":4},{"damage":14,"enemies":"Hexaghost","floor":16,"turns":9},{"damage":7,"enemies":"Chosen","floor":18,"turns":5},{"damage":14,"enemies":"2 Thieves","floor":19,"turns":4},{"damage":8,"enemies":"3 Cultists","floor":21,"turns":4},{"damage":12,"enemies":"Snecko","floor":24,"turns":7},{"damage":10,"enemies":"Snake Plant","floor":27,"turns":6},{"damage":16,"enemies":"Centurion and Healer","floor":29,"turns":9},{"damage":24,"enemies":"Colosseum Slavers","floor":31,"turns":5},{"damage":26,"enemies":"Collector","floor":33,"turns":5}],"seed_played":"859217085651389031","potions_obtained":[{"floor":1,"key":"Fruit Juice"},{"floor":13,"key":"SkillPotion"},{"floor":16,"key":"Explosive Potion"},{"floor":19,"key":"SteroidPotion"},{"floor":29,"key":"Energy Potion"}],"is_trial":false,"path_per_floor":["M","$","?","M","M","R","?","R","T","R","M","M","M","$","R","B",null,"M","M","?","M","$","R","M","?","T","M","R","M","R","?","R","B"],"character_chosen":"THE_SILENT","items_purchased":["Dagger Spray","Backflip","Reflex"],"campfire_rested":4,"item_purchase_floors":[2,14,22],"current_hp_per_floor":[48,48,48,48,44,44,33,54,54,54,54,53,47,47,47,33,62,55,41,41,33,33,33,21,21,21,11,32,16,37,13,34,8,8],"gold":131,"neow_bonus":"HUNDRED_GOLD","is_daily":false,"chose_seed":false,"campfire_upgraded":4,"win_rate":0.0,"timestamp":1609912557,"path_taken":["M","$","?","M","M","R","?","R","T","R","M","M","M","$","R","BOSS","M","M","?","M","$","R","?","?","T","?","R","M","R","?","R","BOSS"],"items_purchased_type":["Card","Card","Card"],"build_version":"2020-12-22","purchased_purges":2,"victory":false,"max_hp_per_floor":[71,71,71,71,71,71,71,71,71,71,71,71,71,71,71,71,71,71,71,71,71,71,71,71,71,71,71,71,71,71,71,71,71,71],"relic_stats":{"Dream Catcher":3,"counters":[15,78],"Whetstone":["Neutralize","Strike_G"],"obtain_stats":[{"Dream Catcher":26,"Whetstone":9,"Empty Cage":17,"Ring of the Snake":0},{"Dream Catcher":11,"Whetstone":3,"Empty Cage":7,"Ring of the Snake":0},{"Dream Catcher":53,"Whetstone":13,"Empty Cage":33,"Ring of the Snake":0}],"Ring of the Snake":[30]},"card_choices":[{"not_picked":["Heel Hook","Underhanded Strike"],"picked":"PiercingWail","floor":1},{"not_picked":["Flying Knee","Sucker Punch"],"picked":"Backflip","floor":4},{"not_picked":["Setup","Slice"],"picked":"Predator","floor":5},{"not_picked":["Dagger Spray","Backstab"],"picked":"Bouncing Flask","floor":11},{"not_picked":["Underhanded Strike","Choke"],"picked":"Prepared","floor":12},{"not_picked":["Outmaneuver","Choke","Deflect"],"picked":"SKIP","floor":13},{"not_picked":["Night Terror","Burst"],"picked":"Corpse Explosion","floor":16},{"not_picked":["Dodge and Roll","Predator"],"picked":"Calculated Gamble","floor":18},{"not_picked":["Catalyst+1","Dagger Spray"],"picked":"Acrobatics+1","floor":19},{"not_picked":["Cloak And Dagger+1","Acrobatics"],"picked":"After Image","floor":21},{"not_picked":["Dash","Dodge and Roll","Footwork"],"picked":"SKIP","floor":24},{"not_picked":["Slice","Blade Dance","Cloak And Dagger"],"picked":"SKIP","floor":27},{"not_picked":["Poisoned Stab","Cloak And Dagger"],"picked":"Noxious Fumes","floor":29},{"not_picked":["Backstab+1","Reflex"],"picked":"Catalyst","floor":32}],"player_experience":818194,"relics_obtained":[{"floor":9,"key":"Whetstone"},{"floor":26,"key":"Dream Catcher"}],"event_choices":[{"cards_removed":["Strike_G"],"damage_healed":0,"gold_gain":0,"player_choice":"Card Removal","damage_taken":0,"max_hp_gain":0,"max_hp_loss":0,"event_name":"The Cleric","floor":3,"gold_loss":75},{"damage_healed":0,"gold_gain":75,"player_choice":"Gather Gold","damage_taken":11,"max_hp_gain":0,"max_hp_loss":0,"event_name":"World of Goop","floor":7,"gold_loss":0},{"damage_healed":0,"gold_gain":0,"player_choice":"Forge","damage_taken":0,"max_hp_gain":0,"max_hp_loss":0,"event_name":"Accursed Blacksmith","floor":20,"gold_loss":0,"cards_upgraded":["Calculated Gamble"]},{"damage_healed":0,"gold_gain":0,"cards_transformed":["Defend_G"],"player_choice":"Transformed","damage_taken":0,"max_hp_gain":0,"max_hp_loss":0,"event_name":"Transmorgrifier","floor":25,"gold_loss":0,"cards_obtained":["Dash"]},{"damage_healed":0,"gold_gain":0,"player_choice":"Fight","damage_taken":0,"max_hp_gain":0,"max_hp_loss":0,"event_name":"Colosseum","floor":31,"gold_loss":0},{"damage_healed":0,"gold_gain":0,"player_choice":"Fled From Nobs","damage_taken":0,"max_hp_gain":0,"max_hp_loss":0,"event_name":"Colosseum","floor":31,"gold_loss":0}],"is_beta":false,"boss_relics":[{"not_picked":["Coffee Dripper","Ring of the Serpent"],"picked":"Empty Cage"}],"items_purged_floors":[2,14],"is_endless":false,"potions_floor_spawned":[1,13,16,19,29],"killed_by":"Collector","ascension_level":20}}