{"host":"ueaobptuyu87ouwy","time":1609914351,"event":{"mods":["Aspiration","Bard","BaseMod","Better Altar","Better Match","Better Note","Better Sensory Stone","Better Skull","Better Third Choice","BetterRewards","CCEM","Colored Map","Conspire","Downfall","GifTheSpireLib","Googly Eyes","Halation","Hermit","Highlight Path","Hubris","Infinite Spire","Jedi Mod","Jorbs\u0027s Wanderer Trilogy","Marisa????????","Mimic Mod","Minty Spire (QoL Compilation)","Permanent Neow","Replay The Spire","StSLib","Stuff the Spire","The Runesmith","Unceasing Turn Reminder","everything is the same but u backflip on backflip","slay the spire mod where everything is the same but ironclad has a cowboy hat"],"gold_per_floor":[110,128,330,330,341,371,371,389,389,389,408,421,521,537,537,642,642,652,671,671,681,681,681,681],"floor_reached":23,"playtime":1156,"items_purged":[],"score":195,"play_id":"5e9d8e68-3c85-46ed-adcc-c306120834c0","local_time":"20210106142551","is_ascension_mode":false,"campfire_choices":[{"data":"Perfected Strike","floor":7,"key":"SMITH"},{"data":"Bash","floor":10,"key":"SMITH"},{"data":"hubris:SharpeningStone","floor":15,"key":"SMITH"}],"circlet_count":0,"master_deck":["Strike_R","Strike_R","Strike_R","Strike_R","Strike_R","Defend_R","Defend_R","Defend_R","Defend_R","Bash+1","Cleave","hubris:SharpeningStone+1","Shrug It Off","Perfected Strike+1","ReplayReversal","Battle Trance","Shockwave","StuffTheSpire:Incineration","Replay:Many Hands"],"relics":["Burning Blood","aspiration:Nostalgia","m_CorellonBlood","StuffTheSpire:SapphireSignet","jedi:angrymask","hubris:HollowSoul","StuffTheSpire:Mouthbags","Bag of Preparation","halation:EternalFortune"],"acts_visited":["Exordium","TheCity"],"potions_floor_usage":[6,11,19,19],"damage_taken":[{"damage":0,"enemies":"conspire:RoseBush","floor":1,"turns":3},{"damage":4,"enemies":"Small Slimes","floor":2,"turns":4},{"damage":1,"enemies":"Cultist","floor":5,"turns":4},{"damage":21,"enemies":"3 Sentries","floor":6,"turns":8},{"damage":4,"enemies":"Blue Slaver","floor":8,"turns":5},{"damage":12,"enemies":"Gremlin Gang","floor":11,"turns":2},{"damage":5,"enemies":"Red Slaver","floor":12,"turns":3},{"damage":2,"enemies":"Lots of Slimes","floor":14,"turns":4},{"damage":57,"enemies":"Fading Forest","floor":16,"turns":11},{"damage":0,"enemies":"Spheric Guardian","floor":18,"turns":3},{"damage":67,"enemies":"conspire:FuzzyDice","floor":19,"turns":8},{"damage":0,"enemies":"Centurion and Healer","floor":21,"turns":6},{"damage":18,"enemies":"Slavers","floor":23,"turns":2}],"seed_played":"836676682496507548","potions_obtained":[{"floor":5,"key":"PowerPotion"},{"floor":8,"key":"ColorlessPotion"},{"floor":16,"key":"Swift Potion"},{"floor":18,"key":"AttackPotion"}],"is_trial":false,"path_per_floor":["M","M","?","?","M","E","R","M","T","R","M","M","?","M","R","B",null,"M","M","$","M","?","E"],"character_chosen":"IRONCLAD","items_purchased":["StuffTheSpire:Mouthbags","Bag of Preparation"],"campfire_rested":0,"item_purchase_floors":[20,20],"current_hp_per_floor":[80,80,60,60,65,50,50,52,52,52,46,47,47,51,51,12,80,80,23,3,11,14,0,0],"gold":681,"neow_bonus":"NOSTALGIA","is_daily":false,"chose_seed":false,"campfire_upgraded":3,"win_rate":0.0,"timestamp":1609914351,"path_taken":["M","M","?","?","?","E","R","M","T","R","M","M","?","?","R","BOSS","M","M","?","?","?","E"],"items_purchased_type":["Relic","Relic"],"build_version":"2020-12-13","purchased_purges":0,"victory":false,"max_hp_per_floor":[80,80,80,80,80,80,80,80,80,80,80,80,80,80,80,80,80,80,80,80,80,83,83,83],"card_choices":[{"not_picked":["Massacre","jedi:hate"],"picked":"Cleave","floor":1},{"not_picked":["Massacre","Sword Boomerang"],"picked":"hubris:SharpeningStone","floor":2},{"not_picked":["Pommel Strike","StuffTheSpire:Resist"],"picked":"Shrug It Off","floor":3},{"not_picked":["ReplayTheSpireMod:Strike From Hell","Body Slam"],"picked":"Perfected Strike","floor":5},{"not_picked":["Infernal Blade","Sword Boomerang"],"picked":"ReplayReversal","floor":6},{"not_picked":["Power Through","hubris:SharpeningStone"],"picked":"Battle Trance","floor":8},{"not_picked":["Twin Strike","Sword Boomerang","Body Slam"],"picked":"SKIP","floor":11},{"not_picked":["Battle Trance","Entrench","Warcry"],"picked":"SKIP","floor":12},{"not_picked":["Reaper","Intimidate"],"picked":"Shockwave","floor":14},{"not_picked":["conspire:Purge","hubris:StunningStrike"],"picked":"Replay:Many Hands","floor":16},{"not_picked":["Fire Breathing","Run Through"],"picked":"StuffTheSpire:Incineration","floor":18},{"not_picked":["Sword Boomerang","Hemokinesis","Run Through"],"picked":"SKIP","floor":19},{"not_picked":["Sword Boomerang","Hemokinesis","Run Through"],"picked":"SKIP","floor":19},{"not_picked":["Replay:Undeath\u0027s Touch","Searing Blow","Heavy Blade"],"picked":"SKIP","floor":21}],"player_experience":21850,"relics_obtained":[{"floor":6,"key":"StuffTheSpire:SapphireSignet"},{"floor":9,"key":"jedi:angrymask"}],"event_choices":[{"cards_removed":["Strike_R"],"damage_healed":0,"gold_gain":0,"player_choice":"Give","damage_taken":0,"max_hp_gain":0,"max_hp_loss":0,"event_name":"betterNote:BetterNote","floor":4,"gold_loss":0,"cards_obtained":["Normality"]},{"damage_healed":0,"gold_gain":100,"player_choice":"Pray","damage_taken":0,"max_hp_gain":0,"max_hp_loss":0,"event_name":"Golden Shrine","floor":13,"gold_loss":0}],"is_beta":false,"boss_relics":[{"not_picked":["StuffTheSpire:Kangaroo","hubris:VirtuousBlindfold"],"picked":"hubris:HollowSoul"}],"items_purged_floors":[],"is_endless":false,"potions_floor_spawned":[5,8,16,18],"killed_by":"Slavers","ascension_level":0}}