{"host":"t4ahr8360jjehcuv","time":1609930942,"event":{"mods":["BaseMod","Colored Map","DeckTracker","Highlight Path","Keyboard Shortcuts","Minty Spire (QoL Compilation)","Permanent Neow","Quick Restart","SuperFastMode","everything is the same but u backflip on backflip"],"gold_per_floor":[115,129,149,169,180,180,180,180],"floor_reached":7,"playtime":419,"items_purged":[],"score":45,"play_id":"6eeebb52-1112-49ea-baba-f409d1aaf2af","local_time":"20210106200222","is_ascension_mode":false,"campfire_choices":[{"data":"Seek","floor":6,"key":"SMITH"}],"circlet_count":0,"master_deck":["Strike_B","Strike_B","Strike_B","Strike_B","Defend_B","Defend_B","Defend_B","Defend_B","Zap","Dualcast","Seek+1","Turbo","Streamline","Darkness","Conserve Battery"],"relics":["Cracked Core"],"acts_visited":["Exordium"],"potions_floor_usage":[7,7],"damage_taken":[{"damage":4.0,"enemies":"Cultist","floor":1.0,"turns":4.0},{"damage":2.0,"enemies":"2 Louse","floor":2.0,"turns":2.0},{"damage":6.0,"enemies":"Jaw Worm","floor":3.0,"turns":3.0},{"damage":7,"enemies":"Gremlin Gang","floor":4,"turns":5},{"damage":14,"enemies":"Exordium Thugs","floor":5,"turns":5},{"damage":12,"enemies":"3 Sentries","floor":7,"turns":4}],"seed_played":"8788151065150981563","potions_obtained":[{"floor":1.0,"key":"Weak Potion"},{"floor":5,"key":"Weak Potion"}],"is_trial":false,"path_per_floor":["M","M","M","M","M","R","E"],"character_chosen":"DEFECT","items_purchased":[],"campfire_rested":0,"item_purchase_floors":[],"current_hp_per_floor":[50,48,42,35,21,21,9,9],"gold":180,"neow_bonus":"THREE_RARE_CARDS","is_daily":false,"chose_seed":false,"campfire_upgraded":1,"win_rate":0.0,"timestamp":1609930942,"path_taken":["M","M","M","M","M","R","E"],"items_purchased_type":[],"build_version":"2020-12-22","purchased_purges":0,"victory":false,"max_hp_per_floor":[75,75,75,75,75,75,75,75],"card_choices":[{"not_picked":["Machine Learning","Meteor Strike"],"picked":"Seek","floor":0.0},{"not_picked":["Stack","Hologram"],"picked":"Turbo","floor":1.0},{"not_picked":["Ball Lightning","Turbo"],"picked":"Streamline","floor":2.0},{"not_picked":["Reprogram","Hologram"],"picked":"Darkness","floor":3.0},{"not_picked":["Gash","Beam Cell","Rebound"],"picked":"SKIP","floor":4},{"not_picked":["Coolheaded","Static Discharge"],"picked":"Conserve Battery","floor":5}],"player_experience":36450,"relics_obtained":[],"event_choices":[],"is_beta":false,"boss_relics":[],"items_purged_floors":[],"is_endless":false,"potions_floor_spawned":[1,5],"killed_by":"3 Sentries","ascension_level":0}}