{"host":"t75twhtg6c476ygg","time":1609948994,"event":{"mods":["AchievementEnabler","BaseMod","Colored Powertips","Minty Spire (QoL Compilation)","Quick Restart","Relic Stats","StSLib","SuperFastMode"],"gold_per_floor":[114,129,144,144,159,159,174,189,264,264,264,264,32,62,62,162,162,177,192,192,207,207,207,222,237,262,262,112,127,157,172,172,272,272,287,287,302,317,332,332,144,180,230,245,245,260,260,290,290,290],"floor_reached":51,"playtime":1619,"items_purged":["ReachHeaven"],"score":953,"play_id":"8e6bcd6d-c331-4b84-98fc-7aa914284df4","local_time":"20210106160314","daily_mods":["Cursed Run","Uncertain Future","Binary"],"is_ascension_mode":false,"campfire_choices":[{"data":"Eruption","floor":6,"key":"SMITH"},{"data":"Indignation","floor":11,"key":"SMITH"},{"data":"MentalFortress","floor":15,"key":"SMITH"},{"data":"FollowUp","floor":23,"key":"SMITH"},{"data":"Tantrum","floor":32,"key":"SMITH"},{"floor":45,"key":"REST"},{"data":"ClearTheMind","floor":47,"key":"SMITH"},{"data":"MentalFortress","floor":49,"key":"SMITH"}],"circlet_count":0,"master_deck":["Strike_P+1","Strike_P","Defend_P+1","Defend_P","Eruption+1","Vigilance+1","EmptyFist+1","Consecrate+1","Indignation+1","Clumsy","InnerPeace+1","MentalFortress+1","FollowUp+1","WheelKick+1","ForeignInfluence+1","LessonLearned+1","Clumsy","Clumsy","Consecrate+1","EmptyFist+1","Parasite","EmptyBody","Writhe","Tantrum+1","ClearTheMind+1","Injury","Conclude+1","FlurryOfBlows","FlurryOfBlows+1","FlurryOfBlows+1","FlurryOfBlows+1","FlurryOfBlows+1","Injury","Parasite","MentalFortress+1","Normality"],"relics":["Cursed Key","Darkstone Periapt","Du-Vu Doll","PreservedInsect","Matryoshka","Vajra","Eternal Feather","Astrolabe","Bottled Lightning","Yang","Oddly Smooth Stone","Mummified Hand","Happy Flower","Membership Card","Pen Nib","Sozu","Juzu Bracelet","Art of War","Unceasing Top","Regal Pillow","Gremlin Horn"],"acts_visited":["Exordium","TheCity","TheBeyond"],"potions_floor_usage":[50],"damage_taken":[{"damage":0,"enemies":"Small Slimes","floor":1,"turns":2},{"damage":0,"enemies":"2 Louse","floor":2,"turns":2},{"damage":6,"enemies":"Cultist","floor":3,"turns":3},{"damage":0,"enemies":"2 Fungi Beasts","floor":5,"turns":3},{"damage":2,"enemies":"Blue Slaver","floor":7,"turns":3},{"damage":0,"enemies":"Exordium Wildlife","floor":8,"turns":1},{"damage":4,"enemies":"Lagavulin","floor":14,"turns":3},{"damage":40,"enemies":"The Guardian","floor":16,"turns":7},{"damage":5,"enemies":"Spheric Guardian","floor":18,"turns":2},{"damage":4,"enemies":"3 Byrds","floor":19,"turns":4},{"damage":16,"enemies":"Snecko","floor":21,"turns":3},{"damage":3,"enemies":"Sentry and Sphere","floor":24,"turns":3},{"damage":17,"enemies":"3 Cultists","floor":25,"turns":4},{"damage":14,"enemies":"Centurion and Healer","floor":29,"turns":4},{"damage":0,"enemies":"Gremlin Leader","floor":30,"turns":2},{"damage":12,"enemies":"Snake Plant","floor":31,"turns":3},{"damage":22,"enemies":"Automaton","floor":33,"turns":6},{"damage":9,"enemies":"Orb Walker","floor":35,"turns":4},{"damage":16,"enemies":"3 Shapes","floor":37,"turns":9},{"damage":32,"enemies":"3 Darklings","floor":38,"turns":4},{"damage":0,"enemies":"Sphere and 2 Shapes","floor":39,"turns":5},{"damage":59,"enemies":"2 Orb Walkers","floor":42,"turns":4},{"damage":0,"enemies":"Transient","floor":44,"turns":5},{"damage":5,"enemies":"Jaw Worm Horde","floor":46,"turns":2},{"damage":15,"enemies":"Reptomancer","floor":48,"turns":4},{"damage":76,"enemies":"Awakened One","floor":50,"turns":6}],"seed_played":"-5218424555718163201","potions_obtained":[{"floor":2,"key":"Regen Potion"},{"floor":3,"key":"Ancient Potion"},{"floor":7,"key":"Fire Potion"},{"floor":14,"key":"StancePotion"}],"is_trial":false,"path_per_floor":["M","M","M","?","M","R","M","M","T","?","R","?","$","E","R","B",null,"M","M","T","M","?","R","M","M","T","?","$","M","E","M","R","B",null,"M","?","M","M","M","?","$","?","T","M","R","M","R","E","R","B",null],"character_chosen":"WATCHER","items_purchased":["Vajra","MentalFortress","Membership Card","Juzu Bracelet","Art of War"],"campfire_rested":1,"item_purchase_floors":[13,13,28,41,41],"current_hp_per_floor":[72,72,66,72,72,72,70,70,76,76,76,76,76,72,81,47,90,97,93,99,83,89,101,98,81,87,87,87,73,73,61,79,63,126,117,117,101,69,69,69,69,10,16,16,88,83,101,86,107,49],"gold":290,"neow_bonus":"","is_daily":true,"chose_seed":false,"campfire_upgraded":7,"win_rate":0.0,"timestamp":1609948994,"path_taken":["M","M","M","?","M","R","M","M","T","?","R","?","$","E","R","BOSS","M","M","?","M","?","R","M","M","T","?","$","M","E","M","R","BOSS","M","?","M","M","M","?","$","?","T","M","R","M","R","E","R","BOSS"],"items_purchased_type":["Relic","Card","Relic","Relic","Relic"],"build_version":"2020-12-22","purchased_purges":1,"victory":true,"max_hp_per_floor":[72,72,72,78,78,78,78,78,84,84,84,84,84,84,84,90,90,102,102,108,108,114,114,114,114,120,120,120,120,120,120,120,126,126,126,126,126,126,126,126,126,126,132,132,132,132,132,132,132,138],"relic_stats":{"Darkstone Periapt":66,"Regal Pillow":15,"Happy Flower":[19],"Gremlin Horn":[3,3],"counters":[26,98],"Astrolabe":["WheelKick","ForeignInfluence","LessonLearned"],"Eternal Feather":96,"Yang":[136],"PreservedInsect":135,"Pen Nib":[10],"Juzu Bracelet":0,"Cursed Key":4,"Sozu":4,"Mummified Hand":[7],"Art of War":[0],"obtain_stats":[{"Darkstone Periapt":0,"Regal Pillow":43,"Happy Flower":26,"Gremlin Horn":48,"Astrolabe":17,"Vajra":13,"Oddly Smooth Stone":22,"Eternal Feather":14,"Yang":20,"PreservedInsect":4,"Pen Nib":30,"Juzu Bracelet":41,"Cursed Key":0,"Du-Vu Doll":0,"Sozu":34,"Matryoshka":9,"Mummified Hand":26,"Art of War":41,"Bottled Lightning":20,"Membership Card":28,"Unceasing Top":42},{"Darkstone Periapt":0,"Regal Pillow":22,"Happy Flower":13,"Gremlin Horn":25,"Astrolabe":8,"Vajra":6,"Oddly Smooth Stone":11,"Eternal Feather":7,"Yang":10,"PreservedInsect":3,"Pen Nib":15,"Juzu Bracelet":21,"Cursed Key":0,"Du-Vu Doll":0,"Sozu":17,"Matryoshka":6,"Mummified Hand":13,"Art of War":21,"Bottled Lightning":10,"Membership Card":13,"Unceasing Top":22},{"Darkstone Periapt":0,"Regal Pillow":81,"Happy Flower":40,"Gremlin Horn":92,"Astrolabe":24,"Vajra":14,"Oddly Smooth Stone":33,"Eternal Feather":17,"Yang":30,"PreservedInsect":7,"Pen Nib":46,"Juzu Bracelet":77,"Cursed Key":0,"Du-Vu Doll":0,"Sozu":55,"Matryoshka":14,"Mummified Hand":40,"Art of War":77,"Bottled Lightning":30,"Membership Card":40,"Unceasing Top":81}],"Unceasing Top":[0]},"card_choices":[{"not_picked":["CutThroughFate"],"picked":"EmptyFist","floor":1},{"not_picked":["PathToVictory","Sanctity"],"picked":"SKIP","floor":2},{"not_picked":["ThirdEye"],"picked":"Consecrate","floor":3},{"not_picked":["PathToVictory","Indignation"],"picked":"SKIP","floor":5},{"not_picked":["Protect"],"picked":"Indignation","floor":7},{"not_picked":["Brilliance","WheelKick"],"picked":"SKIP","floor":8},{"not_picked":["Halt"],"picked":"FollowUp","floor":14},{"not_picked":["ConjureBlade"],"picked":"Omniscience","floor":16},{"not_picked":["EmptyBody"],"picked":"Consecrate+1","floor":18},{"not_picked":["Collect"],"picked":"EmptyFist","floor":19},{"not_picked":["Consecrate"],"picked":"EmptyBody","floor":21},{"not_picked":["JustLucky"],"picked":"Tantrum","floor":24},{"not_picked":["FlyingSleeves"],"picked":"ClearTheMind","floor":25},{"not_picked":["BowlingBash"],"picked":"Conclude","floor":29},{"not_picked":["FlyingSleeves"],"picked":"ReachHeaven","floor":30},{"not_picked":["Prostrate","FlurryOfBlows"],"picked":"SKIP","floor":31},{"not_picked":["Prostrate"],"picked":"FlurryOfBlows","floor":31},{"not_picked":["ClearTheMind+1","Swivel"],"picked":"SKIP","floor":35},{"not_picked":["SashWhip","Swivel+1"],"picked":"SKIP","floor":37},{"not_picked":["SashWhip+1","Evaluate+1"],"picked":"SKIP","floor":38},{"not_picked":["Worship+1","WindmillStrike"],"picked":"SKIP","floor":39},{"not_picked":["Prostrate","ClearTheMind"],"picked":"SKIP","floor":44},{"not_picked":["Evaluate+1","FollowUp"],"picked":"SKIP","floor":46},{"not_picked":["Collect+1"],"picked":"MentalFortress","floor":48}],"player_experience":228482,"relics_obtained":[{"floor":9,"key":"Matryoshka"},{"floor":14,"key":"Eternal Feather"},{"floor":20,"key":"Bottled Lightning"},{"floor":20,"key":"Yang"},{"floor":26,"key":"Mummified Hand"},{"floor":26,"key":"Happy Flower"},{"floor":30,"key":"Pen Nib"},{"floor":42,"key":"Unceasing Top"},{"floor":43,"key":"Regal Pillow"},{"floor":48,"key":"Gremlin Horn"}],"event_choices":[{"damage_healed":0,"gold_gain":0,"player_choice":"Box","damage_taken":0,"relics_obtained":["PreservedInsect"],"max_hp_gain":0,"max_hp_loss":0,"event_name":"Big Fish","floor":4,"gold_loss":0,"cards_obtained":["Regret"]},{"damage_healed":0,"gold_gain":0,"cards_transformed":["Strike_P"],"player_choice":"Change","damage_taken":0,"max_hp_gain":0,"max_hp_loss":0,"event_name":"Living Wall","floor":10,"gold_loss":0,"cards_obtained":["InnerPeace"]},{"cards_removed":["Defend_P"],"damage_healed":0,"gold_gain":0,"player_choice":"Offered Basic","damage_taken":0,"max_hp_gain":0,"max_hp_loss":0,"event_name":"Bonfire Elementals","floor":12,"gold_loss":0},{"damage_healed":0,"gold_gain":0,"player_choice":"Opened","damage_taken":0,"relics_obtained":["Oddly Smooth Stone"],"max_hp_gain":0,"max_hp_loss":0,"event_name":"The Mausoleum","floor":22,"gold_loss":0,"cards_obtained":["Writhe"]},{"damage_healed":0,"gold_gain":0,"player_choice":"Ignored","damage_taken":0,"max_hp_gain":0,"max_hp_loss":0,"event_name":"Vampires","floor":27,"gold_loss":0},{"damage_healed":0,"gold_gain":0,"player_choice":"Ignored","damage_taken":0,"max_hp_gain":0,"max_hp_loss":0,"event_name":"Tomb of Lord Red Mask","floor":36,"gold_loss":0},{"damage_healed":0,"gold_gain":0,"player_choice":"Memory 1","damage_taken":0,"max_hp_gain":0,"max_hp_loss":0,"event_name":"SensoryStone","floor":40,"gold_loss":0},{"damage_healed":0,"gold_gain":0,"player_choice":"Fight","damage_taken":0,"max_hp_gain":0,"max_hp_loss":0,"event_name":"Mysterious Sphere","floor":42,"gold_loss":0}],"is_beta":false,"boss_relics":[{"not_picked":["Philosopher\u0027s Stone","Fusion Hammer"],"picked":"Astrolabe"},{"not_picked":["Snecko Eye","Busted Crown"],"picked":"Sozu"}],"items_purged_floors":[41],"is_endless":false,"potions_floor_spawned":[2,3,7,14,16,19,24,29,31,38,42,44,48],"ascension_level":0}}