{"host":"zcz0awyw9el3eccp","time":1609942412,"event":{"mods":["AchievementEnabler","BaseMod","Colored Powertips","Minty Spire (QoL Compilation)","Quick Restart"],"gold_per_floor":[118,138,138,152,152,152,186,198,223,243,243,263,289,43,43,43,43],"floor_reached":16,"playtime":818,"items_purged":[],"score":112,"play_id":"6edd3ef4-3aae-4407-b189-332b31fe85c7","local_time":"20210106151332","is_ascension_mode":false,"campfire_choices":[{"floor":6,"key":"RECALL"},{"data":"Hello World","floor":15,"key":"SMITH"}],"circlet_count":0,"master_deck":["Strike_B","Strike_B","Strike_B","Strike_B","Defend_B","Defend_B","Defend_B","Defend_B","Zap","Dualcast","Stack","Sweeping Beam","Coolheaded","Leap","Redo","Redo","Machine Learning","Hello World+1"],"relics":["Cracked Core","Ancient Tea Set","CultistMask","Centennial Puzzle","Toxic Egg 2"],"acts_visited":["Exordium"],"potions_floor_usage":[7,13,16,16],"damage_taken":[{"damage":6,"enemies":"Jaw Worm","floor":1,"turns":3},{"damage":0,"enemies":"Small Slimes","floor":2,"turns":4},{"damage":0,"enemies":"Cultist","floor":4,"turns":3},{"damage":24,"enemies":"3 Sentries","floor":7,"turns":10},{"damage":5,"enemies":"3 Louse","floor":8,"turns":4},{"damage":6,"enemies":"Red Slaver","floor":10,"turns":4},{"damage":0,"enemies":"Looter","floor":12,"turns":4},{"damage":17,"enemies":"Lagavulin","floor":13,"turns":8},{"damage":14,"enemies":"Hexaghost","floor":16,"turns":9}],"seed_played":"-3336982678937104028","potions_obtained":[{"floor":2,"key":"PowerPotion"},{"floor":4,"key":"LiquidBronze"},{"floor":5,"key":"EssenceOfSteel"},{"floor":5,"key":"PowerPotion"},{"floor":8,"key":"Swift Potion"},{"floor":10,"key":"Regen Potion"}],"is_trial":false,"path_per_floor":["M","M","?","M","?","R","E","M","T","M","?","M","E","$","R","B"],"character_chosen":"DEFECT","items_purchased":["Toxic Egg 2"],"campfire_rested":0,"item_purchase_floors":[14],"current_hp_per_floor":[76,76,76,76,76,76,52,47,47,41,41,41,36,36,36,22,22],"gold":43,"neow_bonus":"TEN_PERCENT_HP_BONUS","is_daily":false,"chose_seed":false,"campfire_upgraded":1,"win_rate":0.0,"timestamp":1609942412,"path_taken":["M","M","?","M","?","R","E","?","T","M","?","?","E","$","R","BOSS"],"items_purchased_type":["Relic"],"build_version":"2020-12-22","purchased_purges":0,"victory":false,"max_hp_per_floor":[82,82,82,82,82,82,82,82,82,82,82,82,82,82,82,82,82],"card_choices":[{"not_picked":["Rebound","Streamline"],"picked":"Stack","floor":1},{"not_picked":["Streamline","Hologram"],"picked":"Sweeping Beam","floor":2},{"not_picked":["Chaos","Hologram"],"picked":"Coolheaded","floor":4},{"not_picked":["Aggregate","Core Surge"],"picked":"Leap","floor":7},{"not_picked":["Turbo","Hologram"],"picked":"Redo","floor":8},{"not_picked":["Ball Lightning","Lockon"],"picked":"Redo","floor":10},{"not_picked":["Gash","Sweeping Beam"],"picked":"Machine Learning","floor":12},{"not_picked":["Biased Cognition","FTL"],"picked":"Hello World","floor":13}],"player_experience":88367,"relics_obtained":[{"floor":7,"key":"Ancient Tea Set"},{"floor":13,"key":"Centennial Puzzle"}],"event_choices":[{"damage_healed":0,"gold_gain":0,"player_choice":"Ignored","damage_taken":0,"max_hp_gain":0,"max_hp_loss":0,"event_name":"Liars Game","floor":3,"gold_loss":0},{"damage_healed":0,"gold_gain":0,"player_choice":"Got Potions","damage_taken":0,"max_hp_gain":0,"max_hp_loss":0,"event_name":"Lab","floor":5,"gold_loss":0},{"damage_healed":0,"gold_gain":0,"player_choice":"Trade","damage_taken":0,"relics_obtained":["CultistMask"],"max_hp_gain":0,"max_hp_loss":0,"event_name":"FaceTrader","floor":11,"gold_loss":0}],"is_beta":false,"boss_relics":[],"items_purged_floors":[],"is_endless":false,"potions_floor_spawned":[2,4,8,10],"killed_by":"Hexaghost","ascension_level":0}}