{"host":"6q94iy5iz6612v89","time":1609944258,"event":{"mods":["AchievementEnabler","BaseMod","Colored Map","DeckTracker","Keyboard Shortcuts","Minty Spire (QoL Compilation)","Permanent Neow","StSLib","SuperFastMode"],"gold_per_floor":[110,110,124,49,64,64,97,97,123,143,143,158,188,148,148,225,225,243,259,259,276,19,19,19],"floor_reached":23,"playtime":527,"items_purged":["Strike_G","Strike_G"],"score":382,"play_id":"3c1a9e68-9f3c-45a4-9604-cf4c2320b976","local_time":"20210106234418","is_ascension_mode":true,"campfire_choices":[{"data":"Deadly Poison","floor":6.0,"key":"SMITH"},{"data":"Poisoned Stab","floor":8.0,"key":"SMITH"},{"data":"Neutralize","floor":11.0,"key":"SMITH"},{"data":"Dodge and Roll","floor":15.0,"key":"SMITH"}],"circlet_count":0,"master_deck":["AscendersBane","Strike_G","Strike_G","Defend_G","Defend_G","Defend_G","Defend_G","Survivor","Neutralize+1","Sucker Punch","Deadly Poison+1","Poisoned Stab+1","Backstab","Bane","Dodge and Roll+1","Burst","PiercingWail"],"relics":["Ring of the Snake","Blood Vial","Darkstone Periapt","Busted Crown","Snake Skull"],"acts_visited":["Exordium","TheCity"],"potions_floor_usage":[23],"damage_taken":[{"damage":9.0,"enemies":"Jaw Worm","floor":1.0,"turns":4.0},{"damage":0.0,"enemies":"Cultist","floor":3.0,"turns":4.0},{"damage":1.0,"enemies":"Small Slimes","floor":5.0,"turns":4.0},{"damage":46.0,"enemies":"Gremlin Nob","floor":7.0,"turns":5.0},{"damage":4.0,"enemies":"Red Slaver","floor":10.0,"turns":3.0},{"damage":9.0,"enemies":"3 Louse","floor":12.0,"turns":4.0},{"damage":11.0,"enemies":"The Guardian","floor":16.0,"turns":8.0},{"damage":25.0,"enemies":"3 Byrds","floor":18.0,"turns":8.0},{"damage":16.0,"enemies":"Shell Parasite","floor":19.0,"turns":4.0},{"damage":1,"enemies":"Centurion and Healer","floor":21,"turns":8},{"damage":0,"enemies":"Gremlin Leader","floor":23,"turns":4}],"seed_played":"-3789702048780516345","potions_obtained":[{"floor":3.0,"key":"EntropicBrew"},{"floor":10.0,"key":"ColorlessPotion"},{"floor":14.0,"key":"Poison Potion"},{"floor":14.0,"key":"Dexterity Potion"},{"floor":21,"key":"SkillPotion"}],"is_trial":false,"path_per_floor":["M","?","M","$","M","R","E","R","T","M","R","M","?","?","R","B",null,"M","M","?","M","$","E"],"character_chosen":"THE_SILENT","items_purchased":["Snake Skull"],"campfire_rested":0,"item_purchase_floors":[22],"current_hp_per_floor":[35,76,76,76,75,75,29,29,29,27,27,20,20,20,20,11,60,37,23,23,24,24,26,26],"gold":19,"neow_bonus":"TRANSFORM_TWO_CARDS","is_daily":false,"chose_seed":false,"campfire_upgraded":4,"win_rate":0.0,"timestamp":1609944258,"path_taken":["M","?","M","$","M","R","E","R","T","M","R","?","?","?","R","BOSS","M","M","?","M","$","E"],"items_purchased_type":["Relic"],"build_version":"2020-12-22","purchased_purges":2,"victory":false,"max_hp_per_floor":[66,76,76,76,76,76,76,76,76,76,76,76,76,76,76,76,76,76,76,76,76,76,76,76],"card_choices":[{"not_picked":["Deflect","Poisoned Stab"],"picked":"Deadly Poison","floor":1.0},{"not_picked":["Heel Hook","Flying Knee"],"picked":"Poisoned Stab","floor":3.0},{"not_picked":["Prepared","Poisoned Stab"],"picked":"Backstab","floor":5.0},{"not_picked":["Underhanded Strike","PiercingWail","Heel Hook"],"picked":"SKIP","floor":7.0},{"not_picked":["Glass Knife","Bane","Riddle With Holes"],"picked":"SKIP","floor":10.0},{"not_picked":["Glass Knife","Riddle With Holes"],"picked":"Bane","floor":10.0},{"not_picked":["Prepared","Bane"],"picked":"Dodge and Roll","floor":12.0},{"not_picked":["Malaise","Glass Knife"],"picked":"Burst","floor":16.0},{"not_picked":["Deadly Poison"],"picked":"SKIP","floor":18.0},{"not_picked":["Slice"],"picked":"SKIP","floor":19.0},{"not_picked":[],"picked":"PiercingWail","floor":21}],"player_experience":1433434,"relics_obtained":[{"floor":7.0,"key":"Blood Vial"}],"event_choices":[{"cards_removed":["Storm of Steel"],"damage_healed":31.0,"max_hp_gain":10.0,"max_hp_loss":0.0,"gold_gain":0.0,"event_name":"Bonfire Elementals","player_choice":"Offered Rare","floor":2.0,"gold_loss":0.0,"damage_taken":0.0},{"damage_healed":0.0,"max_hp_gain":0.0,"max_hp_loss":0.0,"gold_gain":30.0,"event_name":"Dead Adventurer","player_choice":"Searched \u00272\u0027 times","floor":13.0,"gold_loss":0.0,"damage_taken":0.0,"relics_obtained":["Darkstone Periapt"]},{"damage_healed":0.0,"max_hp_gain":0.0,"max_hp_loss":0.0,"gold_gain":0.0,"event_name":"The Woman in Blue","player_choice":"Bought 3 Potions","floor":14.0,"gold_loss":0.0,"damage_taken":0.0},{"damage_healed":0,"gold_gain":0,"player_choice":"Ignored","damage_taken":0,"max_hp_gain":0,"max_hp_loss":0,"event_name":"Cursed Tome","floor":20,"gold_loss":0}],"is_beta":false,"boss_relics":[{"not_picked":["Pandora\u0027s Box","Runic Pyramid"],"picked":"Busted Crown"}],"items_purged_floors":[4,22],"is_endless":false,"potions_floor_spawned":[3,5,10,21],"killed_by":"Gremlin Leader","ascension_level":20}}