{"host":"16bdbdkejmwbwkj8","time":1609894148,"event":{"mods":["BaseMod","Colored Map","Downfall","Minty Spire (QoL Compilation)","StSLib"],"gold_per_floor":[111,211,211,221,234,248,248,264,54,68,98,114,130,147,72,72,72,72],"floor_reached":16,"playtime":1385,"items_purged":["Slimebound:Tackle"],"score":123,"play_id":"224ca7c3-0815-49f9-b0ee-4890edc0b58c","local_time":"20210105194908","is_ascension_mode":false,"campfire_choices":[{"data":"Slimebound:LevelUp","floor":15,"key":"SMITH"}],"circlet_count":0,"master_deck":["Slimebound:Strike_Slimebound","Slimebound:Strike_Slimebound","Slimebound:Strike_Slimebound","Slimebound:Defend_Slimebound","Slimebound:Defend_Slimebound","Slimebound:Defend_Slimebound","Slimebound:Defend_Slimebound","Slimebound:Split","Slimebound:CorrosiveSpit","Slimebound:SplitMire","Slimebound:SamplingLick","Slimebound:LivingWall","Slimebound:SlimeTap","Slimebound:SlimeBarrage","Slimebound:SplitSpecialist","Slimebound:Darklings","Slimebound:SplitLeeching","Slimebound:Schlurp","Slimebound:LevelUp+1","Slimebound:GoopSpray","Slimebound:ForwardTackle"],"relics":["Slimebound:AbsorbEndCombat","Blue Candle","downfall:HeartBlessingBlue"],"acts_visited":["Exordium"],"potions_floor_usage":[],"damage_taken":[{"damage":14,"enemies":"Small Slimes","floor":1,"turns":6},{"damage":9,"enemies":"Jaw Worm","floor":4,"turns":3},{"damage":8,"enemies":"Cultist","floor":5,"turns":3},{"damage":13,"enemies":"3 Louse","floor":6,"turns":4},{"damage":27,"enemies":"Lots of Slimes","floor":8,"turns":5},{"damage":8,"enemies":"downfall:FleeingMerchant","floor":9,"turns":4},{"damage":25,"enemies":"Exordium Wildlife","floor":10,"turns":5},{"damage":22,"enemies":"Exordium Thugs","floor":12,"turns":4},{"damage":14,"enemies":"3 Louse","floor":13,"turns":4},{"damage":24,"enemies":"Large Slime","floor":14,"turns":5},{"damage":83,"enemies":"downfall:Defect","floor":16,"turns":6}],"seed_played":"671171151504192096","potions_obtained":[{"floor":4,"key":"Ancient Potion"},{"floor":5,"key":"Dexterity Potion"},{"floor":8,"key":"BlessingOfTheForge"}],"is_trial":false,"path_per_floor":["M","?","?","M","M","M","T","M","$","M","?","M","M","M","R","B"],"character_chosen":"SLIMEBOUND","items_purchased":["Slimebound:Darklings","Slimebound:SplitLeeching"],"campfire_rested":0,"item_purchase_floors":[9,9],"current_hp_per_floor":[60,60,60,61,66,65,65,56,60,55,55,53,55,59,69,0,0,0],"gold":72,"neow_bonus":"TEN_PERCENT_HP_BONUS","is_daily":false,"chose_seed":false,"campfire_upgraded":1,"win_rate":0.0,"timestamp":1609894148,"path_taken":["M","?","?","M","M","M","T","M","$","?","?","M","M","M","R","BOSS"],"items_purchased_type":["Card","Card"],"build_version":"2020-12-22","purchased_purges":1,"victory":false,"max_hp_per_floor":[66,66,66,66,66,66,66,66,66,66,66,66,66,66,76,76,76,76],"card_choices":[{"not_picked":["Slimebound:SamplingLick","Slimebound:Prepare"],"picked":"Slimebound:SplitMire","floor":1},{"not_picked":["Slimebound:GoopTackle","Slimebound:AcidTongue"],"picked":"Slimebound:SamplingLick","floor":4},{"not_picked":["Slimebound:LeechingTouch","Slimebound:SplitMire"],"picked":"Slimebound:LivingWall","floor":5},{"not_picked":["Slimebound:DivideAndConquer","Slimebound:RollThrough"],"picked":"Slimebound:SlimeTap","floor":6},{"not_picked":["Slimebound:RollThrough","Slimebound:DisruptingSlam"],"picked":"Slimebound:SlimeBarrage","floor":8},{"not_picked":["Slimebound:Equalize","Slimebound:ServeAndProtect"],"picked":"Slimebound:SplitSpecialist","floor":9},{"not_picked":["Slimebound:ViciousTackle","Slimebound:RollThrough"],"picked":"Slimebound:Schlurp","floor":10},{"not_picked":["Slimebound:LeadByExample","Slimebound:LeechEnergy"],"picked":"Slimebound:LevelUp","floor":12},{"not_picked":["Slimebound:ViciousTackle","Slimebound:FinishingTackle"],"picked":"Slimebound:GoopSpray","floor":13},{"not_picked":["Slimebound:ViciousTackle","Slimebound:SamplingLick"],"picked":"Slimebound:ForwardTackle","floor":14}],"player_experience":105417,"relics_obtained":[],"event_choices":[{"damage_healed":0,"gold_gain":0,"player_choice":"Ignored","damage_taken":0,"max_hp_gain":0,"max_hp_loss":0,"event_name":"NoteForYourself","floor":3,"gold_loss":0}],"is_beta":false,"boss_relics":[],"items_purged_floors":[9],"is_endless":false,"potions_floor_spawned":[4,5,8,13],"killed_by":"downfall:Defect","ascension_level":0}}