{"host":"kjehzzhcyp0nyrrl","time":1609943026,"event":{"mods":["AchievementEnabler","BaseMod","Custom Start","Hermit","Keyboard Shortcuts","Koishi","Minty Spire (QoL Compilation)","StSLib","SuperFastMode","The Dragon Tamer","The Gatherer","everything is the same but u backflip on backflip"],"gold_per_floor":[110,110,35,35,52,81,81,94,94,126,139,174,74,91,91,195,195,208,83,103,203,216,216,245,245,245,276,276,276,276,32,32,131,131,142,159,209,226,72,106,106,121,147,172,192,192,102,118,118,118,118,118,14,40,40],"floor_reached":56,"playtime":1947,"items_purged":["Defend_B","Strike_B","Strike_B"],"score":1797,"play_id":"44ff3240-8200-467a-84af-402fafb48004","local_time":"20210106232346","is_ascension_mode":true,"campfire_choices":[{"data":"Streamline","floor":15.0,"key":"SMITH"},{"data":"Coolheaded","floor":23.0,"key":"SMITH"},{"data":"Coolheaded","floor":30,"key":"SMITH"},{"floor":32,"key":"REST"},{"data":"Meteor Strike","floor":41,"key":"SMITH"},{"data":"Meteor Strike","floor":46,"key":"SMITH"},{"floor":49,"key":"RECALL"},{"data":"Conserve Battery","floor":52,"key":"SMITH"}],"circlet_count":0,"master_deck":["Defend_B","Defend_B","Defend_B","Zap","Dualcast","Tempest+1","BootSequence","Compile Driver","Streamline+1","Conserve Battery+1","Coolheaded+1","Coolheaded+1","Doom and Gloom","Creative AI","Heatsinks+1","Meteor Strike+1","Hologram+1","Meteor Strike+1","Static Discharge","Machine Learning"],"relics":["Cracked Core","NeowsBlessing","StoneCalendar","FaceOfCleric","Meat on the Bone","Blood Vial","HornCleat","Snecko Eye","Eternal Feather","Incense Burner","Toxic Egg 2","Mercury Hourglass","Sundial","Philosopher\u0027s Stone","FossilizedHelix","Medical Kit","StrikeDummy","Toy Ornithopter","Bird Faced Urn","Mango"],"acts_visited":["Exordium","TheCity","TheBeyond","TheEnding"],"potions_floor_usage":[27,27,27,48,54,55,55,55,55],"damage_taken":[{"damage":0.0,"enemies":"Cultist","floor":1.0,"turns":1.0},{"damage":0.0,"enemies":"2 Louse","floor":5.0,"turns":1.0},{"damage":0.0,"enemies":"Lagavulin","floor":6.0,"turns":1.0},{"damage":4.0,"enemies":"Small Slimes","floor":8.0,"turns":3.0},{"damage":38.0,"enemies":"3 Sentries","floor":10.0,"turns":7.0},{"damage":9.0,"enemies":"Red Slaver","floor":11.0,"turns":4.0},{"damage":36.0,"enemies":"Gremlin Nob","floor":12.0,"turns":4.0},{"damage":0.0,"enemies":"Looter","floor":14.0,"turns":3.0},{"damage":11.0,"enemies":"The Guardian","floor":16.0,"turns":9.0},{"damage":6.0,"enemies":"3 Byrds","floor":18.0,"turns":4.0},{"damage":0.0,"enemies":"Chosen","floor":20.0,"turns":4.0},{"damage":6.0,"enemies":"Centurion and Healer","floor":22.0,"turns":7.0},{"damage":0.0,"enemies":"Book of Stabbing","floor":24.0,"turns":5.0},{"damage":63,"enemies":"Slavers","floor":27,"turns":7},{"damage":34,"enemies":"Champ","floor":33,"turns":11},{"damage":0,"enemies":"3 Shapes","floor":35,"turns":4},{"damage":0,"enemies":"3 Darklings","floor":36,"turns":3},{"damage":13,"enemies":"Mind Bloom Boss Battle","floor":37,"turns":3},{"damage":0,"enemies":"Transient","floor":38,"turns":5},{"damage":0,"enemies":"Giant Head","floor":40,"turns":4},{"damage":0,"enemies":"Spire Growth","floor":42,"turns":3},{"damage":0,"enemies":"Nemesis","floor":44,"turns":3},{"damage":0,"enemies":"Sphere and 2 Shapes","floor":45,"turns":2},{"damage":0,"enemies":"3 Darklings","floor":48,"turns":2},{"damage":0,"enemies":"Donu and Deca","floor":50,"turns":3},{"damage":18,"enemies":"Shield and Spear","floor":54,"turns":7},{"damage":15,"enemies":"The Heart","floor":55,"turns":6}],"seed_played":"486495973352085439","potions_obtained":[{"floor":11.0,"key":"ColorlessPotion"},{"floor":12.0,"key":"GamblersBrew"},{"floor":16.0,"key":"SkillPotion"},{"floor":22.0,"key":"Energy Potion"},{"floor":24,"key":"Weak Potion"},{"floor":40,"key":"Block Potion"},{"floor":42,"key":"Strength Potion"},{"floor":44,"key":"SneckoOil"},{"floor":48,"key":"DuplicationPotion"}],"is_trial":false,"path_per_floor":["M","?","$","?","M","E","?","M","T","E","M","E","$","M","R","B",null,"M","$","M","?","M","R","E","?","T","E","T","T","R","$","R","B",null,"M","M","?","M","$","E","R","M","T","E","M","R","?","M","R","B",null,"R","$","E","B",null],"character_chosen":"DEFECT","items_purchased":["Sundial","Medical Kit","EntropicBrew"],"campfire_rested":1,"item_purchase_floors":[31,39,53],"current_hp_per_floor":[68,68,68,68,68,68,68,65,65,40,46,25,25,40,40,44,72,69,69,72,72,69,69,72,72,72,24,24,24,33,33,67,48,77,80,83,73,76,76,79,88,91,91,94,95,95,95,96,96,97,97,97,97,111,101],"gold":40,"neow_bonus":"THREE_ENEMY_KILL","is_daily":false,"chose_seed":false,"campfire_upgraded":6,"win_rate":0.0,"timestamp":1609943026,"path_taken":["M","?","?","?","?","E","?","M","T","E","?","E","$","M","R","BOSS","M","$","M","?","?","R","E","?","T","E","?","?","R","$","R","BOSS","M","M","?","M","$","E","R","M","T","E","M","R","?","?","R","BOSS","R","$","E","BOSS"],"items_purchased_type":["Relic","Relic","Potion"],"build_version":"2020-12-22","purchased_purges":3,"victory":true,"max_hp_per_floor":[75,75,75,75,75,75,75,76,76,77,78,79,79,80,80,81,81,82,82,83,83,84,84,85,85,85,86,86,86,86,86,86,87,87,88,89,90,91,91,92,92,93,93,94,95,95,95,96,96,97,97,97,97,112,113],"card_choices":[{"not_picked":["Stack","Static Discharge"],"picked":"Tempest","floor":1.0},{"not_picked":["Double Energy","Leap"],"picked":"Compile Driver","floor":5.0},{"not_picked":["Steam","Consume"],"picked":"Streamline","floor":6.0},{"not_picked":["Reinforced Body","Barrage"],"picked":"Conserve Battery","floor":8.0},{"not_picked":["Steam","Heatsinks"],"picked":"Coolheaded","floor":10.0},{"not_picked":["Compile Driver","Steam Power"],"picked":"Coolheaded","floor":11.0},{"not_picked":["Recycle","Ball Lightning"],"picked":"Doom and Gloom","floor":12.0},{"not_picked":["Chill","Turbo","Aggregate"],"picked":"SKIP","floor":14.0},{"not_picked":["Machine Learning","All For One"],"picked":"Creative AI","floor":16.0},{"not_picked":["Redo","Rebound+1","Consume+1"],"picked":"SKIP","floor":18.0},{"not_picked":["Beam Cell+1","Streamline","Go for the Eyes+1"],"picked":"SKIP","floor":20.0},{"not_picked":["FTL+1","Compile Driver","Conserve Battery"],"picked":"SKIP","floor":22.0},{"not_picked":["Sweeping Beam","Turbo","Tempest"],"picked":"SKIP","floor":24},{"not_picked":["Sweeping Beam","Compile Driver"],"picked":"Heatsinks+1","floor":27},{"not_picked":["Fission+1","Buffer"],"picked":"Meteor Strike","floor":33},{"not_picked":["Conserve Battery+1","Gash+1"],"picked":"Hologram+1","floor":35},{"not_picked":["Gash","Coolheaded+1"],"picked":"Meteor Strike","floor":36},{"not_picked":["Fusion+1","Reprogram+1","Sweeping Beam+1"],"picked":"SKIP","floor":38},{"not_picked":["Self Repair+1","Go for the Eyes+1","BootSequence+1"],"picked":"SKIP","floor":40},{"not_picked":["Multi-Cast+1","Conserve Battery+1","Hologram+1"],"picked":"SKIP","floor":42},{"not_picked":["Beam Cell","Hologram+1"],"picked":"Static Discharge","floor":44},{"not_picked":["Reprogram+1","Go for the Eyes+1","Undo+1"],"picked":"SKIP","floor":45},{"not_picked":["Ball Lightning","Hologram+1"],"picked":"Machine Learning","floor":48},{"not_picked":["Reinforced Body+1","Stack+1","Leap+1"],"picked":"SKIP","floor":54}],"player_experience":388324,"relics_obtained":[{"floor":6.0,"key":"StoneCalendar"},{"floor":9.0,"key":"Meat on the Bone"},{"floor":10.0,"key":"Blood Vial"},{"floor":12.0,"key":"HornCleat"},{"floor":24,"key":"Eternal Feather"},{"floor":26,"key":"Incense Burner"},{"floor":27,"key":"Toxic Egg 2"},{"floor":28,"key":"Mercury Hourglass"},{"floor":37,"key":"FossilizedHelix"},{"floor":40,"key":"StrikeDummy"},{"floor":43,"key":"Toy Ornithopter"},{"floor":44,"key":"Bird Faced Urn"},{"floor":54,"key":"Mango"}],"event_choices":[{"damage_healed":0.0,"max_hp_gain":0.0,"max_hp_loss":0.0,"gold_gain":0.0,"cards_transformed":["Strike_B"],"event_name":"Transmorgrifier","player_choice":"Transformed","floor":2.0,"gold_loss":0.0,"damage_taken":0.0,"cards_obtained":["BootSequence"]},{"damage_healed":0.0,"max_hp_gain":0.0,"max_hp_loss":0.0,"gold_gain":0.0,"event_name":"Match and Keep!","player_choice":"0 cards matched","floor":4.0,"gold_loss":0.0,"damage_taken":0.0,"cards_obtained":[]},{"damage_healed":0.0,"max_hp_gain":0.0,"max_hp_loss":0.0,"gold_gain":0.0,"event_name":"FaceTrader","player_choice":"Trade","floor":7.0,"gold_loss":0.0,"damage_taken":0.0,"relics_obtained":["FaceOfCleric"]},{"damage_healed":0.0,"max_hp_gain":0.0,"max_hp_loss":0.0,"gold_gain":100.0,"event_name":"Golden Shrine","player_choice":"Pray","floor":21.0,"gold_loss":0.0,"damage_taken":0.0},{"damage_healed":0,"gold_gain":0,"player_choice":"Ignored","damage_taken":0,"max_hp_gain":0,"max_hp_loss":0,"event_name":"Ghosts","floor":25,"gold_loss":0},{"damage_healed":0,"gold_gain":0,"player_choice":"Fight","damage_taken":0,"max_hp_gain":0,"max_hp_loss":0,"event_name":"MindBloom","floor":37,"gold_loss":0},{"cards_removed":["Strike_B"],"damage_healed":0,"gold_gain":0,"player_choice":"Upgrade and Remove","damage_taken":0,"max_hp_gain":0,"max_hp_loss":0,"event_name":"Designer","floor":47,"gold_loss":90,"cards_upgraded":["Tempest"]}],"is_beta":false,"boss_relics":[{"not_picked":["Runic Dome","Velvet Choker"],"picked":"Snecko Eye"},{"not_picked":["Cursed Key","Coffee Dripper"],"picked":"Philosopher\u0027s Stone"}],"items_purged_floors":[3,13,19],"is_endless":false,"potions_floor_spawned":[11,12,16,22,24,40,42,44,48],"ascension_level":6}}