{"host":"qojc688juf5ijsln","time":1609950957,"event":{"mods":["AchievementEnabler","BaseMod","BetterRewards","Colored Powertips","Highlight Path","Minty Spire (QoL Compilation)","Quick Restart","Shop Mod","StSLib"],"gold_per_floor":[114,114,64,84,103,103,139,139,162,13,13,13,13,33,33,154,154,178,178,278,298,313,313,336,336,336,86,104,104,129,52,52,52,52],"floor_reached":33,"playtime":1390,"items_purged":["Strike_B","Chill"],"score":245,"play_id":"ebc8274f-28ca-4b67-ab20-d27cf881cd53","local_time":"20210107003557","is_ascension_mode":false,"campfire_choices":[{"data":"Redo","floor":6,"key":"SMITH"},{"data":"Zap","floor":8,"key":"SMITH"},{"data":"Fusion","floor":11,"key":"SMITH"},{"data":"Redo","floor":15,"key":"SMITH"},{"floor":23,"key":"REST"},{"floor":32,"key":"REST"}],"circlet_count":0,"master_deck":["Defend_B","Zap+1","Dualcast","Loop+1","Capacitor+1","Loop+1","Redo+1","Melter","Thunder Strike","Redo+1","All For One","Undo+1","Undo+1","Multi-Cast+1","Static Discharge+1","Survivor","Capacitor+1","Capacitor+1"],"relics":["Cracked Core","Frozen Egg 2","FossilizedHelix","MerchantsRug","Golden Idol","Boot","Vajra","Astrolabe","Blue Candle","PreservedInsect"],"acts_visited":["Exordium","TheCity"],"potions_floor_usage":[7,21],"damage_taken":[{"damage":9,"enemies":"Jaw Worm","floor":1,"turns":4},{"damage":0,"enemies":"2 Louse","floor":4,"turns":3},{"damage":0,"enemies":"Cultist","floor":5,"turns":3},{"damage":13,"enemies":"Gremlin Nob","floor":7,"turns":5},{"damage":1,"enemies":"2 Fungi Beasts","floor":14,"turns":3},{"damage":20,"enemies":"Hexaghost","floor":16,"turns":7},{"damage":0,"enemies":"3 Byrds","floor":18,"turns":6},{"damage":21,"enemies":"2 Thieves","floor":21,"turns":4},{"damage":8,"enemies":"Centurion and Healer","floor":22,"turns":5},{"damage":30,"enemies":"Shelled Parasite and Fungi","floor":24,"turns":4},{"damage":10,"enemies":"Sentry and Sphere","floor":28,"turns":3},{"damage":38,"enemies":"Centurion and Healer","floor":30,"turns":7},{"damage":31,"enemies":"Collector","floor":33,"turns":3}],"seed_played":"5630479198252618051","potions_obtained":[{"floor":1,"key":"Weak Potion"},{"floor":5,"key":"DistilledChaos"},{"floor":18,"key":"LiquidMemories"},{"floor":24,"key":"EssenceOfDarkness"}],"is_trial":false,"path_per_floor":["M","?","?","M","M","R","E","R","T","$","R","?","?","M","R","B",null,"M","?","?","M","M","R","M","?","T","$","M","?","M","$","R","B"],"character_chosen":"DEFECT","items_purchased":["Frozen Egg 2","Loop+1","MerchantsRug","Capacitor+1","Fusion","Thunder Strike","PreservedInsect","Capacitor+1"],"campfire_rested":2,"item_purchase_floors":[0,0,0,0,10,10,27,31],"current_hp_per_floor":[66,66,66,66,66,66,53,53,53,53,53,46,46,45,45,25,69,69,69,69,48,40,60,30,53,53,53,43,43,5,5,25,0,0],"gold":52,"neow_bonus":"","is_daily":false,"chose_seed":false,"campfire_upgraded":4,"win_rate":0.0,"timestamp":1609950957,"path_taken":["M","?","?","M","?","R","E","R","T","?","R","?","?","M","R","BOSS","M","?","?","M","M","R","?","?","T","$","M","?","?","?","R","BOSS"],"items_purchased_type":["Relic","Card","Relic","Card","Card","Card","Relic","Card"],"build_version":"2020-12-22","purchased_purges":2,"victory":false,"max_hp_per_floor":[75,69,69,69,69,69,69,69,69,69,69,69,69,69,69,69,69,69,69,69,69,69,69,69,69,69,69,69,69,69,69,69,69,69],"card_choices":[{"not_picked":["Coolheaded","Leap","Compile Driver"],"picked":"SKIP","floor":1},{"not_picked":["Conserve Battery","Barrage"],"picked":"Loop+1","floor":4},{"not_picked":["Hologram","Rebound"],"picked":"Redo","floor":5},{"not_picked":["Tempest","Steam Power"],"picked":"Melter","floor":7},{"not_picked":["Aggregate","Rip and Tear"],"picked":"Redo","floor":14},{"not_picked":["Multi-Cast","Biased Cognition+1"],"picked":"All For One","floor":16},{"not_picked":["Glacier","Beam Cell","Conserve Battery"],"picked":"SKIP","floor":18},{"not_picked":["Coolheaded","Glacier+1"],"picked":"Static Discharge+1","floor":21},{"not_picked":["Compile Driver","Doom and Gloom","Melter"],"picked":"SKIP","floor":22},{"not_picked":["Conserve Battery","Go for the Eyes+1","Stack"],"picked":"SKIP","floor":24},{"not_picked":["Rip and Tear","Chaos+1","Heatsinks+1"],"picked":"SKIP","floor":28},{"not_picked":["Melter+1","Auto Shields"],"picked":"Capacitor+1","floor":30}],"player_experience":81955,"relics_obtained":[{"floor":7,"key":"Boot"},{"floor":9,"key":"Vajra"},{"floor":26,"key":"Blue Candle"}],"event_choices":[{"damage_healed":0,"gold_gain":0,"player_choice":"Lose Max HP","damage_taken":0,"relics_obtained":["Golden Idol"],"max_hp_gain":0,"max_hp_loss":6,"event_name":"Golden Idol","floor":2,"gold_loss":0},{"cards_removed":["Strike_B"],"damage_healed":0,"gold_gain":0,"player_choice":"Card Removal","damage_taken":0,"max_hp_gain":0,"max_hp_loss":0,"event_name":"The Cleric","floor":3,"gold_loss":50},{"cards_removed":["Strike_B"],"damage_healed":0,"gold_gain":0,"player_choice":"Card Removal","damage_taken":7,"max_hp_gain":0,"max_hp_loss":0,"event_name":"Golden Wing","floor":12,"gold_loss":0},{"damage_healed":0,"gold_gain":0,"cards_transformed":["Strike_B"],"player_choice":"Transformed","damage_taken":0,"max_hp_gain":0,"max_hp_loss":0,"event_name":"Transmorgrifier","floor":13,"gold_loss":0,"cards_obtained":["Chill"]},{"damage_healed":0,"gold_gain":0,"player_choice":"Ignored","damage_taken":0,"max_hp_gain":0,"max_hp_loss":0,"event_name":"Ghosts","floor":19,"gold_loss":0},{"damage_healed":0,"gold_gain":100,"player_choice":"Pray","damage_taken":0,"max_hp_gain":0,"max_hp_loss":0,"event_name":"Golden Shrine","floor":20,"gold_loss":0},{"damage_healed":23,"gold_gain":0,"player_choice":"Heal","damage_taken":0,"max_hp_gain":0,"max_hp_loss":0,"event_name":"The Library","floor":25,"gold_loss":0},{"cards_removed":["Fusion"],"damage_healed":0,"gold_gain":0,"player_choice":"Took Card","damage_taken":0,"max_hp_gain":0,"max_hp_loss":0,"event_name":"NoteForYourself","floor":29,"gold_loss":0,"cards_obtained":["Survivor"]}],"is_beta":false,"boss_relics":[{"not_picked":["Sozu","FrozenCore"],"picked":"Astrolabe"}],"items_purged_floors":[0,27],"is_endless":false,"potions_floor_spawned":[1,5,18,24],"killed_by":"Collector","ascension_level":0}}