{"host":"9d9dhukr2jywmy0f","time":1609923743,"event":{"mods":["2.2 Compatiblity","Alarm Clock","BaseMod","Bestiary","Block Reminder","Colored Map","Colored Powertips","Curses Come First","DeckTracker","Highlight Path","Infinite Spire","Key Reminder","Keyboard Shortcuts","Minty Spire (QoL Compilation)","MonsterHotkey","Quick Restart","Rare Cards Sparkle","Relic Sorter","Relic Stats","Spire Birthday Party","StSLib","SuperFastMode","Synergy Search","Unceasing Turn Reminder","Unknown Chances"],"gold_per_floor":[19,19,34,109,123,123,8,8,8,8,21,41,56,71,71,71,71],"floor_reached":16,"playtime":481,"items_purged":["Defend_B"],"score":188,"play_id":"95b26cd4-1871-49ba-a713-41196db12829","local_time":"20210106170223","is_ascension_mode":true,"campfire_choices":[{"data":"Dualcast","floor":6.0,"key":"SMITH"},{"data":"Zap","floor":8.0,"key":"SMITH"},{"data":"Recycle","floor":15,"key":"SMITH"}],"circlet_count":0,"master_deck":["AscendersBane","Strike_B","Strike_B","Strike_B","Strike_B","Defend_B","Defend_B","Defend_B","Zap+1","Dualcast+1","Turbo","Coolheaded","Capacitor","Glacier","Recycle+1","Sunder","Coolheaded","BootSequence"],"relics":["Cracked Core","Prayer Wheel","Golden Idol","StoneCalendar"],"acts_visited":["Exordium"],"potions_floor_usage":[],"damage_taken":[{"damage":14.0,"enemies":"Small Slimes","floor":1.0,"turns":4.0},{"damage":0.0,"enemies":"2 Louse","floor":3.0,"turns":1.0},{"damage":0.0,"enemies":"Jaw Worm","floor":5.0,"turns":4.0},{"damage":14.0,"enemies":"Exordium Thugs","floor":11.0,"turns":5.0},{"damage":6.0,"enemies":"3 Louse","floor":12.0,"turns":4.0},{"damage":0.0,"enemies":"Looter","floor":13.0,"turns":4.0},{"damage":0,"enemies":"2 Fungi Beasts","floor":14,"turns":4},{"damage":0,"enemies":"The Guardian","floor":16,"turns":1}],"seed_played":"2952050813554676948","potions_obtained":[{"floor":5.0,"key":"SpeedPotion"},{"floor":11.0,"key":"EssenceOfSteel"},{"floor":13.0,"key":"Ancient Potion"}],"is_trial":false,"path_per_floor":["M","?","M","?","M","R","$","R","T","$","M","M","M","M","R","B"],"character_chosen":"DEFECT","items_purchased":["Glacier"],"campfire_rested":0,"item_purchase_floors":[7],"current_hp_per_floor":[50,50,50,39,39,39,39,39,39,39,25,19,19,19,19,19,19],"gold":71,"neow_bonus":"ONE_RARE_RELIC","is_daily":false,"chose_seed":false,"campfire_upgraded":3,"win_rate":0.0,"timestamp":1609923743,"path_taken":["M","?","M","?","M","R","$","R","T","?","M","M","M","M","R","BOSS"],"items_purchased_type":["Card"],"build_version":"2020-11-30","purchased_purges":1,"victory":false,"max_hp_per_floor":[71,64,64,64,64,64,64,64,64,64,64,64,64,64,64,64,64],"relic_stats":{"counters":[8,27],"Golden Idol":19,"Prayer Wheel":7,"StoneCalendar":[0],"obtain_stats":[{"Golden Idol":2,"Prayer Wheel":0,"StoneCalendar":9,"Cracked Core":0},{"Golden Idol":1,"Prayer Wheel":0,"StoneCalendar":3,"Cracked Core":0},{"Golden Idol":4,"Prayer Wheel":0,"StoneCalendar":9,"Cracked Core":0}]},"card_choices":[{"not_picked":["Streamline","Chaos"],"picked":"Turbo","floor":1.0},{"not_picked":["Sweeping Beam","Reinforced Body","Steam"],"picked":"SKIP","floor":1.0},{"not_picked":["Melter","Sunder"],"picked":"Coolheaded","floor":3.0},{"not_picked":["Darkness","Fusion","Cold Snap"],"picked":"SKIP","floor":3.0},{"not_picked":["Turbo","Conserve Battery"],"picked":"Capacitor","floor":5.0},{"not_picked":["Blizzard","Stack","Melter"],"picked":"SKIP","floor":5.0},{"not_picked":["Ball Lightning","Turbo"],"picked":"Recycle","floor":11.0},{"not_picked":["Redo","Blizzard","Meteor Strike"],"picked":"SKIP","floor":11.0},{"not_picked":["Leap","Hologram"],"picked":"Sunder","floor":12.0},{"not_picked":["Cold Snap","Turbo","Leap"],"picked":"SKIP","floor":12.0},{"not_picked":["Steam Power","Cold Snap"],"picked":"Coolheaded","floor":13.0},{"not_picked":["FTL","Go for the Eyes","Coolheaded"],"picked":"SKIP","floor":13.0},{"not_picked":["Force Field","Hyperbeam"],"picked":"BootSequence","floor":14},{"not_picked":["Sweeping Beam","Scrape","Beam Cell"],"picked":"SKIP","floor":14}],"player_experience":786790,"relics_obtained":[{"floor":9.0,"key":"StoneCalendar"}],"event_choices":[{"damage_healed":0.0,"max_hp_gain":0.0,"max_hp_loss":7.0,"gold_gain":0.0,"event_name":"Golden Idol","player_choice":"Lose Max HP","floor":2.0,"gold_loss":0.0,"damage_taken":0.0,"relics_obtained":["Golden Idol"]},{"damage_healed":0.0,"max_hp_gain":0.0,"max_hp_loss":0.0,"gold_gain":75.0,"event_name":"World of Goop","player_choice":"Gather Gold","floor":4.0,"gold_loss":0.0,"damage_taken":11.0}],"is_beta":false,"boss_relics":[],"items_purged_floors":[7],"is_endless":false,"potions_floor_spawned":[5,11,13],"killed_by":"The Guardian","ascension_level":20}}