{"host":"g01l53quoe6lrer0","time":1609955866,"event":{"mods":["2.2 Compatiblity","AchievementEnabler","BaseMod","Colored Map","Highlight Path","Keyboard Shortcuts","Minty Spire (QoL Compilation)","Permanent Neow","StSLib","SuperFastMode","everything is the same but u backflip on backflip"],"gold_per_floor":[113,127,127,142,159,159,176,176,176,209,55,69,69,86,86,181,181,197,214,232,251,326,326,345,345,345,357,370,370,370,217,217,321,321,341,341,360,1359,1374,1374,1374],"floor_reached":40,"playtime":1484,"items_purged":["Regret"],"score":627,"play_id":"475a5229-7c01-46ef-90b2-77dc41c891ea","local_time":"20210107025746","is_ascension_mode":true,"campfire_choices":[{"data":"Zap","floor":6.0,"key":"SMITH"},{"data":"Dualcast","floor":8.0,"key":"SMITH"},{"floor":13.0,"key":"REST"},{"data":"Rebound","floor":15.0,"key":"SMITH"},{"data":"Electrodynamics","floor":23,"key":"SMITH"},{"floor":25,"key":"REST"},{"floor":29,"key":"REST"},{"data":"Blizzard","floor":32,"key":"SMITH"}],"circlet_count":0,"master_deck":["Strike_B","Strike_B","Strike_B+1","Defend_B","Defend_B","Defend_B","Defend_B+1","Zap+1","Dualcast+1","Genetic Algorithm","Conserve Battery","Blizzard+1","Rebound+1","Ball Lightning","Recycle","Undo","Seek","Self Repair","Electrodynamics+1","CurseOfTheBell","Melter+1","Stack+1","BootSequence+1","Stack+1","Stack","Turbo","Glacier","Stack","Auto Shields","Cold Snap","Blizzard","Consume","Pain","Double Energy+1","Normality","Normality","Cold Snap"],"relics":["Cracked Core","Prayer Wheel","Matryoshka","Cables","DataDisk","Calling Bell","MealTicket","Frozen Egg 2","Mango","Whetstone","War Paint","Fusion Hammer","WarpedTongs"],"acts_visited":["Exordium","TheCity","TheBeyond"],"potions_floor_usage":[24,24,33,33,40],"damage_taken":[{"damage":0.0,"enemies":"2 Louse","floor":1.0,"turns":2.0},{"damage":4.0,"enemies":"Small Slimes","floor":2.0,"turns":3.0},{"damage":2.0,"enemies":"Cultist","floor":4.0,"turns":3.0},{"damage":13.0,"enemies":"3 Louse","floor":5.0,"turns":5.0},{"damage":11.0,"enemies":"Gremlin Gang","floor":7.0,"turns":3.0},{"damage":19.0,"enemies":"3 Sentries","floor":10.0,"turns":6.0},{"damage":3.0,"enemies":"2 Fungi Beasts","floor":12.0,"turns":3.0},{"damage":3.0,"enemies":"Large Slime","floor":14.0,"turns":4.0},{"damage":19.0,"enemies":"Hexaghost","floor":16.0,"turns":8.0},{"damage":13.0,"enemies":"Shell Parasite","floor":18.0,"turns":5.0},{"damage":2.0,"enemies":"Spheric Guardian","floor":19.0,"turns":3.0},{"damage":14.0,"enemies":"Centurion and Healer","floor":20.0,"turns":6.0},{"damage":10.0,"enemies":"Sentry and Sphere","floor":21.0,"turns":3.0},{"damage":32,"enemies":"Snecko","floor":24,"turns":4},{"damage":37,"enemies":"Shelled Parasite and Fungi","floor":27,"turns":5},{"damage":3,"enemies":"3 Cultists","floor":28,"turns":6},{"damage":59,"enemies":"Collector","floor":33,"turns":14},{"damage":0,"enemies":"3 Shapes","floor":35,"turns":2},{"damage":0,"enemies":"3 Darklings","floor":37,"turns":2},{"damage":8,"enemies":"Sphere and 2 Shapes","floor":39,"turns":7},{"damage":93,"enemies":"Nemesis","floor":40,"turns":17}],"seed_played":"2645783852605336728","potions_obtained":[{"floor":1.0,"key":"Ancient Potion"},{"floor":4.0,"key":"LiquidBronze"},{"floor":5.0,"key":"ColorlessPotion"},{"floor":19.0,"key":"GamblersBrew"},{"floor":20.0,"key":"Regen Potion"},{"floor":21.0,"key":"AttackPotion"},{"floor":28,"key":"Block Potion"},{"floor":35,"key":"SteroidPotion"},{"floor":37,"key":"DuplicationPotion"}],"is_trial":false,"path_per_floor":["M","M","?","M","M","R","M","R","T","E","$","M","R","M","R","B",null,"M","M","M","M","?","R","M","R","T","M","M","R","?","$","R","B",null,"M","?","M","?","M","E"],"character_chosen":"DEFECT","items_purchased":["DataDisk","Regen Potion"],"campfire_rested":3,"item_purchase_floors":[11,31],"current_hp_per_floor":[68,64,64,62,49,49,38,38,38,19,19,16,38,35,35,23,76,70,75,68,67,59,59,27,53,53,23,20,46,46,61,61,24,73,73,73,73,73,72,0,0],"gold":1374,"neow_bonus":"REMOVE_CARD","is_daily":false,"chose_seed":false,"campfire_upgraded":5,"win_rate":0.0,"timestamp":1609955866,"path_taken":["M","M","?","M","M","R","M","R","T","E","$","M","R","M","R","BOSS","M","M","M","M","?","R","?","R","T","M","M","R","?","$","R","BOSS","M","?","?","?","M","E"],"items_purchased_type":["Relic","Potion"],"build_version":"2020-12-22","purchased_purges":1,"victory":false,"max_hp_per_floor":[75,75,75,75,75,75,75,75,75,75,75,75,75,75,75,75,89,89,89,89,89,89,89,89,89,89,89,89,89,89,89,89,89,89,89,89,89,89,89,89,89],"card_choices":[{"not_picked":["Turbo","Redo"],"picked":"Genetic Algorithm","floor":1.0},{"not_picked":["Leap","Rebound"],"picked":"Conserve Battery","floor":2.0},{"not_picked":["Undo","Coolheaded"],"picked":"Blizzard","floor":4.0},{"not_picked":["Go for the Eyes","Rip and Tear","Redo"],"picked":"SKIP","floor":4.0},{"not_picked":["Storm","Redo"],"picked":"Rebound","floor":5.0},{"not_picked":["Leap","Redo"],"picked":"Ball Lightning","floor":5.0},{"not_picked":["Hello World","Static Discharge","Rainbow"],"picked":"SKIP","floor":7.0},{"not_picked":["Conserve Battery","Lockon","Doom and Gloom"],"picked":"SKIP","floor":7.0},{"not_picked":["Conserve Battery","Beam Cell"],"picked":"Recycle","floor":10.0},{"not_picked":["Gash","Turbo"],"picked":"Undo","floor":12.0},{"not_picked":["Static Discharge","Go for the Eyes","Doom and Gloom"],"picked":"SKIP","floor":12.0},{"not_picked":["Hologram","Steam"],"picked":"Seek","floor":14.0},{"not_picked":["Undo","Scrape"],"picked":"Self Repair","floor":14.0},{"not_picked":["Echo Form","Buffer"],"picked":"Electrodynamics","floor":16.0},{"not_picked":["Ball Lightning","Barrage"],"picked":"Melter","floor":18.0},{"not_picked":["Compile Driver+1","Redo","Ball Lightning+1"],"picked":"SKIP","floor":18.0},{"not_picked":["Self Repair+1","Leap+1"],"picked":"Stack+1","floor":19.0},{"not_picked":["Fusion","Ball Lightning","Gash"],"picked":"SKIP","floor":19.0},{"not_picked":["Hello World+1","Lockon"],"picked":"BootSequence","floor":20.0},{"not_picked":["Genetic Algorithm","Go for the Eyes"],"picked":"Stack+1","floor":20.0},{"not_picked":["Scrape","Recycle"],"picked":"Stack","floor":21.0},{"not_picked":["Barrage","Leap+1","BootSequence"],"picked":"SKIP","floor":21.0},{"not_picked":["Rebound+1","Ball Lightning"],"picked":"Turbo","floor":24},{"not_picked":["Lockon","Leap"],"picked":"Glacier","floor":24},{"not_picked":["Sweeping Beam","Machine Learning+1"],"picked":"Stack","floor":27},{"not_picked":["Go for the Eyes","Static Discharge+1"],"picked":"Auto Shields","floor":27},{"not_picked":["Redo","Gash+1"],"picked":"Cold Snap","floor":28},{"not_picked":["Lockon","Rebound"],"picked":"Blizzard","floor":28},{"not_picked":["Go for the Eyes","Ball Lightning"],"picked":"Consume","floor":35},{"not_picked":["Ball Lightning+1","Reinforced Body+1","Streamline+1"],"picked":"SKIP","floor":35},{"not_picked":["Self Repair+1","Steam"],"picked":"Double Energy+1","floor":37},{"not_picked":["Stack+1","Coolheaded","Conserve Battery"],"picked":"SKIP","floor":37},{"not_picked":["Stack","Steam+1"],"picked":"Cold Snap","floor":39},{"not_picked":["Scrape+1","Gash+1","Conserve Battery+1"],"picked":"SKIP","floor":39}],"player_experience":36111,"relics_obtained":[{"floor":9.0,"key":"Matryoshka"},{"floor":10.0,"key":"Cables"},{"floor":17.0,"key":"MealTicket"},{"floor":17.0,"key":"Frozen Egg 2"},{"floor":17.0,"key":"Mango"},{"floor":26,"key":"Whetstone"},{"floor":26,"key":"War Paint"}],"event_choices":[{"damage_healed":0.0,"max_hp_gain":0.0,"max_hp_loss":0.0,"gold_gain":0.0,"event_name":"Big Fish","player_choice":"Box","floor":3.0,"gold_loss":0.0,"damage_taken":0.0,"relics_obtained":["Prayer Wheel"],"cards_obtained":["Regret"]},{"damage_healed":0,"gold_gain":75,"player_choice":"Touch","damage_taken":8,"max_hp_gain":0,"max_hp_loss":0,"event_name":"FaceTrader","floor":22,"gold_loss":0},{"damage_healed":0,"gold_gain":0,"player_choice":"Ignored","damage_taken":0,"max_hp_gain":0,"max_hp_loss":0,"event_name":"Ghosts","floor":30,"gold_loss":0},{"damage_healed":0,"gold_gain":0,"player_choice":"Rummage","damage_taken":0,"relics_obtained":["WarpedTongs"],"max_hp_gain":0,"max_hp_loss":0,"event_name":"Accursed Blacksmith","floor":36,"gold_loss":0,"cards_obtained":["Pain"]},{"damage_healed":0,"gold_gain":999,"player_choice":"Gold","damage_taken":0,"max_hp_gain":0,"max_hp_loss":0,"event_name":"MindBloom","floor":38,"gold_loss":0,"cards_obtained":["Normality","Normality"]}],"is_beta":false,"boss_relics":[{"not_picked":["Coffee Dripper","Snecko Eye"],"picked":"Calling Bell"},{"not_picked":["Black Star","Cursed Key"],"picked":"Fusion Hammer"}],"items_purged_floors":[31],"is_endless":false,"potions_floor_spawned":[1,4,5,19,20,21,28,35,37],"killed_by":"Nemesis","ascension_level":8}}