{"host":"7c402rm0fqc13zvz","time":1609948183,"event":{"mods":["BaseMod","Marisa（F雨　魔理沙）","Minty Spire (QoL Compilation)","Remilia（蕾米莉亚）","StSLib","The Servant 0.9.4","Youmu（魂魄妖梦）","[功能]功能增强和修复MOD"],"gold_per_floor":[116,116,116,86,86,86,101,101,128,158,158,148,167,200,200,302,302,315,315,310,310,327,327,345,345,368,381,392,392,317,327,327,426,426,440,457,452,452,0,12,12,12,90,90,120,120,155,171,171,171],"floor_reached":51,"playtime":3049,"items_purged":["Defend_YM","Defend_YM","Strike_YM","Strike_YM","Strike_YM","Defend_YM","Strike_YM","Defend_YM","LightFlashOfTheNetherworld","HeavenGodSword"],"score":786,"play_id":"5d378b89-26d9-407d-bb5d-143a50e8b8e5","local_time":"20210106234943","is_ascension_mode":false,"campfire_choices":[{"data":"HumanGodSword","floor":6.0,"key":"SMITH"},{"data":"LifeCuttingSword","floor":8.0,"key":"SMITH"},{"data":"SlashClearingTheSixSenses","floor":11,"key":"SMITH"},{"data":"HumanRealmSword","floor":15,"key":"SMITH"},{"data":"1","floor":23,"key":"LIFT"},{"data":"2","floor":29,"key":"LIFT"},{"data":"3","floor":32,"key":"LIFT"},{"data":"Master of Strategy","floor":41,"key":"SMITH"},{"data":"DispleasureOfTheSevenHakus","floor":44,"key":"SMITH"},{"data":"CherryBlossomFlashing","floor":46,"key":"SMITH"},{"data":"DispleasureOfTheSevenHakus","floor":49,"key":"SMITH"}],"circlet_count":0,"master_deck":["Regret","HumanGodSword+1","SlashClearingTheSixSenses+1","LifeCuttingSword+1","HumanRealmSword+1","Master of Strategy+1","DispleasureOfTheSevenHakus+1","DispleasureOfTheSevenHakus+1","ThreeKonsSevenHakus+1","HeavenGodSword+1","SlashClearingTheSixSenses+1","SwordExtraction+1","CherryBlossomFlashing+1","Parasite","HiganSword+1"],"relics":["HalfPhantom","Blood Vial","TungstenRod","Eternal Feather","Ancient Tea Set","Mummified Hand","HornCleat","TheAbacus","Anchor","Coffee Dripper","Girya","Darkstone Periapt","Orrery","Vajra","Astrolabe","Strange Spoon","White Beast Statue","Red Mask","Happy Flower","Bird Faced Urn","OrangePellets","Pantograph","Hakurouken","Unceasing Top"],"acts_visited":["Exordium","TheCity","TheBeyond"],"potions_floor_usage":[16,16,16,33,50,50,50],"damage_taken":[{"damage":2.0,"enemies":"2 Louse","floor":1.0,"turns":3.0},{"damage":0.0,"enemies":"Jaw Worm","floor":7.0,"turns":3.0},{"damage":14.0,"enemies":"Gremlin Nob","floor":10.0,"turns":4.0},{"damage":0,"enemies":"Cultist","floor":13,"turns":1},{"damage":4,"enemies":"Lagavulin","floor":14,"turns":5},{"damage":6,"enemies":"The Guardian","floor":16,"turns":8},{"damage":0,"enemies":"3 Byrds","floor":18,"turns":3},{"damage":0,"enemies":"2 Thieves","floor":22,"turns":2},{"damage":0,"enemies":"Centurion and Healer","floor":24,"turns":2},{"damage":0,"enemies":"Snecko","floor":27,"turns":3},{"damage":0,"enemies":"Snake Plant","floor":28,"turns":2},{"damage":0,"enemies":"Centurion and Healer","floor":31,"turns":2},{"damage":0,"enemies":"Collector","floor":33,"turns":2},{"damage":0,"enemies":"3 Shapes","floor":35,"turns":1},{"damage":0,"enemies":"Orb Walker","floor":36,"turns":1},{"damage":0,"enemies":"Writhing Mass","floor":40,"turns":5},{"damage":0,"enemies":"Nemesis","floor":45,"turns":1},{"damage":0,"enemies":"Giant Head","floor":47,"turns":3},{"damage":0,"enemies":"Sphere and 2 Shapes","floor":48,"turns":2},{"damage":11,"enemies":"Time Eater","floor":50,"turns":4}],"seed_played":"4391100485069516771","potions_obtained":[{"floor":7.0,"key":"CausticAgent"},{"floor":10,"key":"Block Potion"},{"floor":13,"key":"Block Potion"},{"floor":25,"key":"AttackPotion"},{"floor":25,"key":"Regen Potion"},{"floor":25,"key":"EssenceOfSteel"},{"floor":33,"key":"AttackPotion"},{"floor":45,"key":"DistilledChaos"}],"is_trial":false,"path_per_floor":["M","?","?","$","T","R","M","R","T","E","R","$","M","E","R","B",null,"M","?","$","?","M","R","M","?","T","M","M","R","?","M","R","B",null,"M","M","$","?","?","M","R","$","T","R","E","R","E","M","R","B",null],"character_chosen":"YOUMU","items_purchased":["HumanGodSword","SlashClearingTheSixSenses","Mummified Hand","HornCleat","TheAbacus","Girya","Master of Strategy","Darkstone Periapt","Orrery","Strange Spoon","White Beast Statue","Happy Flower","Bird Faced Urn","OrangePellets"],"campfire_rested":0,"item_purchase_floors":[4,4,12,12,12,20,20,20,20,37,37,42,42,42],"current_hp_per_floor":[80,80,55,55,55,58,60,63,63,51,57,57,59,57,60,56,82,82,82,82,82,82,82,82,82,82,82,82,82,82,82,82,82,82,82,82,82,82,82,88,88,88,88,88,88,88,88,88,88,79],"gold":171,"neow_bonus":"TEN_PERCENT_HP_BONUS","is_daily":false,"chose_seed":false,"campfire_upgraded":8,"win_rate":0.0,"timestamp":1609948183,"path_taken":["M","?","?","$","?","R","?","R","T","E","R","$","?","E","R","BOSS","M","?","$","?","M","R","M","?","T","M","?","R","?","M","R","BOSS","M","M","$","?","?","M","R","$","T","R","E","R","E","M","R","BOSS"],"items_purchased_type":["Card","Card","Relic","Relic","Relic","Relic","Card","Relic","Relic","Relic","Relic","Relic","Relic","Relic"],"build_version":"2020-12-22","purchased_purges":10,"victory":true,"max_hp_per_floor":[82,82,82,82,82,82,82,82,82,82,82,82,82,82,82,82,82,82,82,82,82,82,82,82,82,82,82,82,82,82,82,82,82,82,82,82,82,82,82,88,88,88,88,88,88,88,88,88,88,88],"card_choices":[{"not_picked":["SlashOfMeditation","PreachingAvici"],"picked":"CrescentMoonSlash","floor":1.0},{"not_picked":["LotusPostureSlash","AsTheSilentNirvana"],"picked":"LifeCuttingSword","floor":7.0},{"not_picked":["HumanKnowledgeSword","TurningAngelCut"],"picked":"LightFlashOfTheNetherworld","floor":10},{"not_picked":["CherryBlossomFlashing","HumanKnowledgeSword"],"picked":"HumanRealmSword","floor":13},{"not_picked":["TurningAngelCut","AsTheSilentNirvana","LifeCuttingSword"],"picked":"SKIP","floor":14},{"not_picked":["ReincarnationSword","DeadlyForm"],"picked":"HeavenGodSword","floor":16},{"not_picked":["CherryBlossomFlashing","SwordOfBindingDesires","SpiderLilyBurial"],"picked":"SKIP","floor":18},{"not_picked":["HellFireSword","ReincarnationSword"],"picked":"HellRealmSword","floor":20},{"not_picked":["CherryBlossomFlashing","SlashOfMeditation"],"picked":"DispleasureOfTheSevenHakus","floor":20},{"not_picked":["DeadlyForm","AsTheSilentNirvana+1"],"picked":"CherryBlossomFlashing+1","floor":22},{"not_picked":["PreachingAvici","FlashingScatteredFlowers","HiganSword"],"picked":"SKIP","floor":24},{"not_picked":["DispleasureOfTheSevenHakus","HellFireSword","LifeCuttingSword"],"picked":"SKIP","floor":27},{"not_picked":["ThreeKonsSevenHakus","TwoHundredYojanaInOneSlash","LowerRealmReflectionSlash"],"picked":"SKIP","floor":28},{"not_picked":["MatsuyoiReflectingSatelliteSlash","KarmicPunishmentOfTheIdleAndUnfocused"],"picked":"DispleasureOfTheSevenHakus","floor":31},{"not_picked":["DispleasureOfTheSevenHakus","HumanGodSword"],"picked":"SwordExtraction+1","floor":35},{"not_picked":["SlashOfDepartureFromHesitation","SlashOfAscensionToBuddhahood"],"picked":"CherryBlossomFlashing","floor":36},{"not_picked":["CrescentMoonSlash+1","SlashOfMeditation+1","SpiderLilyBurial"],"picked":"SKIP","floor":40},{"not_picked":["LightFlashOfTheNetherworld","CelestialStarSword","KarmicPunishmentOfTheIdleAndUnfocused+1"],"picked":"SKIP","floor":45},{"not_picked":["HumanKnowledgeSword","GreatEnlightenmentAppearingAndDisappearing"],"picked":"HiganSword+1","floor":47},{"not_picked":["CrescentMoonSlash+1","SanzenSekai+1","SpiderLilyBurial"],"picked":"SKIP","floor":48}],"player_experience":22842,"relics_obtained":[{"floor":5.0,"key":"Eternal Feather"},{"floor":9.0,"key":"Ancient Tea Set"},{"floor":14,"key":"Anchor"},{"floor":26,"key":"Vajra"},{"floor":43,"key":"Pantograph"},{"floor":45,"key":"Hakurouken"},{"floor":47,"key":"Unceasing Top"}],"event_choices":[{"damage_healed":0.0,"max_hp_gain":0.0,"max_hp_loss":0.0,"gold_gain":0.0,"event_name":"Big Fish","player_choice":"Box","floor":2.0,"gold_loss":0.0,"damage_taken":0.0,"relics_obtained":["Blood Vial"],"cards_obtained":["Regret"]},{"damage_healed":0.0,"max_hp_gain":0.0,"max_hp_loss":0.0,"gold_gain":0.0,"event_name":"Scrap Ooze","player_choice":"Success","floor":3.0,"gold_loss":0.0,"damage_taken":25.0,"relics_obtained":["TungstenRod"]},{"damage_healed":0,"gold_gain":0,"player_choice":"Ignored","damage_taken":0,"max_hp_gain":0,"max_hp_loss":0,"event_name":"Ghosts","floor":19,"gold_loss":0},{"damage_healed":0,"gold_gain":0,"player_choice":"Simplicity","damage_taken":0,"max_hp_gain":0,"max_hp_loss":0,"event_name":"Back to Basics","floor":21,"gold_loss":0,"cards_upgraded":[]},{"damage_healed":0,"gold_gain":0,"player_choice":"Got Potions","damage_taken":0,"max_hp_gain":0,"max_hp_loss":0,"event_name":"Lab","floor":25,"gold_loss":0},{"cards_removed":["WheelOfPainOfLivingAndDead"],"damage_healed":0,"gold_gain":0,"player_choice":"Gave Gold","damage_taken":0,"max_hp_gain":0,"max_hp_loss":0,"event_name":"Beggar","floor":30,"gold_loss":75},{"cards_removed":["CherryBlossomFlashing"],"damage_healed":0,"gold_gain":0,"player_choice":"Removed Attack","damage_taken":0,"max_hp_gain":0,"max_hp_loss":0,"event_name":"Falling","floor":38,"gold_loss":0},{"damage_healed":0,"gold_gain":0,"player_choice":"Paid","damage_taken":0,"relics_obtained":["Red Mask"],"max_hp_gain":0,"max_hp_loss":0,"event_name":"Tomb of Lord Red Mask","floor":39,"gold_loss":452}],"is_beta":false,"boss_relics":[{"not_picked":["Runic Pyramid","Cursed Key"],"picked":"Coffee Dripper"},{"not_picked":["Black Star","Sozu"],"picked":"Astrolabe"}],"items_purged_floors":[4,4,4,4,4,4,12,12,20,37],"is_endless":false,"potions_floor_spawned":[7,10,13,14,14,14,22,24,27,28,33,33,35,40,45,45,45,47,48],"ascension_level":0}}