{"host":"i1h39d0gfh5c6uxl","time":1609956739,"event":{"mods":["AchievementEnabler","BaseMod","Colored Map","Colored Powertips","Highlight Path","Minty Spire (QoL Compilation)"],"gold_per_floor":[113,113,113,124,124,124,152,152,224,108,127,127,156,168,168,247,247,264,76,86,136,151,151,167,167,167],"floor_reached":25,"playtime":1050,"items_purged":["Decay","Strike_R"],"score":422,"play_id":"c28dd869-d47f-4008-afa0-4a69f13fa403","local_time":"20210107021219","is_ascension_mode":true,"campfire_choices":[{"data":"Impervious","floor":6,"key":"SMITH"},{"floor":8,"key":"REST"},{"data":"Shockwave","floor":12,"key":"SMITH"},{"floor":15,"key":"REST"},{"floor":23,"key":"REST"}],"circlet_count":0,"master_deck":["AscendersBane","Strike_R+1","Strike_R+1","Strike_R","Strike_R","Defend_R","Defend_R","Defend_R","Defend_R","Bash+1","Impervious+1","Heavy Blade","Shockwave+1","Flame Barrier","Pommel Strike","Cleave","Armaments","Limit Break","Double Tap","True Grit","Brutality+1"],"relics":["Burning Blood","InkBottle","Whetstone","Frozen Egg 2","Self Forming Clay","Fusion Hammer"],"acts_visited":["Exordium","TheCity"],"potions_floor_usage":[7,14,16,18,22],"damage_taken":[{"damage":7,"enemies":"2 Louse","floor":1,"turns":3},{"damage":12,"enemies":"Cultist","floor":4,"turns":5},{"damage":37,"enemies":"Lagavulin","floor":7,"turns":6},{"damage":4,"enemies":"Jaw Worm","floor":11,"turns":3},{"damage":35,"enemies":"3 Sentries","floor":13,"turns":10},{"damage":0,"enemies":"2 Fungi Beasts","floor":14,"turns":2},{"damage":44,"enemies":"Slime Boss","floor":16,"turns":13},{"damage":26,"enemies":"Spheric Guardian","floor":18,"turns":7},{"damage":7,"enemies":"3 Byrds","floor":20,"turns":5},{"damage":13,"enemies":"Snecko","floor":22,"turns":7},{"damage":25,"enemies":"Snake Plant","floor":24,"turns":5},{"damage":35,"enemies":"Gremlin Leader","floor":25,"turns":6}],"seed_played":"6924187079932956470","potions_obtained":[{"floor":4,"key":"CultistPotion"},{"floor":11,"key":"FearPotion"},{"floor":13,"key":"Energy Potion"},{"floor":16,"key":"EssenceOfSteel"},{"floor":20,"key":"ColorlessPotion"}],"is_trial":false,"path_per_floor":["M","?","?","M","?","R","E","R","T","$","M","R","E","M","R","B",null,"M","$","M","?","M","R","M","E"],"character_chosen":"IRONCLAD","items_purchased":["Flame Barrier","Double Tap"],"campfire_rested":3,"item_purchase_floors":[10,19],"current_hp_per_floor":[67,67,67,61,56,56,25,47,47,47,49,49,20,26,48,10,59,39,39,38,38,31,53,34,0,0],"gold":167,"neow_bonus":"ONE_RANDOM_RARE_CARD","is_daily":false,"chose_seed":false,"campfire_upgraded":2,"win_rate":0.0,"timestamp":1609956739,"path_taken":["M","?","?","?","?","R","E","R","T","$","M","R","E","M","R","BOSS","M","$","M","?","M","R","M","E"],"items_purchased_type":["Card","Card"],"build_version":"2020-12-22","purchased_purges":2,"victory":false,"max_hp_per_floor":[75,75,75,75,75,75,75,75,75,75,75,75,75,75,75,75,75,75,75,75,75,75,75,75,75,75],"card_choices":[{"not_picked":["Havoc","Pummel"],"picked":"Heavy Blade","floor":1},{"not_picked":["Power Through","Warcry","Entrench"],"picked":"SKIP","floor":4},{"not_picked":["Berserk","Feel No Pain"],"picked":"Shockwave","floor":7},{"not_picked":["Flame Barrier","Pummel"],"picked":"Pommel Strike","floor":11},{"not_picked":["Warcry","Clothesline"],"picked":"Cleave","floor":13},{"not_picked":["True Grit","Perfected Strike"],"picked":"Armaments","floor":14},{"not_picked":["Brutality+1","Immolate"],"picked":"Limit Break","floor":16},{"not_picked":["Sever Soul+1","Cleave","Clothesline"],"picked":"SKIP","floor":18},{"not_picked":["Dropkick","Headbutt"],"picked":"True Grit","floor":20},{"not_picked":["Wild Strike","Clash"],"picked":"Brutality+1","floor":22},{"not_picked":["Entrench","Clash","Carnage"],"picked":"SKIP","floor":24}],"player_experience":1319051,"relics_obtained":[{"floor":7,"key":"Whetstone"},{"floor":9,"key":"Frozen Egg 2"},{"floor":13,"key":"Self Forming Clay"}],"event_choices":[{"damage_healed":0,"gold_gain":0,"player_choice":"Grow","damage_taken":0,"max_hp_gain":0,"max_hp_loss":0,"event_name":"Living Wall","floor":2,"gold_loss":0,"cards_upgraded":["Bash"]},{"damage_healed":0,"gold_gain":0,"player_choice":"Cursed","damage_taken":0,"max_hp_gain":0,"max_hp_loss":0,"event_name":"Wheel of Change","floor":3,"gold_loss":0,"cards_obtained":["Decay"]},{"damage_healed":0,"gold_gain":0,"player_choice":"Success","damage_taken":5,"relics_obtained":["InkBottle"],"max_hp_gain":0,"max_hp_loss":0,"event_name":"Scrap Ooze","floor":5,"gold_loss":0},{"damage_healed":0,"gold_gain":50,"player_choice":"Stole From Cult","damage_taken":0,"max_hp_gain":0,"max_hp_loss":0,"event_name":"Nest","floor":21,"gold_loss":0}],"is_beta":false,"boss_relics":[{"not_picked":["Runic Dome","SlaversCollar"],"picked":"Fusion Hammer"}],"items_purged_floors":[10,19],"is_endless":false,"potions_floor_spawned":[4,11,13,16,20],"killed_by":"Gremlin Leader","ascension_level":20}}