{"host":"5fasz840ryq7obdf","time":1609936016,"event":{"mods":["2.2 Compatiblity","AchievementEnabler","BaseMod","Bestiary","Better Altar","Better Skull","Better Third Choice","BetterRewards","Block Reminder","Colored Powertips","Curses Come First","Downfall","Minty Spire (QoL Compilation)","Quick Restart","Relic Sorter","Relic Stats","Shop Mod","Spicy Shops","StSLib","SuperFastMode","ojb\u0027s Better Paths Mod","ojb\u0027s Info Mod"],"gold_per_floor":[99,115,134,134,134,59,59,71,99,109,134,134,15,54,81,189,189,189,201,228,228,228,260,260,288,288,319,244,271,196,221,239,344,344,344,354,354,376,425,453,507,534,544,544,563,563,577,605,620,620],"floor_reached":51,"playtime":7264,"items_purged":["Regret"],"score":924,"play_id":"cb06cee0-a238-4007-89c1-5c71d8c43158","local_time":"20210106122656","is_ascension_mode":true,"campfire_choices":[{"floor":1.0,"key":"RECALL"},{"data":"hexamod:PowerFromBeyond","floor":6.0,"key":"SMITH"},{"data":"hexamod:GhostflameInferno","floor":12.0,"key":"SMITH"},{"data":"hexamod:GiftsFromTheDead","floor":18.0,"key":"SMITH"},{"data":"hexamod:Float","floor":28.0,"key":"SMITH"},{"data":"hexamod:RadiantFlame","floor":30.0,"key":"SMITH"},{"data":"hexamod:Again","floor":35.0,"key":"SMITH"},{"data":"hexamod:TimeWarp","floor":44.0,"key":"SMITH"},{"data":"hexamod:RainOfEmbers","floor":46.0,"key":"SMITH"}],"circlet_count":0,"master_deck":["hexamod:Strike","hexamod:Strike+1","hexamod:Strike+1","hexamod:Defend+1","hexamod:Defend+1","hexamod:Sear+1","hexamod:Float+1","hexamod:PowerFromBeyond+1","hexamod:DynamicBlow","hexamod:ExtraCrispy+1","hexamod:GhostflameInferno+1","hexamod:EmpoweredFlame+1","hexamod:GiftsFromTheDead+1","hexamod:Hexaguard+1","hexamod:DynamicBlow+1","hexamod:StepThrough+1","hexamod:GhostOfSpirePresent+1","hexamod:Again+1","Writhe","RitualDagger","hexamod:SpectersWail","Shame","hexamod:RadiantFlame+1","hexamod:SkipABeat+1","hexamod:AdvancingGuard","hexamod:EtherealExpedition+1","hexamod:TimeWarp+1","hexamod:SkipABeat+1","hexamod:RainOfEmbers+1","hexamod:GhostShield+1","hexamod:AdvancingGuard+1","hexamod:NecessarySacrifice+1","hexamod:Hexaguard+1","hexamod:EmpoweredFlame+1","hexamod:InspiringFlames+1","hexamod:GhostflameInferno","hexamod:GhostOfSpireFuture+1","hexamod:NightmareGuise+1"],"relics":["hexamod:SpiritBrand","Ginger","downfall:HeartBlessingRed","Meat on the Bone","Art of War","Matryoshka","Astrolabe","InkBottle","Red Mask","Bottled Lightning","Shuriken","Bronze Scales","PreservedInsect","downfall:HeartBlessingBlue","Guardian:PocketSentry","downfall:HeartBlessingGreen","Velvet Choker","hexamod:TheBrokenSeal","Guardian:GemstoneGun","champ:DeflectingBracers","Boot","Dream Catcher","Orichalcum","Regal Pillow"],"acts_visited":["Exordium","TheCity","TheBeyond"],"potions_floor_usage":[],"damage_taken":[{"damage":4.0,"enemies":"Small Slimes","floor":2.0,"turns":3.0},{"damage":0.0,"enemies":"Jaw Worm","floor":3.0,"turns":3.0},{"damage":2.0,"enemies":"Cultist","floor":8.0,"turns":3.0},{"damage":10.0,"enemies":"3 Sentries","floor":9.0,"turns":7.0},{"damage":15.0,"enemies":"Gremlin Gang","floor":10.0,"turns":6.0},{"damage":4.0,"enemies":"Red Slaver","floor":11.0,"turns":4.0},{"damage":7.0,"enemies":"downfall:FleeingMerchant","floor":13.0,"turns":4.0},{"damage":0.0,"enemies":"Lagavulin","floor":14.0,"turns":4.0},{"damage":10.0,"enemies":"2 Fungi Beasts","floor":15.0,"turns":4.0},{"damage":22.0,"enemies":"downfall:Silent","floor":16.0,"turns":11.0},{"damage":9.0,"enemies":"3 Byrds","floor":19.0,"turns":5.0},{"damage":10.0,"enemies":"Snecko","floor":20.0,"turns":4.0},{"damage":41.0,"enemies":"Masked Bandits","floor":23.0,"turns":6.0},{"damage":0.0,"enemies":"Gremlin Leader","floor":25.0,"turns":6.0},{"damage":21.0,"enemies":"Slavers","floor":27.0,"turns":5.0},{"damage":11.0,"enemies":"Book of Stabbing","floor":29.0,"turns":4.0},{"damage":15.0,"enemies":"Cultist and Chosen","floor":31.0,"turns":5.0},{"damage":18.0,"enemies":"Snake Plant","floor":32.0,"turns":3.0},{"damage":20.0,"enemies":"downfall:Watcher","floor":33.0,"turns":6.0},{"damage":10.0,"enemies":"3 Darklings","floor":36.0,"turns":5.0},{"damage":5.0,"enemies":"3 Shapes","floor":38.0,"turns":6.0},{"damage":15.0,"enemies":"2 Orb Walkers","floor":39.0,"turns":3.0},{"damage":16.0,"enemies":"Giant Head","floor":40.0,"turns":6.0},{"damage":14.0,"enemies":"Nemesis","floor":42.0,"turns":5.0},{"damage":5.0,"enemies":"Maw","floor":43.0,"turns":4.0},{"damage":0.0,"enemies":"Transient","floor":45.0,"turns":5.0},{"damage":2.0,"enemies":"Sphere and 2 Shapes","floor":47.0,"turns":4.0},{"damage":1,"enemies":"Reptomancer","floor":48,"turns":4},{"damage":0,"enemies":"4 Shapes","floor":49,"turns":5},{"damage":13,"enemies":"downfall:Ironclad","floor":50,"turns":7}],"seed_played":"1469092456013637413","potions_obtained":[{"floor":2.0,"key":"LiquidMemories"},{"floor":5.0,"key":"downfall:CursedFountainPotion"},{"floor":10.0,"key":"SpeedPotion"},{"floor":11.0,"key":"Weak Potion"},{"floor":13.0,"key":"Fire Potion"},{"floor":16.0,"key":"CultistPotion"},{"floor":19.0,"key":"PowerPotion"},{"floor":20.0,"key":"Weak Potion"},{"floor":29.0,"key":"Fruit Juice"},{"floor":29.0,"key":"Fruit Juice"},{"floor":31.0,"key":"LiquidBronze"},{"floor":33.0,"key":"FairyPotion"},{"floor":33.0,"key":"Guardian:BlockOnCardUsePotion"},{"floor":38.0,"key":"Dexterity Potion"}],"is_trial":false,"path_per_floor":["R","M","M","?","?","R","T","M","E","M","M","R","$","E","M","B",null,"R","M","M","?","?","?","T","E","?","E","R","E","R","M","M","B",null,"R","M","?","M","?","E","T","E","M","R","M","R","M","E","M","B",null],"character_chosen":"THE_SPIRIT","items_purchased":["hexamod:EmpoweredFlame"],"campfire_rested":0,"item_purchase_floors":[13],"current_hp_per_floor":[63,59,59,59,59,59,59,57,47,32,40,40,33,40,49,46,63,63,61,58,58,52,23,23,42,42,40,50,46,46,60,42,34,83,83,80,80,93,78,62,62,48,55,55,55,55,53,52,52,51],"gold":620,"neow_bonus":"ONE_RARE_RELIC","is_daily":false,"chose_seed":false,"campfire_upgraded":8,"win_rate":0.0,"timestamp":1609936016,"path_taken":["R","M","M","?","?","R","T","?","E","M","?","R","?","E","M","BOSS","R","M","M","?","?","?","T","E","?","E","R","E","R","M","M","BOSS","R","M","?","M","?","E","T","E","M","R","M","R","M","E","M","BOSS"],"items_purchased_type":["Card"],"build_version":"2020-12-22","purchased_purges":1,"victory":true,"max_hp_per_floor":[63,63,63,63,63,63,63,63,63,63,63,63,63,63,63,63,63,63,63,63,63,63,63,63,63,63,63,73,73,73,83,83,83,83,83,83,83,93,93,93,93,93,93,93,93,93,93,93,93,93],"relic_stats":{"Regal Pillow":0,"counters":[30,147],"Astrolabe":["hexamod:DynamicBlow","hexamod:StepThrough","hexamod:GhostOfSpirePresent"],"PreservedInsect":279,"Ginger":[28],"Orichalcum":[0],"Boot":[20],"Dream Catcher":0,"Shuriken":[11],"Bronze Scales":[198],"Art of War":[20],"obtain_stats":[{"Regal Pillow":48,"downfall:HeartBlessingRed":6,"Astrolabe":17,"Guardian:GemstoneGun":39,"Velvet Choker":34,"hexamod:TheBrokenSeal":38,"downfall:HeartBlessingGreen":30,"PreservedInsect":27,"champ:DeflectingBracers":40,"Guardian:PocketSentry":29,"Ginger":0,"Orichalcum":42,"Boot":41,"Dream Catcher":41,"Matryoshka":14,"Shuriken":25,"downfall:HeartBlessingBlue":28,"Bronze Scales":26,"Art of War":9,"Red Mask":23,"Bottled Lightning":24,"hexamod:SpiritBrand":0,"InkBottle":21,"Meat on the Bone":7},{"Regal Pillow":28,"downfall:HeartBlessingRed":2,"Astrolabe":10,"Guardian:GemstoneGun":22,"Velvet Choker":19,"hexamod:TheBrokenSeal":21,"downfall:HeartBlessingGreen":16,"PreservedInsect":15,"champ:DeflectingBracers":23,"Guardian:PocketSentry":16,"Ginger":0,"Orichalcum":24,"Boot":23,"Dream Catcher":23,"Matryoshka":8,"Shuriken":14,"downfall:HeartBlessingBlue":15,"Bronze Scales":14,"Art of War":4,"Red Mask":13,"Bottled Lightning":13,"hexamod:SpiritBrand":0,"InkBottle":12,"Meat on the Bone":2},{"Regal Pillow":135,"downfall:HeartBlessingRed":6,"Astrolabe":49,"Guardian:GemstoneGun":107,"Velvet Choker":93,"hexamod:TheBrokenSeal":104,"downfall:HeartBlessingGreen":79,"PreservedInsect":75,"champ:DeflectingBracers":113,"Guardian:PocketSentry":79,"Ginger":0,"Orichalcum":118,"Boot":113,"Dream Catcher":113,"Matryoshka":34,"Shuriken":70,"downfall:HeartBlessingBlue":75,"Bronze Scales":70,"Art of War":16,"Red Mask":64,"Bottled Lightning":64,"hexamod:SpiritBrand":0,"InkBottle":58,"Meat on the Bone":6}],"InkBottle":[37],"Meat on the Bone":120},"card_choices":[{"not_picked":["hexamod:HeatShield","hexamod:GhostShield"],"picked":"hexamod:PowerFromBeyond","floor":2.0},{"not_picked":["hexamod:Firestarter","hexamod:ThermalTransfer"],"picked":"hexamod:DynamicBlow","floor":3.0},{"not_picked":["hexamod:BacktrackSmack","hexamod:BurningTouch"],"picked":"hexamod:SecondSeal","floor":8.0},{"not_picked":["hexamod:BacktrackSmack","hexamod:NightmareStrike"],"picked":"hexamod:FourthSeal","floor":9.0},{"not_picked":["hexamod:SwordOfDarkness","hexamod:BurningTouch"],"picked":"hexamod:ExtraCrispy","floor":10.0},{"not_picked":["hexamod:SwordOfDarkness","hexamod:RainOfEmbers"],"picked":"hexamod:GhostflameInferno","floor":11.0},{"not_picked":["hexamod:GhostShield","hexamod:GhostLash"],"picked":"hexamod:FirstSeal","floor":13.0},{"not_picked":["hexamod:Firestarter","hexamod:ThermalTransfer"],"picked":"hexamod:GiftsFromTheDead","floor":14.0},{"not_picked":["hexamod:InspiringFlames","hexamod:ShieldOfDarkness"],"picked":"hexamod:Hexaguard","floor":15.0},{"not_picked":["hexamod:SearingWound","hexamod:ParanormalForm"],"picked":"hexamod:SixthSeal","floor":16.0},{"not_picked":["hexamod:DynamicBlow","hexamod:Incineration","hexamod:SoulSteal"],"picked":"SKIP","floor":19.0},{"not_picked":["hexamod:NecessarySacrifice+1","hexamod:NightmareStrike"],"picked":"hexamod:Again","floor":20.0},{"not_picked":["hexamod:InspiringFlames","hexamod:HauntingEcho+1"],"picked":"hexamod:SpectersWail","floor":23.0},{"not_picked":["hexamod:GhostShield","hexamod:GhostOfSpirePast"],"picked":"hexamod:ThirdSeal","floor":25.0},{"not_picked":["hexamod:HauntingEcho","hexamod:SixthSeal","hexamod:BacktrackSmack"],"picked":"SKIP","floor":27.0},{"not_picked":["hexamod:HauntingEcho","hexamod:SixthSeal","hexamod:BacktrackSmack"],"picked":"SKIP","floor":27.0},{"not_picked":["hexamod:HeatMetal","hexamod:HauntingEcho+1"],"picked":"hexamod:RadiantFlame","floor":29.0},{"not_picked":["hexamod:ShieldOfDarkness","hexamod:SearingWound"],"picked":"hexamod:SkipABeat","floor":29.0},{"not_picked":["hexamod:GhostOfSpirePresent","hexamod:DynamicBlow"],"picked":"hexamod:AdvancingGuard","floor":31.0},{"not_picked":["hexamod:NightmareStrike","hexamod:HauntingEcho","hexamod:SwordOfDarkness+1"],"picked":"SKIP","floor":31.0},{"not_picked":["hexamod:Incineration","hexamod:ThirdSeal"],"picked":"hexamod:EtherealExpedition+1","floor":32.0},{"not_picked":["hexamod:WildfireWeapon","hexamod:CrushingStance"],"picked":"hexamod:FifthSeal","floor":33.0},{"not_picked":["hexamod:EmpoweringStance","hexamod:SixthSeal"],"picked":"hexamod:TimeWarp","floor":33.0},{"not_picked":["hexamod:ThermalTransfer","hexamod:ThirdSeal"],"picked":"hexamod:SkipABeat+1","floor":36.0},{"not_picked":["hexamod:ExtraCrispy+1","hexamod:StepThrough"],"picked":"hexamod:RainOfEmbers","floor":36.0},{"not_picked":["hexamod:ThirdSeal","hexamod:FourthSeal","hexamod:FirstSeal"],"picked":"SKIP","floor":36.0},{"not_picked":["hexamod:SwordOfDarkness+1","hexamod:Incineration+1"],"picked":"hexamod:GhostShield+1","floor":38.0},{"not_picked":["hexamod:EtherealExpedition","hexamod:InspiringFlames"],"picked":"hexamod:AdvancingGuard+1","floor":39.0},{"not_picked":["hexamod:Firestarter+1","hexamod:HauntingEcho+1"],"picked":"hexamod:NecessarySacrifice+1","floor":40.0},{"not_picked":["hexamod:NightmareGuise","hexamod:Incineration+1"],"picked":"hexamod:Hexaguard+1","floor":42.0},{"not_picked":["hexamod:GhostOfSpirePresent+1","hexamod:BacktrackSmack"],"picked":"hexamod:EmpoweredFlame+1","floor":43.0},{"not_picked":["hexamod:FlamesFromBeyond","hexamod:Again+1"],"picked":"hexamod:InspiringFlames+1","floor":45.0},{"not_picked":["hexamod:RadiantFlame+1","hexamod:Incineration+1"],"picked":"hexamod:GhostflameInferno","floor":47.0},{"not_picked":["hexamod:DynamicBlow","hexamod:ThermalTransfer"],"picked":"hexamod:GhostOfSpireFuture+1","floor":48},{"not_picked":["hexamod:InspiringFlames+1","hexamod:FastForward"],"picked":"hexamod:NightmareGuise+1","floor":49}],"player_experience":1554731,"relics_obtained":[{"floor":7.0,"key":"Meat on the Bone"},{"floor":9.0,"key":"Art of War"},{"floor":14.0,"key":"Matryoshka"},{"floor":23.0,"key":"Red Mask"},{"floor":24.0,"key":"Bottled Lightning"},{"floor":25.0,"key":"Shuriken"},{"floor":27.0,"key":"PreservedInsect"},{"floor":29.0,"key":"Guardian:PocketSentry"},{"floor":39.0,"key":"Guardian:GemstoneGun"},{"floor":40.0,"key":"champ:DeflectingBracers"},{"floor":41.0,"key":"Boot"},{"floor":41.0,"key":"Dream Catcher"},{"floor":42.0,"key":"Orichalcum"},{"floor":48,"key":"Regal Pillow"}],"event_choices":[{"damage_healed":0.0,"max_hp_gain":0.0,"max_hp_loss":0.0,"gold_gain":0.0,"event_name":"Masked Bandits","player_choice":"Fought Bandits","floor":23.0,"gold_loss":0.0,"damage_taken":0.0},{"damage_healed":0.0,"max_hp_gain":0.0,"max_hp_loss":0.0,"gold_gain":0.0,"event_name":"Addict","player_choice":"Stole Relic","floor":26.0,"gold_loss":0.0,"damage_taken":0.0,"relics_obtained":["Bronze Scales"],"cards_obtained":["Shame"]},{"damage_healed":0.0,"max_hp_gain":0.0,"max_hp_loss":0.0,"gold_gain":0.0,"event_name":"Mysterious Sphere","player_choice":"Fight","floor":39.0,"gold_loss":0.0,"damage_taken":0.0}],"is_beta":false,"boss_relics":[{"not_picked":["SacredBark","Runic Dome"],"picked":"Astrolabe"},{"not_picked":["Philosopher\u0027s Stone","hexamod:IceCube"],"picked":"Velvet Choker"}],"items_purged_floors":[13],"is_endless":false,"potions_floor_spawned":[2,11,14,16,19,25,29,33,36,38,43,47,48,49],"ascension_level":1}}