{"host":"gzwwvnucm264f2jm","time":1609897602,"event":{"mods":["AchievementEnabler","BaseMod","Better Note","BetterRewards","Colored Map","Curses Come First","Googly Eyes","Minty Spire (QoL Compilation)","Permanent Neow","Quick Restart","Rare Cards Sparkle","Slay-I","Spicy Shops","StSLib","SuperFastMode"],"gold_per_floor":[117,117,117,135,153,179,199,199,199,158,158,12,22,22,22,123,123,142,161,161,171,186,214,214,246,246,246,280,297,87,117,117,216,216,228,228,241,241,259,286,295,313,313,265,265,290,290,314,314,314],"floor_reached":51,"playtime":1869,"items_purged":["Writhe"],"score":1153,"play_id":"9670d6c7-d87d-49d5-bc61-98242658bcb1","local_time":"20210105204642","daily_mods":["SealedDeck","Vintage"],"is_ascension_mode":false,"campfire_choices":[{"data":"Turbo","floor":8,"key":"SMITH"},{"data":"Coolheaded","floor":15,"key":"SMITH"},{"floor":24,"key":"REST"},{"data":"Turbo","floor":32,"key":"SMITH"},{"floor":41,"key":"REST"},{"floor":45,"key":"REST"},{"data":"Hologram","floor":47,"key":"SMITH"},{"floor":49,"key":"REST"}],"circlet_count":0,"master_deck":["Coolheaded+1","Skim","Gash","Conserve Battery","Genetic Algorithm","Sweeping Beam","Turbo+1","Rebound","Gash","Reinforced Body","Defragment+1","Pain","Echo Form+1","Turbo+1","Core Surge","Hologram+1","Panache+1","Swift Strike","Defragment+1","Parasite"],"relics":["Cracked Core","Nunchaku","HornCleat","Pantograph","DataDisk","Pear","Frozen Egg 2","Sundial","Torii","Medical Kit","Lantern","WarpedTongs","SlaversCollar","Dream Catcher","Blue Candle","Kunai","Tiny Chest","Unceasing Top","FossilizedHelix","TungstenRod","Happy Flower","StrikeDummy","Oddly Smooth Stone","Akabeko","Blood Vial","Busted Crown","Symbiotic Virus","CeramicFish","Du-Vu Doll","Bird Faced Urn","Question Card","Toxic Egg 2","Bag of Marbles"],"acts_visited":["Exordium","TheCity","TheBeyond"],"potions_floor_usage":[],"damage_taken":[{"damage":0,"enemies":"Cultist","floor":1,"turns":3},{"damage":9,"enemies":"Jaw Worm","floor":4,"turns":2},{"damage":0,"enemies":"2 Louse","floor":5,"turns":2},{"damage":3,"enemies":"Lagavulin","floor":6,"turns":5},{"damage":0,"enemies":"2 Fungi Beasts","floor":7,"turns":3},{"damage":0,"enemies":"Red Slaver","floor":13,"turns":2},{"damage":22,"enemies":"Hexaghost","floor":16,"turns":6},{"damage":9,"enemies":"Chosen","floor":18,"turns":4},{"damage":10,"enemies":"Spheric Guardian","floor":19,"turns":3},{"damage":26,"enemies":"Snake Plant","floor":21,"turns":3},{"damage":1,"enemies":"Sentry and Sphere","floor":22,"turns":4},{"damage":1,"enemies":"Book of Stabbing","floor":23,"turns":4},{"damage":1,"enemies":"Slavers","floor":25,"turns":6},{"damage":0,"enemies":"Gremlin Leader","floor":28,"turns":4},{"damage":0,"enemies":"Snecko","floor":29,"turns":4},{"damage":0,"enemies":"Book of Stabbing","floor":31,"turns":2},{"damage":0,"enemies":"Collector","floor":33,"turns":4},{"damage":0,"enemies":"3 Shapes","floor":35,"turns":3},{"damage":0,"enemies":"3 Darklings","floor":37,"turns":3},{"damage":0,"enemies":"Sphere and 2 Shapes","floor":39,"turns":2},{"damage":0,"enemies":"Nemesis","floor":40,"turns":3},{"damage":0,"enemies":"Writhing Mass","floor":46,"turns":3},{"damage":0,"enemies":"Donu and Deca","floor":50,"turns":6}],"seed_played":"2331786030915562170","potions_obtained":[{"floor":4,"key":"SmokeBomb"},{"floor":6,"key":"Ancient Potion"},{"floor":23,"key":"SteroidPotion"}],"is_trial":true,"path_per_floor":["M","?","T","M","M","E","M","R","T","$","?","$","M","?","R","B",null,"M","M","?","M","M","E","R","E","T","?","E","M","$","E","R","B",null,"M","?","M","$","M","E","R","?","T","$","R","M","R","T","R","B",null],"character_chosen":"DEFECT","items_purchased":["Defragment+1","Medical Kit","Oddly Smooth Stone","Akabeko","Defragment+1"],"campfire_rested":4,"item_purchase_floors":[10,12,30,30,44],"current_hp_per_floor":[75,68,68,59,59,66,66,66,66,66,59,59,59,59,59,62,85,76,66,66,40,39,38,63,62,62,62,62,62,62,62,62,85,85,85,81,81,81,81,81,81,72,72,72,81,81,81,81,81,81],"gold":314,"neow_bonus":"","is_daily":false,"chose_seed":false,"campfire_upgraded":4,"win_rate":0.0,"timestamp":1609897602,"path_taken":["M","?","?","M","M","E","M","R","T","?","?","$","M","?","R","BOSS","M","M","?","M","M","E","R","E","T","?","E","M","$","E","R","BOSS","M","?","M","$","M","E","R","?","T","$","R","M","R","?","R","BOSS"],"items_purchased_type":["Card","Relic","Relic","Relic","Card"],"build_version":"2020-12-22","purchased_purges":1,"victory":true,"max_hp_per_floor":[75,75,75,75,75,85,85,85,85,85,85,85,85,85,85,85,85,85,85,85,85,85,85,85,85,85,85,85,85,85,85,85,85,85,85,81,81,81,81,81,81,81,81,81,81,81,81,81,81,81],"card_choices":[{"not_picked":["Coolheaded","Thunder Strike"],"picked":"Reinforced Body","floor":6},{"not_picked":["Buffer+1","All For One"],"picked":"Echo Form+1","floor":16},{"not_picked":["Storm+1","Fission","Doom and Gloom+1"],"picked":"SKIP","floor":23},{"not_picked":["Reprogram","Ball Lightning"],"picked":"Turbo","floor":25},{"not_picked":["Genetic Algorithm","Storm+1"],"picked":"Core Surge","floor":28},{"not_picked":["White Noise","Redo","Force Field+1"],"picked":"SKIP","floor":31},{"not_picked":["Cold Snap+1"],"picked":"SKIP","floor":40},{"not_picked":[],"picked":"Hologram","floor":41},{"not_picked":[],"picked":"Panache+1","floor":42},{"not_picked":[],"picked":"Swift Strike","floor":42}],"player_experience":438285,"relics_obtained":[{"floor":1,"key":"Nunchaku"},{"floor":3,"key":"HornCleat"},{"floor":4,"key":"Pantograph"},{"floor":5,"key":"DataDisk"},{"floor":6,"key":"Pear"},{"floor":7,"key":"Frozen Egg 2"},{"floor":9,"key":"Sundial"},{"floor":13,"key":"Lantern"},{"floor":18,"key":"Dream Catcher"},{"floor":19,"key":"Blue Candle"},{"floor":21,"key":"Kunai"},{"floor":22,"key":"Tiny Chest"},{"floor":23,"key":"Unceasing Top"},{"floor":25,"key":"FossilizedHelix"},{"floor":26,"key":"TungstenRod"},{"floor":28,"key":"Happy Flower"},{"floor":29,"key":"StrikeDummy"},{"floor":31,"key":"Blood Vial"},{"floor":35,"key":"Symbiotic Virus"},{"floor":37,"key":"CeramicFish"},{"floor":39,"key":"Du-Vu Doll"},{"floor":40,"key":"Bird Faced Urn"},{"floor":43,"key":"Question Card"},{"floor":46,"key":"Toxic Egg 2"},{"floor":48,"key":"Bag of Marbles"}],"event_choices":[{"cards_removed":["Steam"],"damage_healed":0,"gold_gain":0,"player_choice":"Card Removal","damage_taken":7,"max_hp_gain":0,"max_hp_loss":0,"event_name":"Golden Wing","floor":2,"gold_loss":0},{"damage_healed":0,"gold_gain":0,"player_choice":"Success","damage_taken":7,"relics_obtained":["Torii"],"max_hp_gain":0,"max_hp_loss":0,"event_name":"Scrap Ooze","floor":11,"gold_loss":0},{"damage_healed":0,"gold_gain":0,"player_choice":"Rummage","damage_taken":0,"relics_obtained":["WarpedTongs"],"max_hp_gain":0,"max_hp_loss":0,"event_name":"Accursed Blacksmith","floor":14,"gold_loss":0,"cards_obtained":["Pain"]},{"damage_healed":0,"gold_gain":0,"player_choice":"0 cards matched","damage_taken":0,"max_hp_gain":0,"max_hp_loss":0,"event_name":"Match and Keep!","floor":20,"gold_loss":0,"cards_obtained":[]},{"damage_healed":0,"gold_gain":0,"player_choice":"Ignored","damage_taken":0,"max_hp_gain":0,"max_hp_loss":0,"event_name":"betterNote:BetterNote","floor":27,"gold_loss":0,"cards_obtained":["Searing Blow"]},{"damage_healed":0,"gold_gain":0,"player_choice":"Max HP","damage_taken":0,"max_hp_gain":0,"max_hp_loss":4,"event_name":"Winding Halls","floor":36,"gold_loss":0},{"damage_healed":0,"gold_gain":0,"player_choice":"Memory 3","damage_taken":10,"max_hp_gain":0,"max_hp_loss":0,"event_name":"SensoryStone","floor":42,"gold_loss":0}],"is_beta":false,"boss_relics":[{"not_picked":["Runic Dome","Cursed Key"],"picked":"SlaversCollar"},{"not_picked":["Snecko Eye","Astrolabe"],"picked":"Busted Crown"}],"items_purged_floors":[30],"is_endless":false,"potions_floor_spawned":[4,6,23,25,28,31,33,35,37],"ascension_level":0}}