{"host":"i0s8vbixp24k5aul","time":1609962895,"event":{"mods":["2.2 Compatiblity","Act Like it!","Aspiration","Bard","BaseMod","Better Note","Better Third Choice","Better Vampires","BetterUpgradePreview","Colorless Booster Pack","Displayed Cursed Tome","Dota2Spire","GifTheSpireLib","Gremlin Mod","Halation","Hermit","Hubris","Infinite Spire","Jedi Mod","Minty Spire (QoL Compilation)","Optimize The Spire","Potionbrewer","Random Character Mod","Shade Mod","StSLib","Stuff the Spire","Swap Starting Deck Mod","The Animator","The Bug Knight","The Construct","The Cursed","The Disciple","TheHero","TheWitcher","vexMod","??????REMEMod"],"gold_per_floor":[114,39,54,69,84,84,99,99,174,174,0,0,15,30,30,130,130,145,145,160,175,190,190,205,220,220,57,72,87,87,87,87,187,187,202,217,232,232,247,277,277,292,317,317,317,332,347,362,362,362,362],"floor_reached":50,"playtime":3126,"items_purged":["bard:Strike"],"score":676,"play_id":"a66d9103-0239-4e00-a131-612c1f29487f","local_time":"20210106225455","daily_mods":["Cursed Run","Purple Cards","Binary"],"is_ascension_mode":false,"campfire_choices":[{"data":"animator:Saitama","floor":6,"key":"SMITH"},{"data":"bard:MagnumOpus","floor":10,"key":"SMITH"},{"data":"Enlightenment","floor":12,"key":"SMITH"},{"data":"bard:Gamble","floor":15,"key":"SMITH"},{"data":"bard:Shifting","floor":23,"key":"SMITH"},{"floor":30,"key":"REST"},{"data":"jedi:cleanse","floor":32,"key":"SMITH"},{"floor":41,"key":"REST"},{"floor":44,"key":"REST"},{"floor":49,"key":"REST"}],"circlet_count":0,"master_deck":["bard:Strike","bard:Strike","bard:Strike","bard:Defend","bard:Defend","bard:Defend","bard:Defend","bard:Riposte","bard:Inspire","animator:Saitama+1","bard:Sift","bard:Gamble+1","bard:MagnumOpus+1","jedi:BattleThirst","Enlightenment+1","Injury","bard:Shifting+1","bard:PrismaticSpray+1","bard:FeastOnFear+1","bard:GreaterMagicWeapon","bard:Sift","SnafuTest:CurseHeatDeath","jedi:cleanse+1","Injury","bard:PowerWordStun","bard:EchoEcho+1","bard:FeastOnFear+1","SnafuTest:CurseWeakArmy","StuffTheSpire:Vigor","bard:Focused"],"relics":["Cursed Key","Darkstone Periapt","Du-Vu Doll","REME_ComplimentaryCards","hubris:Towel","Dota2Spire:MonkeyKingBar","hubris:Backtick","StuffTheSpire:DarkSteelAnvil","StuffTheSpire:RubySignet","aspiration:RandomNobGenerator","Dota2Spire:BlackKingBar"],"acts_visited":["Exordium","TheCity","TheBeyond"],"potions_floor_usage":[16,16,21,29,33,33,40,48,50],"damage_taken":[{"damage":0,"enemies":"Small Slimes","floor":1,"turns":3},{"damage":0,"enemies":"2 Louse","floor":3,"turns":7},{"damage":1,"enemies":"Cultist","floor":4,"turns":5},{"damage":3,"enemies":"2 Fungi Beasts","floor":5,"turns":6},{"damage":12,"enemies":"Blue Slaver","floor":7,"turns":8},{"damage":13,"enemies":"Exordium Wildlife","floor":13,"turns":5},{"damage":2,"enemies":"3 Louse","floor":14,"turns":4},{"damage":8,"enemies":"Slime Boss","floor":16,"turns":16},{"damage":9,"enemies":"Shell Parasite","floor":18,"turns":4},{"damage":18,"enemies":"Snecko","floor":20,"turns":4},{"damage":0,"enemies":"Sentry and Sphere","floor":21,"turns":2},{"damage":4,"enemies":"3 Cultists","floor":22,"turns":4},{"damage":5,"enemies":"Centurion and Healer","floor":24,"turns":3},{"damage":11,"enemies":"Snake Plant","floor":25,"turns":2},{"damage":5,"enemies":"Chosen and Byrds","floor":28,"turns":3},{"damage":10,"enemies":"Cultist and Chosen","floor":29,"turns":4},{"damage":67,"enemies":"Champ","floor":33,"turns":7},{"damage":30,"enemies":"3 Shapes","floor":35,"turns":4},{"damage":0,"enemies":"Orb Walker","floor":36,"turns":1},{"damage":31,"enemies":"Spire Growth","floor":37,"turns":6},{"damage":0,"enemies":"Sphere and 2 Shapes","floor":39,"turns":3},{"damage":0,"enemies":"HollowMod:StalkingDevout","floor":40,"turns":1},{"damage":3,"enemies":"Jaw Worm Horde","floor":42,"turns":2},{"damage":0,"enemies":"3 Darklings","floor":46,"turns":3},{"damage":29,"enemies":"Spire Growth","floor":47,"turns":4},{"damage":36,"enemies":"Transient","floor":48,"turns":5},{"damage":116,"enemies":"Awakened One","floor":50,"turns":5}],"seed_played":"-5218424555718163201","potions_obtained":[{"floor":3,"key":"SkillPotion"},{"floor":7,"key":"SpeedPotion"},{"floor":13,"key":"SneckoOil"},{"floor":16,"key":"Strength Potion"},{"floor":20,"key":"Strength Potion"},{"floor":24,"key":"LiquidMemories"},{"floor":29,"key":"DistilledChaos"},{"floor":33,"key":"potionbrewer:NoxiousPotion"},{"floor":37,"key":"Energy Potion"},{"floor":39,"key":"potionbrewer:HastePotion"},{"floor":40,"key":"SneckoOil"},{"floor":46,"key":"Regen Potion"}],"is_trial":false,"path_per_floor":["M","$","M","M","M","R","M","?","T","R","?","R","M","M","R","B",null,"M","?","M","M","M","R","M","M","T","$","M","M","R","?","R","B",null,"M","M","M","?","M","E","R","M","T","R","?","M","M","M","R","B"],"character_chosen":"BARD","items_purchased":["jedi:cleanse"],"campfire_rested":4,"item_purchase_floors":[27],"current_hp_per_floor":[70,70,70,69,66,66,54,54,60,60,66,66,53,51,51,49,88,79,79,61,61,57,57,52,41,47,47,42,32,60,91,91,32,100,70,70,39,39,39,39,69,66,72,103,103,103,74,38,69,0,0],"gold":362,"neow_bonus":"","is_daily":true,"chose_seed":false,"campfire_upgraded":6,"win_rate":0.0,"timestamp":1609962895,"path_taken":["M","$","M","M","M","R","M","?","T","R","?","R","M","M","R","BOSS","M","?","M","M","M","R","M","M","T","$","M","?","R","?","R","BOSS","M","M","M","?","M","E","R","M","T","R","?","M","M","M","R","BOSS"],"items_purchased_type":["Card"],"build_version":"2020-12-22","purchased_purges":1,"victory":false,"max_hp_per_floor":[70,70,70,70,70,70,70,70,76,76,82,82,82,82,82,88,88,88,88,88,88,88,88,88,88,94,94,94,94,94,94,94,100,100,100,100,100,100,100,100,100,100,106,106,106,106,106,106,106,106,106],"card_choices":[{"not_picked":["bard:DervishDance"],"picked":"bard:Sift","floor":1},{"not_picked":["bard:CuttingWords"],"picked":"bard:Gamble","floor":3},{"not_picked":["bard:Flourish","bard:HarmoniousVoice"],"picked":"SKIP","floor":4},{"not_picked":["bard:DervishDance"],"picked":"bard:MagnumOpus","floor":5},{"not_picked":["bard:Gamble","bard:Accelerando"],"picked":"SKIP","floor":7},{"not_picked":["bard:Demoralize","bard:EchoEcho"],"picked":"SKIP","floor":13},{"not_picked":["bard:TinyHut","bard:StudiedStrike"],"picked":"SKIP","floor":14},{"not_picked":["bard:ReverseGravity"],"picked":"bard:Shifting","floor":16},{"not_picked":["bard:SongBolt+1"],"picked":"bard:PrismaticSpray","floor":18},{"not_picked":["bard:EchoEcho","bard:EnGarde"],"picked":"SKIP","floor":20},{"not_picked":["bard:CuttingWords+1"],"picked":"bard:FeastOnFear+1","floor":21},{"not_picked":["bard:SixFourTime","bard:TinyHut"],"picked":"SKIP","floor":22},{"not_picked":["bard:EchoEcho"],"picked":"bard:GreaterMagicWeapon","floor":24},{"not_picked":["bard:Thunderwave"],"picked":"bard:Sift","floor":25},{"not_picked":["bard:SongBolt+1","bard:Fermata"],"picked":"SKIP","floor":28},{"not_picked":["bard:QuickSong","bard:FalseLife"],"picked":"SKIP","floor":29},{"not_picked":["bard:DeathMetal"],"picked":"bard:PowerWordStun","floor":33},{"not_picked":["bard:CuttingWords","bard:Thunderwave+1"],"picked":"SKIP","floor":35},{"not_picked":["bard:HarmoniousVoice+1"],"picked":"bard:EchoEcho+1","floor":36},{"not_picked":["bard:Thunderwave","bard:HarmoniousVoice+1"],"picked":"SKIP","floor":37},{"not_picked":["bard:Fermata+1","bard:TinyHut"],"picked":"SKIP","floor":39},{"not_picked":["bard:FalseLife+1"],"picked":"bard:FeastOnFear+1","floor":40},{"not_picked":["bard:BucklerBash","bard:InspiringSong"],"picked":"SKIP","floor":42},{"not_picked":["StuffTheSpire:CelestialWarden","StuffTheSpire:Rapture"],"picked":"StuffTheSpire:Vigor","floor":45},{"not_picked":["bard:GuardPoint+1"],"picked":"bard:Focused","floor":46},{"not_picked":["bard:CuttingWords+1","bard:Demoralize+1"],"picked":"SKIP","floor":47},{"not_picked":["bard:EnGarde","bard:Parry+1"],"picked":"SKIP","floor":48}],"player_experience":929578,"relics_obtained":[{"floor":9,"key":"Dota2Spire:MonkeyKingBar"},{"floor":26,"key":"StuffTheSpire:RubySignet"},{"floor":40,"key":"Dota2Spire:BlackKingBar"},{"floor":43,"key":"Dota2Spire:BladeMail"}],"event_choices":[{"damage_healed":0,"gold_gain":0,"player_choice":"RENOUNCE","damage_taken":174,"max_hp_gain":0,"max_hp_loss":0,"event_name":"betterThird:BetterSerpent","floor":11,"gold_loss":174,"cards_obtained":["Enlightenment"]},{"damage_healed":0,"gold_gain":0,"player_choice":"Upgraded","damage_taken":0,"max_hp_gain":0,"max_hp_loss":0,"event_name":"Upgrade Shrine","floor":19,"gold_loss":0,"cards_upgraded":["bard:PrismaticSpray"]},{"damage_healed":31,"gold_gain":0,"player_choice":"Heal","damage_taken":0,"max_hp_gain":0,"max_hp_loss":0,"event_name":"The Library","floor":31,"gold_loss":0}],"is_beta":false,"boss_relics":[{"not_picked":["vexMod:DeviousBotling","aspiration:SecretTechniqueScroll"],"picked":"hubris:Backtick"},{"not_picked":["aspiration:RunicSpoon","vexMod:ImprovementManual"],"picked":"aspiration:RandomNobGenerator"}],"items_purged_floors":[2],"is_endless":false,"potions_floor_spawned":[3,7,13,16,20,24,28,29,33,37,39,40,42,46],"killed_by":"Awakened One","ascension_level":0}}