{"host":"q9szs7qndgdlcq24","time":1609896744,"event":{"mods":["AchievementEnabler","BaseMod","Bestiary","Colored Powertips","DeckTracker","Minty Spire (QoL Compilation)","Random Character Button","StSLib"],"gold_per_floor":[109,122,139,149,160,160,160,85,111,124,124,124,141,141,141,239,239,239,257,257,276,95,95,105,105,105,124,124,152,152,152],"floor_reached":30,"playtime":4507,"items_purged":["Defend_B","Defend_B"],"score":269,"play_id":"38309c96-23b5-4313-88dc-a5d98fabfb87","local_time":"20210106043224","is_ascension_mode":false,"campfire_choices":[{"data":"Redo","floor":6,"key":"SMITH"},{"floor":12,"key":"REST"},{"data":"Barrage","floor":15,"key":"SMITH"},{"floor":23,"key":"REST"},{"data":"Defragment","floor":25,"key":"SMITH"},{"floor":28,"key":"REST"}],"circlet_count":0,"master_deck":["Strike_B","Strike_B","Strike_B","Strike_B","Defend_B","Zap","Dualcast","Sweeping Beam","Leap","Leap","Redo+1","Leap","Barrage+1","Compile Driver","Creative AI","Redo","Rebound","Defragment+1","Leap","Storm","Sweeping Beam+1","Gash+1"],"relics":["Cracked Core","Regal Pillow","Toy Ornithopter","Anchor","SacredBark","Molten Egg 2","Juzu Bracelet"],"acts_visited":["Exordium","TheCity"],"potions_floor_usage":[21,29,30],"damage_taken":[{"damage":1,"enemies":"Jaw Worm","floor":1,"turns":3},{"damage":2,"enemies":"Small Slimes","floor":2,"turns":3},{"damage":0,"enemies":"Cultist","floor":3,"turns":4},{"damage":2,"enemies":"Blue Slaver","floor":4,"turns":4},{"damage":5,"enemies":"Looter","floor":5,"turns":3},{"damage":19,"enemies":"Gremlin Gang","floor":10,"turns":4},{"damage":2,"enemies":"Large Slime","floor":13,"turns":5},{"damage":60,"enemies":"Slime Boss","floor":16,"turns":12},{"damage":26,"enemies":"Spheric Guardian","floor":18,"turns":6},{"damage":43,"enemies":"2 Thieves","floor":19,"turns":5},{"damage":69,"enemies":"Shelled Parasite and Fungi","floor":21,"turns":11},{"damage":21,"enemies":"Snake Plant","floor":24,"turns":6},{"damage":31,"enemies":"Snecko","floor":27,"turns":5},{"damage":51,"enemies":"Book of Stabbing","floor":29,"turns":6},{"damage":15,"enemies":"Sentry and Sphere","floor":30,"turns":3}],"seed_played":"-125044309135496131","potions_obtained":[{"floor":1,"key":"BlessingOfTheForge"},{"floor":2,"key":"FairyPotion"},{"floor":4,"key":"Regen Potion"},{"floor":16,"key":"FocusPotion"},{"floor":21,"key":"EssenceOfDarkness"},{"floor":24,"key":"EssenceOfSteel"},{"floor":29,"key":"BlessingOfTheForge"}],"is_trial":false,"path_per_floor":["M","M","M","M","M","R","?","$","T","M","?","R","M","?","R","B",null,"M","M","?","M","$","R","M","R","T","M","R","E","M"],"character_chosen":"DEFECT","items_purchased":["Defragment","Leap"],"campfire_rested":3,"item_purchase_floors":[22,22],"current_hp_per_floor":[74,72,72,70,65,65,65,65,65,46,46,75,73,73,73,13,75,49,6,31,34,34,71,50,50,50,19,56,10,0,0],"gold":152,"neow_bonus":"RANDOM_COMMON_RELIC","is_daily":false,"chose_seed":false,"campfire_upgraded":3,"win_rate":0.0,"timestamp":1609896744,"path_taken":["M","M","M","M","M","R","?","$","T","M","?","R","M","?","R","BOSS","M","?","?","M","$","R","M","R","T","M","R","E","M"],"items_purchased_type":["Card","Card"],"build_version":"2020-12-22","purchased_purges":2,"victory":false,"max_hp_per_floor":[75,75,75,75,75,75,75,75,75,75,75,75,75,75,75,75,75,75,75,75,75,75,75,75,75,75,75,75,75,75,75],"card_choices":[{"not_picked":["Reprogram","Fusion"],"picked":"Sweeping Beam","floor":1},{"not_picked":["Cold Snap","Fission"],"picked":"Leap","floor":2},{"not_picked":["Doom and Gloom","Cold Snap"],"picked":"Leap","floor":3},{"not_picked":["Darkness","Hologram"],"picked":"Redo","floor":4},{"not_picked":["Rip and Tear","Tempest"],"picked":"Leap","floor":5},{"not_picked":["Rebound","Sweeping Beam"],"picked":"Barrage","floor":10},{"not_picked":["Steam Power","BootSequence"],"picked":"Compile Driver","floor":13},{"not_picked":["Seek","Amplify"],"picked":"Creative AI","floor":16},{"not_picked":["Coolheaded","Skim"],"picked":"Redo","floor":18},{"not_picked":["Coolheaded","Consume"],"picked":"Rebound","floor":19},{"not_picked":["Scrape","Rebound","Gash+1"],"picked":"SKIP","floor":21},{"not_picked":["Auto Shields","Cold Snap"],"picked":"Storm","floor":24},{"not_picked":["Heatsinks","Genetic Algorithm"],"picked":"Sweeping Beam+1","floor":27},{"not_picked":["BootSequence+1","Aggregate"],"picked":"Gash+1","floor":29}],"player_experience":28570,"relics_obtained":[{"floor":9,"key":"Toy Ornithopter"},{"floor":26,"key":"Molten Egg 2"},{"floor":29,"key":"Juzu Bracelet"}],"event_choices":[{"cards_removed":["Defend_B"],"damage_healed":0,"gold_gain":0,"player_choice":"Forget","damage_taken":0,"max_hp_gain":0,"max_hp_loss":0,"event_name":"Living Wall","floor":7,"gold_loss":0},{"damage_healed":0,"gold_gain":0,"player_choice":"Ignored","damage_taken":0,"max_hp_gain":0,"max_hp_loss":0,"event_name":"Liars Game","floor":11,"gold_loss":0},{"damage_healed":0,"gold_gain":0,"player_choice":"Gave Potion","damage_taken":0,"relics_obtained":["Anchor"],"max_hp_gain":0,"max_hp_loss":0,"event_name":"WeMeetAgain","floor":14,"gold_loss":0},{"damage_healed":25,"gold_gain":0,"player_choice":"Heal","damage_taken":0,"max_hp_gain":0,"max_hp_loss":0,"event_name":"The Library","floor":20,"gold_loss":0}],"is_beta":false,"boss_relics":[{"not_picked":["Snecko Eye","Philosopher\u0027s Stone"],"picked":"SacredBark"}],"items_purged_floors":[8,22],"is_endless":false,"potions_floor_spawned":[1,2,4,13,16,18,21,24,29],"killed_by":"Sentry and Sphere","ascension_level":0}}