{"host":"g5fmetnswx4f9rhi","time":1609907296,"event":{"mods":["Act Like it!","BaseMod","Conspire","Downfall","Gensokyo","GifTheSpireLib","Halation","Hallownest","Hubris","Koishi","LagranYue(???·?)","Mari Mod (Legacy)","Mari\u0027s V1 Patch","Marisa????????","Mimic Mod","Minty Spire (QoL Compilation)","Railgun Mod","Remilia??????","Replay The Spire","StSLib","The Administrix","The Alterego","The Animator","The Bladedancer","The Bug Knight","The Cursed","The Jungle","The Senshi","The Servant 0.9.4","TheFirefly"],"gold_per_floor":[99,117,129,44,29,59,82,114,128,128,53,70,90,90,90,109,124,221,221,221,232,65,85,85,85,85,100,114,114,114,114,114],"floor_reached":30,"playtime":2994,"items_purged":[],"score":267,"play_id":"78ea72c6-e1bc-4a6e-bbc5-d661fcac67bb","local_time":"20210105222816","is_ascension_mode":false,"campfire_choices":[{"data":"Slimebound:CorrosiveSpit","floor":1,"key":"SMITH"},{"data":"Slimebound:RainOfGoop","floor":11,"key":"SMITH"},{"data":"Slimebound:DuplicatedForm","floor":20,"key":"SMITH"},{"data":"Slimebound:OozeBath","floor":25,"key":"SMITH"},{"data":"Slimebound:SplitLeeching","floor":29,"key":"SMITH"}],"circlet_count":0,"master_deck":["Slimebound:Strike_Slimebound+1","Slimebound:Strike_Slimebound","Slimebound:Tackle","Slimebound:Defend_Slimebound+1","Slimebound:Defend_Slimebound","Slimebound:Defend_Slimebound","Slimebound:Defend_Slimebound+1","Slimebound:Split","Slimebound:CorrosiveSpit+1","Slimebound:RainOfGoop+1","Slimebound:ItLooksTasty","Slimebound:Gluttony+1","Slimebound:LeechEnergy+1","Slimebound:SplitLeeching+1","Slimebound:MegaLick","Slimebound:RainOfGoop+1","Slimebound:LivingWall","Slimebound:DuplicatedForm+1","Slimebound:Prepare","Slimebound:Schlurp+1","Slimebound:OozeBath+1","Slimebound:LeechingTouch+1","Slimebound:MassFeed","Slimebound:SamplingLick+1","Slimebound:RollThrough+1","Slimebound:FormOfPuddle"],"relics":["Slimebound:AbsorbEndCombat","LagranYue:RandomDrawCardRelic","Strawberry","hubris:Metronome","Hallownest:DreamNailRelic","downfall:HeartBlessingBlue","halation:HeavySnake","halation:Jellyphish","Molten Egg 2","Cursed Key"],"acts_visited":["Hallownest:Greenpath","TheCity"],"potions_floor_usage":[16,18,18,18],"damage_taken":[{"damage":7,"enemies":"Hallownest:monsterHuskWarrior","floor":2,"turns":3},{"damage":11,"enemies":"Hallownest:2_Baldur","floor":3,"turns":3},{"damage":7,"enemies":"downfall:FleeingMerchant","floor":4,"turns":4},{"damage":12,"enemies":"downfall:FleeingMerchant","floor":5,"turns":4},{"damage":13,"enemies":"Hallownest:eliteCrystalGuardian","floor":6,"turns":5},{"damage":22,"enemies":"Hallownest:eliteMossKnight","floor":8,"turns":6},{"damage":10,"enemies":"Hallownest:monsterHuskGuard","floor":9,"turns":3},{"damage":15,"enemies":"Hallownest:2_Tiktiks_1_Baldur_1_Crawlid","floor":12,"turns":3},{"damage":11,"enemies":"Hallownest:monsterAspidMother","floor":13,"turns":5},{"damage":3,"enemies":"Hallownest:monsterMossCharger","floor":16,"turns":2},{"damage":28,"enemies":"Hallownest:MossCreep_and_Mosskin","floor":17,"turns":5},{"damage":55,"enemies":"downfall:Ironclad","floor":18,"turns":6},{"damage":36,"enemies":"Spheric Guardian","floor":21,"turns":4},{"damage":31,"enemies":"downfall:FleeingMerchant","floor":22,"turns":4},{"damage":32,"enemies":"conspire:HollyBat","floor":23,"turns":5},{"damage":60,"enemies":"Snecko","floor":27,"turns":6},{"damage":66,"enemies":"Chosen and Byrds","floor":28,"turns":8},{"damage":0,"enemies":"Centurion and Healer","floor":30,"turns":1}],"seed_played":"2530008233327951634","potions_obtained":[{"floor":2,"key":"FearPotion"},{"floor":8,"key":"Dexterity Potion"},{"floor":9,"key":"PowerPotion"},{"floor":16,"key":"DuplicationPotion"},{"floor":27,"key":"conspire:TimeTravelPotion"}],"is_trial":false,"path_per_floor":["R","M","M","$","$","E","T","E","M","?","R","M","M","PTL","PTL","M","M","B",null,"R","M","$","M","?","R","T","M","M","R","M"],"character_chosen":"SLIMEBOUND","items_purchased":["Slimebound:Gluttony","halation:Jellyphish"],"campfire_rested":0,"item_purchase_floors":[4,22],"current_hp_per_floor":[66,66,62,66,66,73,73,73,73,73,83,82,83,83,83,83,83,71,83,83,70,74,77,77,77,77,47,17,17,17,17,17],"gold":114,"neow_bonus":"TEN_PERCENT_HP_BONUS","is_daily":false,"chose_seed":false,"campfire_upgraded":5,"win_rate":0.0,"timestamp":1609907296,"path_taken":["R","?","?","?","$","E","T","E","M","?","R","M","?","PTL","PTL","M","M","BOSS","R","M","$","M","?","R","T","?","M","R","M"],"items_purchased_type":["Card","Relic"],"build_version":"2020-12-22","purchased_purges":0,"victory":false,"max_hp_per_floor":[66,66,66,66,66,73,73,73,73,73,83,83,83,83,83,83,83,83,83,83,83,83,83,83,83,83,86,86,86,86,86,86],"card_choices":[{"not_picked":["Slimebound:Equalize","Slimebound:GrowthPunch"],"picked":"Slimebound:RainOfGoop","floor":2},{"not_picked":["Slimebound:TongueLash","Slimebound:FormOfPuddle"],"picked":"Slimebound:ItLooksTasty","floor":3},{"not_picked":["Slimebound:MassRepurpose","Slimebound:SlimeBarrage","Slimebound:LeadByExample"],"picked":"SKIP","floor":4},{"not_picked":["Slimebound:RainOfGoop","Slimebound:SplitAcid"],"picked":"Slimebound:LeechEnergy","floor":5},{"not_picked":["Slimebound:HauntingLick","Slimebound:SlimeTap"],"picked":"Slimebound:SplitLeeching","floor":6},{"not_picked":["Slimebound:SplitMire","Slimebound:SplitLeeching"],"picked":"Slimebound:MegaLick","floor":8},{"not_picked":["Slimebound:SamplingLick","Slimebound:SlimeSpikes"],"picked":"Slimebound:RainOfGoop","floor":9},{"not_picked":["Slimebound:GrowthPunch","Slimebound:DisruptingSlam"],"picked":"Slimebound:LivingWall","floor":12},{"not_picked":["Slimebound:ProtectTheBoss","Slimebound:RainOfGoop"],"picked":"Slimebound:DuplicatedForm","floor":13},{"not_picked":["Slimebound:SplitAcid","Slimebound:LeechEnergy"],"picked":"Slimebound:Prepare","floor":16},{"not_picked":["Slimebound:RollThrough","Slimebound:ForwardTackle"],"picked":"Slimebound:Schlurp","floor":17},{"not_picked":["Slimebound:OneTwoCombo","Slimebound:MinionMaster"],"picked":"Slimebound:OozeBath","floor":18},{"not_picked":["Slimebound:GoopSpray","Slimebound:SplitMire"],"picked":"Slimebound:LeechingTouch+1","floor":21},{"not_picked":["Slimebound:GrowthPunch","Slimebound:ForwardTackle"],"picked":"Slimebound:MassFeed","floor":22},{"not_picked":["Slimebound:ViciousTackle","Slimebound:MegaLick"],"picked":"Slimebound:SamplingLick","floor":23},{"not_picked":["Slimebound:Gluttony","Slimebound:SlimeSpikes","Slimebound:SlimeTap"],"picked":"SKIP","floor":27},{"not_picked":["Slimebound:SlimeSpikes","Slimebound:GoopSpray+1"],"picked":"Slimebound:FormOfPuddle","floor":28}],"player_experience":4868,"relics_obtained":[{"floor":6,"key":"Strawberry"},{"floor":8,"key":"hubris:Metronome"},{"floor":26,"key":"Molten Egg 2"}],"event_choices":[{"damage_healed":0,"gold_gain":0,"cards_transformed":["Slimebound:Strike_Slimebound"],"player_choice":"Transformed","damage_taken":0,"max_hp_gain":0,"max_hp_loss":0,"event_name":"Transmorgrifier","floor":24,"gold_loss":0,"cards_obtained":["Slimebound:RollThrough"]}],"is_beta":false,"boss_relics":[{"not_picked":["downfall:Hecktoplasm","halation:Yufonium"],"picked":"halation:HeavySnake"}],"items_purged_floors":[],"is_endless":false,"potions_floor_spawned":[2,8,9,12,13,16,21,27,28],"killed_by":"Centurion and Healer","ascension_level":0}}