{"host":"a5lz0e76zb3fcwkm","time":1609917124,"event":{"mods":["AchievementEnabler","BaseMod","Colored Map","Colored Powertips","Minty Spire (QoL Compilation)","StSLib","SuperFastMode"],"gold_per_floor":[114,131,15,15,15,45,55,55,55,55,55,73,33,50,50,127,127,139,139,189,200,212,224,224,83,133,8,8,27,27,27,27,102,102,119,138,190,190,202,227,227,227,227,227,243,37,53,66,66,66,66],"floor_reached":50,"playtime":1522,"items_purged":["Strike_G","Strike_G","Defend_G","Cloak And Dagger"],"score":994,"play_id":"62362283-3648-47da-aa04-be5ea95d7ed2","local_time":"20210106161204","is_ascension_mode":true,"campfire_choices":[{"data":"Cloak And Dagger","floor":8.0,"key":"SMITH"},{"data":"Accuracy","floor":11.0,"key":"SMITH"},{"data":"Tactician","floor":15.0,"key":"SMITH"},{"data":"Tools of the Trade","floor":24.0,"key":"SMITH"},{"data":"Cloak And Dagger","floor":30.0,"key":"SMITH"},{"floor":32.0,"key":"REST"},{"floor":41.0,"key":"REST"},{"floor":44.0,"key":"RECALL"},{"floor":49,"key":"REST"}],"circlet_count":0,"master_deck":["AscendersBane","Survivor","Neutralize","Cloak And Dagger+1","Tactician+1","Footwork","Tools of the Trade+1","Accuracy+1","Acrobatics","Accuracy","Corpse Explosion","Cloak And Dagger+1","Blade Dance","Blade Dance+1","Reflex","Setup","Leg Sweep","Grand Finale+1","Deflect","Acrobatics","Escape Plan","Bandage Up","Blur","PiercingWail","Footwork+1"],"relics":["Ring of the Snake","NeowsBlessing","Molten Egg 2","Strawberry","HoveringKite","MutagenicStrength","Oddly Smooth Stone","Pandora\u0027s Box","Gambling Chip","Blood Vial","Shuriken"],"acts_visited":["Exordium","TheCity","TheBeyond"],"potions_floor_usage":[50,50],"damage_taken":[{"damage":0.0,"enemies":"Jaw Worm","floor":1.0,"turns":1.0},{"damage":0.0,"enemies":"Cultist","floor":2.0,"turns":1.0},{"damage":0.0,"enemies":"Lagavulin","floor":6.0,"turns":2.0},{"damage":0.0,"enemies":"2 Louse","floor":7.0,"turns":5.0},{"damage":0.0,"enemies":"Blue Slaver","floor":12.0,"turns":6.0},{"damage":1.0,"enemies":"Looter","floor":13.0,"turns":4.0},{"damage":12.0,"enemies":"Lots of Slimes","floor":14.0,"turns":7.0},{"damage":34.0,"enemies":"The Guardian","floor":16.0,"turns":16.0},{"damage":4.0,"enemies":"Shell Parasite","floor":18.0,"turns":10.0},{"damage":10.0,"enemies":"3 Byrds","floor":21.0,"turns":3.0},{"damage":5.0,"enemies":"Centurion and Healer","floor":22.0,"turns":6.0},{"damage":15.0,"enemies":"Snake Plant","floor":23.0,"turns":5.0},{"damage":6.0,"enemies":"Cultist and Chosen","floor":29.0,"turns":3.0},{"damage":21.0,"enemies":"Collector","floor":33.0,"turns":5.0},{"damage":9.0,"enemies":"3 Shapes","floor":35.0,"turns":3.0},{"damage":6.0,"enemies":"3 Darklings","floor":36.0,"turns":3.0},{"damage":14.0,"enemies":"2 Orb Walkers","floor":37.0,"turns":4.0},{"damage":0.0,"enemies":"4 Shapes","floor":39.0,"turns":4.0},{"damage":12.0,"enemies":"Nemesis","floor":40.0,"turns":7.0},{"damage":36.0,"enemies":"Jaw Worm Horde","floor":45.0,"turns":3.0},{"damage":0.0,"enemies":"Writhing Mass","floor":47.0,"turns":5.0},{"damage":6,"enemies":"Spire Growth","floor":48,"turns":4},{"damage":59,"enemies":"Awakened One","floor":50,"turns":3}],"seed_played":"-8397626557142100612","potions_obtained":[{"floor":12.0,"key":"FearPotion"},{"floor":14.0,"key":"SpeedPotion"},{"floor":16.0,"key":"Regen Potion"},{"floor":18.0,"key":"DistilledChaos"},{"floor":23.0,"key":"Swift Potion"},{"floor":29.0,"key":"SmokeBomb"},{"floor":33.0,"key":"Block Potion"},{"floor":37.0,"key":"SkillPotion"},{"floor":39.0,"key":"Ancient Potion"},{"floor":45.0,"key":"Strength Potion"},{"floor":47.0,"key":"LiquidMemories"},{"floor":48,"key":"LiquidMemories"}],"is_trial":false,"path_per_floor":["M","M","$","?","$","E","M","R","T","?","R","M","M","M","R","B",null,"M","?","?","M","M","M","R","$","T","$","?","M","R","$","R","B",null,"M","M","?","?","M","E","R","?","T","R","M","$","M","M","R","B"],"character_chosen":"THE_SILENT","items_purchased":["Footwork","Reflex","PiercingWail"],"campfire_rested":3,"item_purchase_floors":[3,25,46],"current_hp_per_floor":[59,59,59,59,59,66,66,66,66,66,66,66,65,53,53,19,60,71,71,64,54,49,34,34,34,34,34,34,28,28,28,49,28,62,53,47,33,33,33,21,42,42,42,42,12,12,18,18,39,0,0],"gold":66,"neow_bonus":"THREE_ENEMY_KILL","is_daily":false,"chose_seed":false,"campfire_upgraded":5,"win_rate":0.0,"timestamp":1609917124,"path_taken":["M","M","$","?","$","E","?","R","T","?","R","M","M","M","R","BOSS","M","?","?","M","M","?","R","$","T","?","?","M","R","?","R","BOSS","M","M","?","?","?","E","R","?","T","R","M","?","M","M","R","BOSS"],"items_purchased_type":["Card","Card","Card"],"build_version":"2020-12-22","purchased_purges":4,"victory":false,"max_hp_per_floor":[66,66,66,66,66,73,73,73,73,73,73,73,73,73,73,73,73,73,73,73,73,73,73,73,73,73,73,73,73,73,73,73,73,73,73,73,73,73,73,73,73,73,73,73,73,73,73,73,73,73,73],"card_choices":[{"not_picked":["Bane","Underhanded Strike"],"picked":"Cloak And Dagger","floor":1.0},{"not_picked":["Escape Plan","Endless Agony"],"picked":"Tactician","floor":2.0},{"not_picked":["Blur","Backflip"],"picked":"Tools of the Trade","floor":6.0},{"not_picked":["Dagger Spray+1","Backflip"],"picked":"Accuracy","floor":7.0},{"not_picked":["Heel Hook+1","Poisoned Stab+1"],"picked":"Acrobatics","floor":12.0},{"not_picked":["A Thousand Cuts","Acrobatics"],"picked":"Accuracy","floor":13.0},{"not_picked":["Deflect","Flying Knee+1","Dagger Throw+1"],"picked":"SKIP","floor":14.0},{"not_picked":["Bullet Time","A Thousand Cuts"],"picked":"Corpse Explosion","floor":16.0},{"not_picked":["Catalyst","Finisher+1"],"picked":"Cloak And Dagger","floor":18.0},{"not_picked":["Slice+1","Prepared+1"],"picked":"Blade Dance","floor":21.0},{"not_picked":["Flechettes+1","Poisoned Stab+1","Masterful Stab+1"],"picked":"SKIP","floor":22.0},{"not_picked":["Heel Hook+1","Venomology"],"picked":"Blade Dance+1","floor":23.0},{"not_picked":["Dodge and Roll","Dagger Throw+1","Blade Dance"],"picked":"SKIP","floor":29.0},{"not_picked":["Dagger Throw+1","Endless Agony+1","Heel Hook+1"],"picked":"SKIP","floor":35.0},{"not_picked":["Cloak And Dagger","Poisoned Stab+1"],"picked":"Acrobatics","floor":36.0},{"not_picked":["Cloak And Dagger","Dagger Spray+1"],"picked":"Escape Plan","floor":39.0},{"not_picked":["Distraction+1","Unload+1","Flying Knee+1"],"picked":"SKIP","floor":40.0},{"not_picked":["Panache","Impatience"],"picked":"Bandage Up","floor":42.0},{"not_picked":["Finisher+1","Bane+1"],"picked":"Blur","floor":45.0},{"not_picked":["Outmaneuver","Reflex","Acrobatics"],"picked":"SKIP","floor":47.0},{"not_picked":["Flying Knee+1","Prepared"],"picked":"Footwork+1","floor":48}],"player_experience":1681826,"relics_obtained":[{"floor":4.0,"key":"Molten Egg 2"},{"floor":6.0,"key":"Strawberry"},{"floor":26.0,"key":"Oddly Smooth Stone"},{"floor":37.0,"key":"Gambling Chip"},{"floor":40.0,"key":"Blood Vial"},{"floor":43.0,"key":"Shuriken"}],"event_choices":[{"damage_healed":0.0,"max_hp_gain":0.0,"max_hp_loss":0.0,"gold_gain":0.0,"event_name":"Wheel of Change","player_choice":"Relic","floor":4.0,"gold_loss":0.0,"damage_taken":0.0},{"damage_healed":0.0,"max_hp_gain":0.0,"max_hp_loss":0.0,"gold_gain":0.0,"event_name":"Liars Game","player_choice":"Ignored","floor":10.0,"gold_loss":0.0,"damage_taken":0.0},{"damage_healed":0.0,"max_hp_gain":0.0,"max_hp_loss":0.0,"gold_gain":0.0,"event_name":"Drug Dealer","player_choice":"Inject Mutagens","floor":19.0,"gold_loss":0.0,"damage_taken":0.0,"relics_obtained":["MutagenicStrength"]},{"damage_healed":0.0,"max_hp_gain":0.0,"max_hp_loss":0.0,"gold_gain":50.0,"event_name":"FaceTrader","player_choice":"Touch","floor":20.0,"gold_loss":0.0,"damage_taken":7.0},{"cards_removed":["Strike_G"],"damage_healed":0.0,"max_hp_gain":0.0,"max_hp_loss":0.0,"gold_gain":0.0,"event_name":"Back to Basics","player_choice":"Elegance","floor":28.0,"gold_loss":0.0,"damage_taken":0.0},{"damage_healed":0.0,"max_hp_gain":0.0,"max_hp_loss":0.0,"gold_gain":0.0,"event_name":"Mysterious Sphere","player_choice":"Fight","floor":37.0,"gold_loss":0.0,"damage_taken":0.0},{"cards_removed":["Distraction"],"damage_healed":0.0,"max_hp_gain":0.0,"max_hp_loss":0.0,"gold_gain":0.0,"event_name":"Purifier","player_choice":"Purged","floor":38.0,"gold_loss":0.0,"damage_taken":0.0},{"damage_healed":0.0,"max_hp_gain":0.0,"max_hp_loss":0.0,"gold_gain":0.0,"event_name":"SensoryStone","player_choice":"Memory 1","floor":42.0,"gold_loss":0.0,"damage_taken":0.0}],"is_beta":false,"boss_relics":[{"not_picked":["Velvet Choker","Busted Crown"],"picked":"HoveringKite"},{"not_picked":["Calling Bell","Runic Dome"],"picked":"Pandora\u0027s Box"}],"items_purged_floors":[3,25,27,46],"is_endless":false,"potions_floor_spawned":[12,14,16,18,23,29,33,37,39,45,47,48],"killed_by":"Awakened One","ascension_level":20}}