{"host":"tw7a6rmo9h75ssrt","time":1609901916,"event":{"mods":["AchievementEnabler","Act Like it!","BaseMod","Colored Map","Highlight Path","Minty Spire (QoL Compilation)","Permanent Neow","Quick Restart","Relic Stats","SuperFastMode"],"gold_per_floor":[115,115,134,134,134,162,172,190,239,339,350,350,363,363,363,464,464,477,489,502,531,551,551,571,590,614,554,564,579,197,211,211,211,211],"floor_reached":33,"playtime":1862,"items_purged":["Strike_R"],"score":392,"play_id":"afa7e54a-d83a-4d14-8221-c200f3aa133f","local_time":"20210106105836","is_ascension_mode":true,"campfire_choices":[{"data":"Carnage","floor":12.0,"key":"SMITH"},{"data":"Bash","floor":15.0,"key":"SMITH"},{"floor":23.0,"key":"REST"},{"floor":32.0,"key":"REST"}],"circlet_count":0,"master_deck":["Strike_R","Strike_R","Strike_R","Defend_R","Defend_R","Defend_R","Defend_R","Bash+1","Clash","Carnage+1","Dark Embrace+1","Reckless Charge","Brutality+1","Pommel Strike","Dual Wield+1","True Grit","Battle Trance","Thinking Ahead","Dark Embrace+1","Warcry"],"relics":["Burning Blood","NeowsBlessing","HornCleat","Meat on the Bone","Frozen Egg 2","Anchor","Fusion Hammer","Red Mask","Lantern"],"acts_visited":["Exordium","TheCity"],"potions_floor_usage":[],"damage_taken":[{"damage":0.0,"enemies":"2 Louse","floor":1.0,"turns":1.0},{"damage":0.0,"enemies":"Small Slimes","floor":3.0,"turns":1.0},{"damage":0.0,"enemies":"3 Sentries","floor":6.0,"turns":1.0},{"damage":7.0,"enemies":"Jaw Worm","floor":7.0,"turns":2.0},{"damage":19.0,"enemies":"Exordium Wildlife","floor":8.0,"turns":4.0},{"damage":3.0,"enemies":"Blue Slaver","floor":11.0,"turns":3.0},{"damage":0.0,"enemies":"Red Slaver","floor":13.0,"turns":3.0},{"damage":50.0,"enemies":"The Guardian","floor":16.0,"turns":9.0},{"damage":5.0,"enemies":"3 Byrds","floor":18.0,"turns":5.0},{"damage":5.0,"enemies":"Shell Parasite","floor":19.0,"turns":4.0},{"damage":8.0,"enemies":"Chosen and Byrds","floor":20.0,"turns":6.0},{"damage":2.0,"enemies":"Masked Bandits","floor":21.0,"turns":3.0},{"damage":18.0,"enemies":"3 Cultists","floor":22.0,"turns":5.0},{"damage":42.0,"enemies":"Snake Plant","floor":24.0,"turns":6.0},{"damage":11.0,"enemies":"Centurion and Healer","floor":25.0,"turns":6.0},{"damage":2.0,"enemies":"Snecko","floor":28.0,"turns":3.0},{"damage":6.0,"enemies":"Shelled Parasite and Fungi","floor":29.0,"turns":3.0},{"damage":19.0,"enemies":"Centurion and Healer","floor":31.0,"turns":4.0},{"damage":93,"enemies":"Automaton","floor":33,"turns":8}],"seed_played":"8431241269306055324","potions_obtained":[{"floor":6.0,"key":"Regen Potion"},{"floor":8.0,"key":"Block Potion"},{"floor":14.0,"key":"Swift Potion"},{"floor":16.0,"key":"Swift Potion"},{"floor":19.0,"key":"BloodPotion"},{"floor":20.0,"key":"Swift Potion"},{"floor":22.0,"key":"SpeedPotion"},{"floor":24.0,"key":"Fire Potion"},{"floor":28.0,"key":"AttackPotion"}],"is_trial":false,"path_per_floor":["M","?","M","?","T","E","M","M","T","?","M","R","M","?","R","B",null,"M","M","M","?","M","R","M","M","T","?","M","M","$","M","R","B"],"character_chosen":"IRONCLAD","items_purchased":["Thinking Ahead","Dark Embrace+1","Warcry"],"campfire_rested":2,"item_purchase_floors":[30,30,30],"current_hp_per_floor":[78,78,80,47,47,53,52,51,51,51,54,54,60,60,60,43,71,72,73,80,80,68,80,56,51,51,51,55,55,55,54,78,0,0],"gold":211,"neow_bonus":"THREE_ENEMY_KILL","is_daily":false,"chose_seed":false,"campfire_upgraded":2,"win_rate":0.0,"timestamp":1609901916,"path_taken":["M","?","M","?","?","E","?","M","T","?","?","R","M","?","R","BOSS","M","?","?","?","M","R","M","M","T","?","M","M","$","?","R","BOSS"],"items_purchased_type":["Card","Card","Card"],"build_version":"2020-12-22","purchased_purges":1,"victory":false,"max_hp_per_floor":[80,80,80,80,80,80,80,80,80,80,80,80,80,80,80,80,80,80,80,80,80,80,80,80,80,80,80,80,80,80,80,80,80,80],"relic_stats":{"counters":[19,77],"obtain_stats":[{"Anchor":9,"Lantern":26,"HornCleat":4,"NeowsBlessing":0,"Fusion Hammer":17,"Red Mask":21,"Frozen Egg 2":6,"Burning Blood":0,"Meat on the Bone":5},{"Anchor":5,"Lantern":15,"HornCleat":2,"NeowsBlessing":0,"Fusion Hammer":8,"Red Mask":12,"Frozen Egg 2":3,"Burning Blood":0,"Meat on the Bone":2},{"Anchor":9,"Lantern":59,"HornCleat":2,"NeowsBlessing":0,"Fusion Hammer":24,"Red Mask":42,"Frozen Egg 2":3,"Burning Blood":0,"Meat on the Bone":2}],"Burning Blood":100,"Meat on the Bone":48},"card_choices":[{"not_picked":["Headbutt","Twin Strike"],"picked":"Clash","floor":1.0},{"not_picked":["Flex","Anger","Shrug It Off"],"picked":"SKIP","floor":3.0},{"not_picked":["Disarm","Burning Pact"],"picked":"Carnage","floor":6.0},{"not_picked":["Headbutt","Reckless Charge"],"picked":"Dark Embrace+1","floor":7.0},{"not_picked":["Havoc","Shockwave","Armaments"],"picked":"SKIP","floor":8.0},{"not_picked":["Metallicize+1","Pommel Strike"],"picked":"Reckless Charge","floor":11.0},{"not_picked":["Infernal Blade","Dropkick","Perfected Strike"],"picked":"SKIP","floor":13.0},{"not_picked":["Corruption+1","Bludgeon"],"picked":"Brutality+1","floor":16.0},{"not_picked":["Havoc+1","Sever Soul"],"picked":"Pommel Strike","floor":18.0},{"not_picked":["Headbutt+1","Evolve+1","Perfected Strike+1"],"picked":"SKIP","floor":19.0},{"not_picked":["Flex+1","Body Slam"],"picked":"Dual Wield+1","floor":20.0},{"not_picked":["Body Slam+1","Wild Strike","Feed"],"picked":"SKIP","floor":22.0},{"not_picked":["Fire Breathing+1","Perfected Strike+1","Dual Wield+1"],"picked":"SKIP","floor":24.0},{"not_picked":["Clothesline","Anger"],"picked":"True Grit","floor":25.0},{"not_picked":["Clothesline","Body Slam"],"picked":"Battle Trance","floor":28.0},{"not_picked":["Double Tap","Iron Wave","Armaments"],"picked":"SKIP","floor":29.0},{"not_picked":["Twin Strike","Clothesline","Body Slam"],"picked":"SKIP","floor":31.0}],"player_experience":46603,"relics_obtained":[{"floor":5.0,"key":"Meat on the Bone"},{"floor":6.0,"key":"Frozen Egg 2"},{"floor":9.0,"key":"Anchor"},{"floor":21.0,"key":"Red Mask"},{"floor":26.0,"key":"Lantern"}],"event_choices":[{"damage_healed":0.0,"max_hp_gain":0.0,"max_hp_loss":0.0,"gold_gain":0.0,"event_name":"Shining Light","player_choice":"Ignored","floor":2.0,"gold_loss":0.0,"damage_taken":0.0},{"damage_healed":0.0,"max_hp_gain":0.0,"max_hp_loss":0.0,"gold_gain":0.0,"event_name":"Scrap Ooze","player_choice":"Success","floor":4.0,"gold_loss":0.0,"damage_taken":33.0,"relics_obtained":["HornCleat"]},{"damage_healed":0.0,"max_hp_gain":0.0,"max_hp_loss":0.0,"gold_gain":100.0,"event_name":"Golden Shrine","player_choice":"Pray","floor":10.0,"gold_loss":0.0,"damage_taken":0.0},{"damage_healed":0.0,"max_hp_gain":0.0,"max_hp_loss":0.0,"gold_gain":0.0,"event_name":"Lab","player_choice":"Got Potions","floor":14.0,"gold_loss":0.0,"damage_taken":0.0},{"damage_healed":0.0,"max_hp_gain":0.0,"max_hp_loss":0.0,"gold_gain":0.0,"event_name":"Masked Bandits","player_choice":"Fought Bandits","floor":21.0,"gold_loss":0.0,"damage_taken":0.0},{"cards_removed":["Strike_R"],"damage_healed":0.0,"max_hp_gain":0.0,"max_hp_loss":0.0,"gold_gain":0.0,"event_name":"Designer","player_choice":"Single Remove","floor":27.0,"gold_loss":60.0,"damage_taken":0.0}],"is_beta":false,"boss_relics":[{"not_picked":["Sozu","Calling Bell"],"picked":"Fusion Hammer"}],"items_purged_floors":[30],"is_endless":false,"potions_floor_spawned":[6,8,16,19,20,22,24,28],"killed_by":"Automaton","ascension_level":8}}