{"host":"6gnjg44wf0nz538o","time":1609903744,"event":{"mods":["AchievementEnabler","BaseMod","BetterRewards","Colored Map","Minty Spire (QoL Compilation)","Replay The Spire","Spicy Shops","StSLib","The Servant 0.9.4"],"gold_per_floor":[111,28,38,38,55,55,87,9,62,62,77,90,102,122,122,122,122],"floor_reached":16,"playtime":414,"items_purged":[],"score":182,"play_id":"a7cd7c49-ece9-4ff0-8448-6114f1ff25a0","local_time":"20210105222904","is_ascension_mode":true,"campfire_choices":[{"data":"Bash","floor":6,"key":"SMITH"},{"floor":10,"key":"REST"},{"floor":15,"key":"REST"}],"circlet_count":0,"master_deck":["AscendersBane","Strike_R","Strike_R","Strike_R","Strike_R","Strike_R","Defend_R","Defend_R","Defend_R","Defend_R","Bash+1","Metallicize","Metallicize+1","Inflame"],"relics":["Burning Blood","NeowsBlessing","Anchor","Regal Pillow","Question Card","Vajra"],"acts_visited":["Exordium"],"potions_floor_usage":[7,16],"damage_taken":[{"damage":0,"enemies":"Cultist","floor":1,"turns":1},{"damage":0,"enemies":"Jaw Worm","floor":3,"turns":1},{"damage":0,"enemies":"2 Louse","floor":5,"turns":1},{"damage":74,"enemies":"Lagavulin","floor":7,"turns":9},{"damage":16,"enemies":"2 Fungi Beasts","floor":11,"turns":4},{"damage":1,"enemies":"3 Louse","floor":12,"turns":4},{"damage":4,"enemies":"Exordium Wildlife","floor":13,"turns":5},{"damage":0,"enemies":"Looter","floor":14,"turns":4},{"damage":95,"enemies":"Fading Forest","floor":16,"turns":9}],"seed_played":"-2390526003627457551","potions_obtained":[{"floor":3,"key":"ColorlessPotion"},{"floor":5,"key":"PowerPotion"},{"floor":14,"key":"Milkshake"}],"is_trial":false,"path_per_floor":["M","?","M","T","M","R","E","$","T","R","M","M","M","M","R","B"],"character_chosen":"IRONCLAD","items_purchased":["Metallicize+1"],"campfire_rested":2,"item_purchase_floors":[8],"current_hp_per_floor":[74,74,75,75,75,75,7,7,7,44,34,39,41,47,75,0,0],"gold":122,"neow_bonus":"THREE_ENEMY_KILL","is_daily":false,"chose_seed":false,"campfire_upgraded":1,"win_rate":0.0,"timestamp":1609903744,"path_taken":["M","?","?","?","M","R","E","?","T","R","M","?","?","M","R","BOSS"],"items_purchased_type":["Card"],"build_version":"2020-12-22","purchased_purges":0,"victory":false,"max_hp_per_floor":[75,75,75,75,75,75,75,75,75,75,75,75,75,75,75,75,75],"card_choices":[{"not_picked":["Wild Strike","Ghostly Armor","Rage"],"picked":"SKIP","floor":1},{"not_picked":["Armaments","Combust","Sentinel"],"picked":"SKIP","floor":3},{"not_picked":["Body Slam","Wild Strike","Clothesline"],"picked":"SKIP","floor":5},{"not_picked":["Life Link","Thunderclap"],"picked":"Metallicize","floor":7},{"not_picked":["Thunderclap","ReplayTheSpireMod:Strike From Hell","Run Through"],"picked":"Inflame","floor":11},{"not_picked":["Pommel Strike","Wild Strike","Dual Wield","Shrug It Off"],"picked":"SKIP","floor":12},{"not_picked":["ReplayTheSpireMod:Muscle Training","Berserk","Armaments","Body Slam"],"picked":"SKIP","floor":13},{"not_picked":["Shrug It Off","Hemokinesis","Armaments","Iron Wave"],"picked":"SKIP","floor":14}],"player_experience":520991,"relics_obtained":[{"floor":4,"key":"Regal Pillow"},{"floor":7,"key":"Question Card"},{"floor":9,"key":"Vajra"}],"event_choices":[{"damage_healed":0,"gold_gain":0,"player_choice":"Paid Gold","damage_taken":0,"relics_obtained":["Anchor"],"max_hp_gain":0,"max_hp_loss":0,"event_name":"WeMeetAgain","floor":2,"gold_loss":83}],"is_beta":false,"boss_relics":[],"items_purged_floors":[],"is_endless":false,"potions_floor_spawned":[3,5,14],"killed_by":"Fading Forest","ascension_level":15}}