{"host":"dmdprxj8bosbz96f","time":1609944544,"event":{"mods":["AchievementEnabler","BaseMod","Colored Map","DeckTracker","Minty Spire (QoL Compilation)","Quick Restart","SuperFastMode","everything is the same but u backflip on backflip"],"gold_per_floor":[115,65,65,17,17,47,65,77,124,138,183,31,31,48,48,151,151,163,51,51,51,71,71,71,71],"floor_reached":24,"playtime":734,"items_purged":["Defend_G"],"score":274,"play_id":"9b910cb1-481f-49eb-b229-49b9ce9cdb48","local_time":"20210106234904","is_ascension_mode":true,"campfire_choices":[{"floor":13,"key":"REST"},{"floor":15,"key":"REST"},{"floor":23,"key":"REST"}],"circlet_count":0,"master_deck":["Strike_G","Strike_G","Strike_G","Strike_G","Strike_G","Defend_G","Survivor","Neutralize","Acrobatics","Prepared","Prepared","Outmaneuver","Noxious Fumes","Dagger Throw","Blur","Skewer","Backflip","Eviscerate","Burst","Deflect","Catalyst","Well Laid Plans","Eviscerate","Deadly Poison"],"relics":["Ring of the Snake","NeowsBlessing","Vajra","Dream Catcher","Omamori","Sozu","Bag of Marbles"],"acts_visited":["Exordium","TheCity"],"potions_floor_usage":[8,16,22],"damage_taken":[{"damage":0,"enemies":"Small Slimes","floor":1,"turns":1},{"damage":0,"enemies":"Lagavulin","floor":6,"turns":1},{"damage":0,"enemies":"2 Louse","floor":7,"turns":1},{"damage":5,"enemies":"Jaw Worm","floor":8,"turns":5},{"damage":11,"enemies":"Looter","floor":10,"turns":3},{"damage":13,"enemies":"Large Slime","floor":14,"turns":4},{"damage":56,"enemies":"Hexaghost","floor":16,"turns":9},{"damage":18,"enemies":"3 Byrds","floor":18,"turns":6},{"damage":5,"enemies":"Spheric Guardian","floor":22,"turns":5},{"damage":49,"enemies":"Book of Stabbing","floor":24,"turns":4}],"seed_played":"-808658818435733777","potions_obtained":[{"floor":6,"key":"LiquidMemories"},{"floor":7,"key":"Weak Potion"},{"floor":16,"key":"Swift Potion"}],"is_trial":false,"path_per_floor":["M","?","?","$","?","E","M","M","T","M","T","$","R","M","R","B",null,"M","$","?","?","M","R","E"],"character_chosen":"THE_SILENT","items_purchased":["Prepared","Blur","Catalyst","Well Laid Plans"],"campfire_rested":3,"item_purchase_floors":[4,12,19,19],"current_hp_per_floor":[70,70,70,70,63,63,63,58,58,47,47,47,68,55,70,14,56,38,38,38,32,27,48,0,0],"gold":71,"neow_bonus":"THREE_ENEMY_KILL","is_daily":false,"chose_seed":false,"campfire_upgraded":0,"win_rate":0.0,"timestamp":1609944544,"path_taken":["M","?","?","$","?","E","M","M","T","M","?","$","R","M","R","BOSS","M","$","?","?","?","R","E"],"items_purchased_type":["Card","Card","Card","Card"],"build_version":"2020-12-22","purchased_purges":1,"victory":false,"max_hp_per_floor":[70,70,70,70,70,70,70,70,70,70,70,70,70,70,70,70,70,70,70,70,70,70,70,70,70],"card_choices":[{"not_picked":["Quick Slash","Escape Plan"],"picked":"Acrobatics","floor":1},{"not_picked":["Underhanded Strike","Flying Knee"],"picked":"Prepared","floor":6},{"not_picked":["Poisoned Stab","Finisher"],"picked":"Outmaneuver","floor":7},{"not_picked":["Acrobatics","Finisher"],"picked":"Noxious Fumes","floor":8},{"not_picked":["Well Laid Plans","Acrobatics"],"picked":"Dagger Throw","floor":10},{"not_picked":["Glass Knife","Underhanded Strike"],"picked":"Skewer","floor":13},{"not_picked":["Outmaneuver","Caltrops"],"picked":"Backflip","floor":14},{"not_picked":["Well Laid Plans","Backflip"],"picked":"Eviscerate","floor":15},{"not_picked":["Glass Knife","Doppelganger"],"picked":"Burst","floor":16},{"not_picked":["Distraction","Endless Agony"],"picked":"Deflect","floor":18},{"not_picked":["Cloak And Dagger","Heel Hook"],"picked":"Eviscerate","floor":22},{"not_picked":["Distraction+1","Sucker Punch"],"picked":"Deadly Poison","floor":23}],"player_experience":169415,"relics_obtained":[{"floor":6,"key":"Vajra"},{"floor":9,"key":"Dream Catcher"},{"floor":11,"key":"Omamori"}],"event_choices":[{"cards_removed":["Defend_G"],"damage_healed":0,"gold_gain":0,"player_choice":"Card Removal","damage_taken":0,"max_hp_gain":0,"max_hp_loss":0,"event_name":"The Cleric","floor":2,"gold_loss":50},{"cards_removed":["Defend_G"],"damage_healed":0,"gold_gain":0,"player_choice":"Forget","damage_taken":0,"max_hp_gain":0,"max_hp_loss":0,"event_name":"Living Wall","floor":3,"gold_loss":0},{"cards_removed":["Defend_G"],"damage_healed":0,"gold_gain":0,"player_choice":"Card Removal","damage_taken":7,"max_hp_gain":0,"max_hp_loss":0,"event_name":"Golden Wing","floor":5,"gold_loss":0},{"damage_healed":0,"gold_gain":0,"player_choice":"Opened","damage_taken":0,"relics_obtained":["Bag of Marbles"],"max_hp_gain":0,"max_hp_loss":0,"event_name":"The Mausoleum","floor":20,"gold_loss":0},{"damage_healed":0,"gold_gain":0,"player_choice":"","damage_taken":6,"max_hp_gain":0,"max_hp_loss":0,"event_name":"Knowing Skull","floor":21,"potions_obtained":[],"gold_loss":0,"cards_obtained":[]}],"is_beta":false,"boss_relics":[{"not_picked":["Velvet Choker","WristBlade"],"picked":"Sozu"}],"items_purged_floors":[12],"is_endless":false,"potions_floor_spawned":[6,7,16],"killed_by":"Book of Stabbing","ascension_level":5}}