{"host":"chewie","time":1609966170,"event":{"mods":["AchievementEnabler","BaseMod","Bestiary","Colored Map","Keyboard Shortcuts","Minty Spire (QoL Compilation)","Relic Stats","StSLib"],"gold_per_floor":[113,123,123,48,48,81,81,117,142,183,201,221,221,120,120,120,120],"floor_reached":16,"playtime":1275,"items_purged":["Regret"],"score":286,"play_id":"64202856-5d3b-41a7-8354-05b830c15834","local_time":"20210106214930","is_ascension_mode":true,"campfire_choices":[{"data":"Skewer","floor":7,"key":"SMITH"},{"data":"Well Laid Plans","floor":13,"key":"SMITH"},{"data":"Underhanded Strike","floor":15,"key":"SMITH"}],"circlet_count":0,"master_deck":["AscendersBane","Strike_G","Strike_G","Strike_G","Strike_G","Strike_G","Defend_G","Defend_G+1","Defend_G+1","Defend_G","Defend_G","Survivor","Neutralize","Skewer+1","Dagger Throw","Underhanded Strike+1","Backstab","Well Laid Plans+1","Footwork","Backflip"],"relics":["Ring of the Snake","NeowsBlessing","Strawberry","Golden Idol","War Paint","Gambling Chip","Regal Pillow","InkBottle","Meat on the Bone"],"acts_visited":[],"potions_floor_usage":[8,10],"damage_taken":[{"damage":0,"enemies":"2 Louse","floor":1,"turns":1},{"damage":0,"enemies":"Small Slimes","floor":2,"turns":1},{"damage":0,"enemies":"Lagavulin","floor":6,"turns":1},{"damage":9,"enemies":"3 Sentries","floor":8,"turns":8},{"damage":15,"enemies":"Lagavulin","floor":10,"turns":5},{"damage":0,"enemies":"Cultist","floor":11,"turns":2},{"damage":0,"enemies":"3 Louse","floor":12,"turns":2},{"damage":56,"enemies":"Slime Boss","floor":16,"turns":7}],"seed_played":"2366384770922549523","potions_obtained":[{"floor":1,"key":"AttackPotion"},{"floor":2,"key":"SteroidPotion"}],"is_trial":false,"path_per_floor":["M","M","?","$","?","E","R","E","T","E","M","M","R","?","R","B"],"character_chosen":"THE_SILENT","items_purchased":[],"campfire_rested":0,"item_purchase_floors":[],"current_hp_per_floor":[59,59,66,66,66,66,66,57,57,42,42,42,42,42,42,0,0],"gold":120,"neow_bonus":"THREE_ENEMY_KILL","is_daily":false,"chose_seed":false,"campfire_upgraded":3,"win_rate":0.0,"timestamp":1609966170,"path_taken":["M","M","?","$","?","E","R","E","T","E","M","M","R","?","R","BOSS"],"items_purchased_type":[],"build_version":"2020-12-18","purchased_purges":1,"victory":false,"max_hp_per_floor":[66,66,73,73,66,66,66,66,66,66,66,66,66,66,66,66,66],"relic_stats":{"Regal Pillow":0,"counters":[8,27],"Golden Idol":30,"Gambling Chip":[18],"War Paint":["Defend_G","Defend_G"],"obtain_stats":[{"Regal Pillow":9,"NeowsBlessing":0,"Golden Idol":5,"Strawberry":3,"Gambling Chip":8,"War Paint":6,"InkBottle":10,"Ring of the Snake":0,"Meat on the Bone":14},{"Regal Pillow":4,"NeowsBlessing":0,"Golden Idol":2,"Strawberry":2,"Gambling Chip":4,"War Paint":3,"InkBottle":5,"Ring of the Snake":0,"Meat on the Bone":7},{"Regal Pillow":11,"NeowsBlessing":0,"Golden Idol":2,"Strawberry":2,"Gambling Chip":11,"War Paint":3,"InkBottle":16,"Ring of the Snake":0,"Meat on the Bone":20}],"InkBottle":[3],"Ring of the Snake":[16],"Meat on the Bone":0},"card_choices":[{"not_picked":["Deadly Poison","Terror"],"picked":"Skewer","floor":1},{"not_picked":["Deadly Poison","Heel Hook"],"picked":"Dagger Throw","floor":2},{"not_picked":["Masterful Stab","Calculated Gamble"],"picked":"Underhanded Strike","floor":6},{"not_picked":["Bouncing Flask","Flying Knee"],"picked":"Backstab","floor":8},{"not_picked":["Masterful Stab","PiercingWail"],"picked":"Well Laid Plans","floor":10},{"not_picked":["Dodge and Roll","Cloak And Dagger"],"picked":"Footwork","floor":11},{"not_picked":["Outmaneuver","Catalyst"],"picked":"Backflip","floor":12}],"player_experience":1187866,"relics_obtained":[{"floor":6,"key":"War Paint"},{"floor":8,"key":"Gambling Chip"},{"floor":9,"key":"Regal Pillow"},{"floor":10,"key":"InkBottle"}],"event_choices":[{"damage_healed":0,"gold_gain":0,"player_choice":"Box","damage_taken":0,"relics_obtained":["Strawberry"],"max_hp_gain":0,"max_hp_loss":0,"event_name":"Big Fish","floor":3,"gold_loss":0,"cards_obtained":["Regret"]},{"damage_healed":0,"gold_gain":0,"player_choice":"Lose Max HP","damage_taken":0,"relics_obtained":["Golden Idol"],"max_hp_gain":0,"max_hp_loss":7,"event_name":"Golden Idol","floor":5,"gold_loss":0},{"damage_healed":0,"gold_gain":0,"player_choice":"Paid Gold","damage_taken":0,"relics_obtained":["Meat on the Bone"],"max_hp_gain":0,"max_hp_loss":0,"event_name":"WeMeetAgain","floor":14,"gold_loss":101}],"is_beta":true,"boss_relics":[],"items_purged_floors":[4],"is_endless":false,"potions_floor_spawned":[1,2],"killed_by":"Slime Boss","ascension_level":20}}