{"host":"Qube","time":1609908781,"event":{"mods":["AchievementEnabler","BaseMod","Colored Map","Colored Powertips","Minty Spire (QoL Compilation)","Quick Restart","Random Character Button","StSLib"],"gold_per_floor":[119,119,129,145,195,220,220,248,248,262,292,292,326,342,342,418,418,436,436,450,465,390,390,416,416,416,447,8,8,8,23,23,102,102,113,168,168,179,192,192,192],"floor_reached":40,"playtime":1638,"items_purged":[],"score":863,"play_id":"dca112b7-5623-4ba2-9b34-98d511440c76","local_time":"20210105205301","is_ascension_mode":true,"campfire_choices":[{"data":"True Grit","floor":7.0,"key":"SMITH"},{"data":"Bludgeon","floor":12.0,"key":"SMITH"},{"data":"Berserk","floor":15.0,"key":"SMITH"},{"data":"Wild Strike","floor":23.0,"key":"SMITH"},{"floor":25.0,"key":"REST"},{"data":"Perfected Strike","floor":30.0,"key":"SMITH"},{"data":"Perfected Strike","floor":32.0,"key":"SMITH"}],"circlet_count":0,"master_deck":["AscendersBane","Strike_R","Strike_R+1","Strike_R","Strike_R","Strike_R","Defend_R+1","Defend_R+1","Bash","Wild Strike+1","Perfected Strike","Perfected Strike+1","True Grit+1","Perfected Strike+1","Bludgeon+1","True Grit+1","Berserk+1","Warcry","Fiend Fire+1","Headbutt+1","Pommel Strike+1","Armaments+1","Parasite","Wild Strike+1","Blood for Blood+1","Twin Strike+1","Feed+1","Burning Pact+1","Perfected Strike+1","Pommel Strike+1"],"relics":["Burning Blood","Regal Pillow","Thread and Needle","White Beast Statue","Molten Egg 2","Bag of Preparation","Cursed Key","Toxic Egg 2","War Paint","MawBank","Bag of Marbles","Strange Spoon","Nunchaku","Calling Bell","Tiny Chest","Matryoshka","Calipers","FossilizedHelix"],"acts_visited":["Exordium","TheCity","TheBeyond"],"potions_floor_usage":[40,40],"damage_taken":[{"damage":9.0,"enemies":"Jaw Worm","floor":1.0,"turns":5.0},{"damage":0.0,"enemies":"Cultist","floor":3.0,"turns":3.0},{"damage":0.0,"enemies":"Small Slimes","floor":4.0,"turns":2.0},{"damage":24.0,"enemies":"Gremlin Nob","floor":6.0,"turns":4.0},{"damage":16.0,"enemies":"3 Sentries","floor":8.0,"turns":8.0},{"damage":1.0,"enemies":"Red Slaver","floor":10.0,"turns":4.0},{"damage":0.0,"enemies":"Gremlin Nob","floor":11.0,"turns":2.0},{"damage":13.0,"enemies":"3 Sentries","floor":13.0,"turns":6.0},{"damage":0.0,"enemies":"Blue Slaver","floor":14.0,"turns":4.0},{"damage":16.0,"enemies":"Hexaghost","floor":16.0,"turns":8.0},{"damage":0.0,"enemies":"Chosen","floor":18.0,"turns":3.0},{"damage":26.0,"enemies":"3 Byrds","floor":20.0,"turns":5.0},{"damage":0.0,"enemies":"Sentry and Sphere","floor":21.0,"turns":3.0},{"damage":33.0,"enemies":"Slavers","floor":24.0,"turns":5.0},{"damage":26.0,"enemies":"Gremlin Leader","floor":27.0,"turns":6.0},{"damage":0.0,"enemies":"Centurion and Healer","floor":31.0,"turns":4.0},{"damage":38.0,"enemies":"Collector","floor":33.0,"turns":6.0},{"damage":2.0,"enemies":"3 Shapes","floor":35.0,"turns":5.0},{"damage":50.0,"enemies":"2 Orb Walkers","floor":36.0,"turns":4.0},{"damage":0.0,"enemies":"Orb Walker","floor":38.0,"turns":2.0},{"damage":0.0,"enemies":"3 Darklings","floor":39.0,"turns":2.0},{"damage":24,"enemies":"Reptomancer","floor":40,"turns":3}],"seed_played":"3874904720884718421","potions_obtained":[{"floor":3.0,"key":"FearPotion"},{"floor":4.0,"key":"SkillPotion"},{"floor":8.0,"key":"Energy Potion"},{"floor":10.0,"key":"SpeedPotion"},{"floor":11.0,"key":"ElixirPotion"},{"floor":13.0,"key":"SteroidPotion"},{"floor":16.0,"key":"SneckoOil"},{"floor":18.0,"key":"Energy Potion"},{"floor":20.0,"key":"LiquidBronze"},{"floor":21.0,"key":"LiquidMemories"},{"floor":24.0,"key":"CultistPotion"},{"floor":27.0,"key":"Swift Potion"},{"floor":31.0,"key":"Strength Potion"},{"floor":33.0,"key":"BlessingOfTheForge"},{"floor":35.0,"key":"ElixirPotion"},{"floor":36.0,"key":"Energy Potion"},{"floor":38.0,"key":"Energy Potion"},{"floor":39.0,"key":"PowerPotion"}],"is_trial":false,"path_per_floor":["M","?","M","M","?","E","R","E","T","M","E","R","E","M","R","B",null,"M","?","M","M","?","R","E","R","T","E","$","?","R","M","R","B",null,"M","?","?","M","M","E"],"character_chosen":"IRONCLAD","items_purchased":["Bag of Marbles","Strange Spoon","Nunchaku"],"campfire_rested":1,"item_purchase_floors":[28,28,28],"current_hp_per_floor":[72,47,53,59,51,33,33,23,23,28,34,34,27,33,33,23,67,73,73,53,59,59,59,32,71,71,51,51,51,51,57,57,25,68,76,36,36,42,48,24,24],"gold":192,"neow_bonus":"TEN_PERCENT_HP_BONUS","is_daily":false,"chose_seed":false,"campfire_upgraded":6,"win_rate":0.0,"timestamp":1609908781,"path_taken":["M","?","M","M","?","E","R","E","T","?","E","R","E","M","R","BOSS","M","?","M","M","?","R","E","R","T","E","$","?","R","?","R","BOSS","M","?","?","M","?","E"],"items_purchased_type":["Relic","Relic","Relic"],"build_version":"2020-12-18","purchased_purges":0,"victory":false,"max_hp_per_floor":[82,82,82,82,82,82,82,82,82,82,82,82,82,82,82,82,82,82,82,82,82,82,82,82,82,82,82,82,82,82,82,82,82,82,86,90,90,90,90,90,90],"card_choices":[{"not_picked":["Shrug It Off","Burning Pact"],"picked":"Wild Strike","floor":1.0},{"not_picked":["Blood for Blood","True Grit"],"picked":"Perfected Strike","floor":3.0},{"not_picked":["Heavy Blade","Armaments"],"picked":"Perfected Strike","floor":4.0},{"not_picked":["Clash","Sword Boomerang"],"picked":"True Grit","floor":6.0},{"not_picked":["Bloodletting","Thunderclap"],"picked":"Perfected Strike","floor":8.0},{"not_picked":["Armaments","Heavy Blade"],"picked":"Bludgeon","floor":10.0},{"not_picked":["Heavy Blade+1","Sentinel"],"picked":"True Grit","floor":11.0},{"not_picked":["Power Through","Havoc"],"picked":"Berserk","floor":13.0},{"not_picked":["Carnage+1","Burning Pact"],"picked":"Warcry","floor":14.0},{"not_picked":["Impervious","Feed+1"],"picked":"Fiend Fire+1","floor":16.0},{"not_picked":["Rage","Cleave+1"],"picked":"Headbutt+1","floor":18.0},{"not_picked":["Body Slam+1","Combust","Clash+1"],"picked":"SKIP","floor":20.0},{"not_picked":["Evolve+1","Infernal Blade+1"],"picked":"Pommel Strike+1","floor":21.0},{"not_picked":["Searing Blow+1","Heavy Blade+1"],"picked":"Armaments+1","floor":24.0},{"not_picked":["Warcry+1","Heavy Blade+1"],"picked":"Wild Strike+1","floor":27.0},{"not_picked":["Whirlwind+1","Warcry+1"],"picked":"Twin Strike+1","floor":31.0},{"not_picked":["Berserk","Exhume+1"],"picked":"Feed+1","floor":33.0},{"not_picked":["Ghostly Armor+1","Armaments+1"],"picked":"Burning Pact+1","floor":35.0},{"not_picked":["Pommel Strike+1","Thunderclap+1"],"picked":"Perfected Strike+1","floor":38.0},{"not_picked":["Havoc+1","Armaments+1"],"picked":"Pommel Strike+1","floor":39.0}],"player_experience":806830,"relics_obtained":[{"floor":6.0,"key":"Regal Pillow"},{"floor":8.0,"key":"Thread and Needle"},{"floor":9.0,"key":"White Beast Statue"},{"floor":11.0,"key":"Molten Egg 2"},{"floor":13.0,"key":"Bag of Preparation"},{"floor":24.0,"key":"Toxic Egg 2"},{"floor":26.0,"key":"War Paint"},{"floor":27.0,"key":"MawBank"},{"floor":34.0,"key":"Tiny Chest"},{"floor":34.0,"key":"Matryoshka"},{"floor":34.0,"key":"Calipers"},{"floor":36.0,"key":"FossilizedHelix"}],"event_choices":[{"damage_healed":0.0,"max_hp_gain":0.0,"max_hp_loss":0.0,"gold_gain":0.0,"event_name":"Shining Light","player_choice":"Entered Light","floor":2.0,"gold_loss":0.0,"damage_taken":25.0,"cards_upgraded":["Defend_R","Strike_R"]},{"damage_healed":0.0,"max_hp_gain":0.0,"max_hp_loss":0.0,"gold_gain":50.0,"event_name":"FaceTrader","player_choice":"Touch","floor":5.0,"gold_loss":0.0,"damage_taken":8.0},{"damage_healed":0.0,"max_hp_gain":0.0,"max_hp_loss":0.0,"gold_gain":0.0,"event_name":"Vampires","player_choice":"Ignored","floor":19.0,"gold_loss":0.0,"damage_taken":0.0},{"cards_removed":["Defend_R"],"damage_healed":0.0,"max_hp_gain":0.0,"max_hp_loss":0.0,"gold_gain":0.0,"event_name":"Beggar","player_choice":"Gave Gold","floor":22.0,"gold_loss":75.0,"damage_taken":0.0},{"damage_healed":0.0,"max_hp_gain":0.0,"max_hp_loss":0.0,"gold_gain":0.0,"cards_transformed":["Defend_R"],"event_name":"Transmorgrifier","player_choice":"Transformed","floor":29.0,"gold_loss":0.0,"damage_taken":0.0,"cards_obtained":["Blood for Blood"]},{"damage_healed":0.0,"max_hp_gain":0.0,"max_hp_loss":0.0,"gold_gain":0.0,"event_name":"Mysterious Sphere","player_choice":"Fight","floor":36.0,"gold_loss":0.0,"damage_taken":0.0},{"damage_healed":0.0,"max_hp_gain":0.0,"max_hp_loss":0.0,"gold_gain":0.0,"event_name":"Tomb of Lord Red Mask","player_choice":"Ignored","floor":37.0,"gold_loss":0.0,"damage_taken":0.0}],"is_beta":true,"boss_relics":[{"not_picked":["Empty Cage","Runic Cube"],"picked":"Cursed Key"},{"not_picked":["Busted Crown","Mark of Pain"],"picked":"Calling Bell"}],"items_purged_floors":[],"is_endless":false,"potions_floor_spawned":[3,4,8,10,11,13,14,16,18,20,21,24,27,31,33,35,36,38,39],"killed_by":"Reptomancer","ascension_level":15}}