{"host":"wppa8gky53tnknhf","time":1609932686,"event":{"mods":["AchievementEnabler","Act Like it!","BaseMod","Beaked The Cultist","Better Third Choice","BetterRewards","Card Forge","Colored Powertips","Energized Spire","Hubris","Infinite Spire","Marked Mod","Minty Spire (QoL Compilation)","Permanent Neow","Quick Restart","Rare Cards Sparkle","Relic Stats","Remove Card Discount Mod","Replay The Spire","Spikes Relics","Spire Birthday Party","StSLib"],"gold_per_floor":[116,131,141,141,158,190,190,220,220,253,263,273,301,317,317,420,420,393,407,419,433,433,433,433],"floor_reached":23,"playtime":790,"items_purged":[],"score":238,"play_id":"c8069de3-9cd9-4935-8bf2-f1f105330dc5","local_time":"20210106113126","is_ascension_mode":true,"campfire_choices":[{"floor":7.0,"key":"REST"},{"floor":15.0,"key":"RECALL"}],"circlet_count":0,"master_deck":["beaked:Strike_Y+1","beaked:Strike_Y+1","beaked:Strike_Y+1","beaked:Strike_Y+1","beaked:Strike_Y+1","beaked:Strike_Y+1","beaked:Defend_Y+1","beaked:Defend_Y+1","beaked:Defend_Y+1","beaked:Defend_Y+1","beaked:Ceremony+1","beaked:Ceremony+1","beaked:Ceremony+1","beaked:ScreechingChant+1","beaked:Brace+1","beaked:Ceremony+1","beaked:Foresight+1","beaked:MimicHuntress+1","beaked:Evade+1","beaked:Foresight+1","beaked:Hexing+1","Limit Break+1","beaked:MimicMachine+1","beaked:BloodRitual+1","beaked:WarriorEssence+1"],"relics":["beaked:MendingPlumage","Hammer of Thor","Seething Fire","Anvil of the Gods","Letter Opener","Shovel","Happy Flower","Replay:Baseball","beaked:SacredDeck","hubris:Icosahedron"],"acts_visited":["Exordium","TheCity"],"potions_floor_usage":[],"damage_taken":[{"damage":0.0,"enemies":"2 Louse","floor":1.0,"turns":2.0},{"damage":1.0,"enemies":"Cultist","floor":2.0,"turns":4.0},{"damage":17.0,"enemies":"Jaw Worm","floor":3.0,"turns":4.0},{"damage":18.0,"enemies":"Exordium Wildlife","floor":5.0,"turns":4.0},{"damage":19.0,"enemies":"Gremlin Nob","floor":6.0,"turns":4.0},{"damage":22.0,"enemies":"3 Sentries","floor":8.0,"turns":8.0},{"damage":24.0,"enemies":"Lagavulin","floor":10.0,"turns":6.0},{"damage":17.0,"enemies":"Gremlin Gang","floor":11.0,"turns":5.0},{"damage":8.0,"enemies":"Red Slaver","floor":12.0,"turns":4.0},{"damage":29.0,"enemies":"Gremlin Nob","floor":13.0,"turns":5.0},{"damage":0.0,"enemies":"Looter","floor":14.0,"turns":3.0},{"damage":27.0,"enemies":"Slime Boss","floor":16.0,"turns":7.0},{"damage":35.0,"enemies":"2 Thieves","floor":18.0,"turns":5.0},{"damage":44.0,"enemies":"Chosen","floor":19.0,"turns":8.0},{"damage":16.0,"enemies":"Snecko","floor":20.0,"turns":5.0},{"damage":30.0,"enemies":"Sentry and Sphere","floor":21.0,"turns":5.0},{"damage":0,"enemies":"Book of Stabbing","floor":23,"turns":1}],"seed_played":"7513333828278791422","potions_obtained":[{"floor":1.0,"key":"Block Potion"},{"floor":2.0,"key":"GamblersBrew"},{"floor":5.0,"key":"GamblersBrew"},{"floor":12.0,"key":"Adrenaline Potion"},{"floor":21.0,"key":"SpeedPotion"}],"is_trial":false,"path_per_floor":["M","M","M","?","M","E","R","E","T","E","M","M","E","M","R","B",null,"M","M","M","M","?","E"],"character_chosen":"BEAKED_THE_CULTIST","items_purchased":[],"campfire_rested":1,"item_purchase_floors":[],"current_hp_per_floor":[50,50,39,39,30,23,38,36,36,27,27,30,12,24,24,20,50,31,9,15,2,2,2,2],"gold":433,"neow_bonus":"THREE_RARE_CARDS","is_daily":false,"chose_seed":false,"campfire_upgraded":0,"win_rate":0.0,"timestamp":1609932686,"path_taken":["M","M","M","?","M","E","R","E","T","E","M","M","E","M","R","BOSS","M","M","M","M","?","E"],"items_purchased_type":[],"build_version":"2020-12-22","purchased_purges":0,"victory":false,"max_hp_per_floor":[50,50,50,50,50,50,50,50,50,50,50,50,50,50,50,50,50,50,50,50,50,50,50,50],"relic_stats":{"Shovel":0,"Happy Flower":[16],"counters":[17,80],"Letter Opener":[105],"obtain_stats":[{"Replay:Baseball":13,"Shovel":8,"hubris:Icosahedron":22,"Happy Flower":10,"Anvil of the Gods":0,"beaked:SacredDeck":17,"Hammer of Thor":0,"Seething Fire":0,"Letter Opener":6,"beaked:MendingPlumage":0},{"Replay:Baseball":10,"Shovel":6,"hubris:Icosahedron":16,"Happy Flower":7,"Anvil of the Gods":0,"beaked:SacredDeck":12,"Hammer of Thor":0,"Seething Fire":0,"Letter Opener":5,"beaked:MendingPlumage":0},{"Replay:Baseball":46,"Shovel":26,"hubris:Icosahedron":79,"Happy Flower":32,"Anvil of the Gods":0,"beaked:SacredDeck":56,"Hammer of Thor":0,"Seething Fire":0,"Letter Opener":18,"beaked:MendingPlumage":0}]},"card_choices":[{"not_picked":["beaked:MachineEssence","ReplayTheSpireMod:Owlgaze"],"picked":"beaked:ScreechingChant","floor":0.0},{"not_picked":["beaked:RuinSticks","beaked:SurvivalInstinct","beaked:Poke"],"picked":"SKIP","floor":1.0},{"not_picked":["beaked:Recite","beaked:Evade"],"picked":"beaked:Brace","floor":2.0},{"not_picked":["beaked:HuntressEssence","beaked:MachineSpirit","beaked:Insight"],"picked":"SKIP","floor":3.0},{"not_picked":["beaked:Devastation","beaked:CursingBlood"],"picked":"beaked:Foresight","floor":5.0},{"not_picked":["beaked:WarriorEssence","beaked:TuckingFeathers","beaked:SacrificialDive"],"picked":"SKIP","floor":6.0},{"not_picked":["beaked:TuckingFeathers","beaked:Devastation"],"picked":"beaked:MimicHuntress","floor":8.0},{"not_picked":["beaked:Overpower","beaked:Cower"],"picked":"beaked:Evade","floor":10.0},{"not_picked":["beaked:Cower","beaked:BloodRitual"],"picked":"beaked:Foresight","floor":11.0},{"not_picked":["beaked:SurvivalInstinct","beaked:DarkTribute","beaked:Poke"],"picked":"SKIP","floor":12.0},{"not_picked":["beaked:CrazyRituals","beaked:MaddeningMurmurs"],"picked":"beaked:Hexing","floor":13.0},{"not_picked":["beaked:Tradeoff","beaked:BarbedWire","beaked:Molting"],"picked":"SKIP","floor":14.0},{"not_picked":["beaked:CursingBlood","beaked:Redirect","ReplayTheSpireMod:RavenHex"],"picked":"SKIP","floor":18.0},{"not_picked":["beaked:TuckingFeathers","beaked:Tradeoff"],"picked":"beaked:MimicMachine","floor":19.0},{"not_picked":["beaked:StickSmack+1","beaked:VigorBurst+1"],"picked":"beaked:BloodRitual+1","floor":20.0},{"not_picked":["beaked:Molting","beaked:Daydream"],"picked":"beaked:WarriorEssence+1","floor":21.0}],"player_experience":754586,"relics_obtained":[{"floor":6.0,"key":"Letter Opener"},{"floor":8.0,"key":"Shovel"},{"floor":10.0,"key":"Happy Flower"},{"floor":13.0,"key":"Replay:Baseball"}],"event_choices":[{"damage_healed":0.0,"max_hp_gain":0.0,"max_hp_loss":0.0,"gold_gain":0.0,"event_name":"Match and Keep!","player_choice":"1 cards matched","floor":4.0,"gold_loss":0.0,"damage_taken":0.0,"cards_obtained":["beaked:Ceremony"]}],"is_beta":false,"boss_relics":[{"not_picked":["hubris:Stopwatch","hubris:HollowSoul"],"picked":"beaked:SacredDeck"}],"items_purged_floors":[],"is_endless":false,"potions_floor_spawned":[1,2,5,12,21],"killed_by":"Book of Stabbing","ascension_level":1}}