{"host":"7t8rqoeeopyy0nh0","time":1609930473,"event":{"mods":["AchievementEnabler","BaseMod","Better Third Choice","BetterRewards","Colored Map","Colored Powertips","Conspire","Downfall","Hubris","Infinite Spire","Minty Spire (QoL Compilation)","Permanent Neow","Quick Restart","Rare Cards Sparkle","Replay The Spire","StSLib","The Jungle","The Servant 0.9.4"],"gold_per_floor":[116,116,131,47,47,47,72,72,123,149,165,196,196,196,196,267,267,278,278,288,288,184,211,211,238,238,238,268,281,281,320,320,418,418,455,500,243,243,243,271,271,319,345,400,196,196,196,196,196,196,196,196,196,196,53,90,90,90],"floor_reached":57,"playtime":2376,"items_purged":["Strike_R","Strike_R","Strike_R"],"score":1849,"play_id":"f1d4e051-c588-436f-b86f-973f8f0f3a3b","local_time":"20210106055433","is_ascension_mode":true,"campfire_choices":[{"data":"Demon Form","floor":6.0,"key":"SMITH"},{"data":"Metallicize","floor":8.0,"key":"SMITH"},{"data":"Shrug It Off","floor":13.0,"key":"SMITH"},{"data":"Bash","floor":15.0,"key":"SMITH"},{"data":"Pummel","floor":24,"key":"SMITH"},{"floor":27,"key":"REST"},{"data":"Heavy Blade","floor":41,"key":"SMITH"},{"floor":51,"key":"RECALL"},{"data":"infinitespire:Gouge","floor":54,"key":"SMITH"}],"circlet_count":0,"master_deck":["AscendersBane","Strike_R","Defend_R","Defend_R+1","Defend_R+1","Defend_R+1","Bash+1","Demon Form+1","Twin Strike","Metallicize+1","Hemokinesis","Reaper","Shrug It Off+1","Ghostly Armor","Whirlwind+1","Double Tap","Pummel+1","Pommel Strike","Heavy Blade+1","infinitespire:Gouge+1","Fiend Fire","Exhume","Massacre"],"relics":["Burning Blood","ReplayTheSpireMod:Shallot","Pen Nib","Quantum Egg","Toy Ornithopter","Philosopher\u0027s Stone","Simple Rune","infinitespire:Eraser","ReplayTheSpireMod:TigerMarble","ChewingGum","Replay:Multitool","Juzu Bracelet","infinitespire:EvilPickle","Runic Pyramid","OrangePellets","hubris:FunFungus","Strawberry","Paper Frog","Lantern"],"acts_visited":["Exordium","TheCity","TheBeyond","TheEnding"],"potions_floor_usage":[31,33,33,35,44,44,52,56],"damage_taken":[{"damage":13.0,"enemies":"2 Louse","floor":1.0,"turns":3.0},{"damage":7.0,"enemies":"Cultist","floor":3.0,"turns":4.0},{"damage":35.0,"enemies":"3 Sentries","floor":7.0,"turns":8.0},{"damage":26.0,"enemies":"Lagavulin","floor":10.0,"turns":6.0},{"damage":17.0,"enemies":"Jaw Worm","floor":11.0,"turns":8.0},{"damage":14.0,"enemies":"3 Sentries","floor":12.0,"turns":7.0},{"damage":19.0,"enemies":"The Guardian","floor":16.0,"turns":10.0},{"damage":30.0,"enemies":"Chosen","floor":18.0,"turns":8.0},{"damage":21.0,"enemies":"Spheric Guardian","floor":20.0,"turns":5.0},{"damage":47.0,"enemies":"Slavers","floor":23.0,"turns":6.0},{"damage":38,"enemies":"Book of Stabbing","floor":25,"turns":5},{"damage":27,"enemies":"Replay:Snechameleon","floor":28,"turns":7},{"damage":6,"enemies":"3 Cultists","floor":29,"turns":4},{"damage":41,"enemies":"conspire:MimicChest","floor":31,"turns":8},{"damage":42,"enemies":"Pondfish","floor":33,"turns":9},{"damage":43,"enemies":"3 Shapes","floor":35,"turns":4},{"damage":0,"enemies":"Orb Walker","floor":36,"turns":3},{"damage":18,"enemies":"4 Shapes","floor":40,"turns":5},{"damage":30,"enemies":"2 Orb Walkers","floor":42,"turns":4},{"damage":64,"enemies":"Giant Head","floor":44,"turns":9},{"damage":81,"enemies":"Donu and Deca","floor":52,"turns":10},{"damage":80,"enemies":"Shield and Spear","floor":56,"turns":8},{"damage":30,"enemies":"The Heart","floor":57,"turns":2}],"seed_played":"-6576453666553316038","potions_obtained":[{"floor":5.0,"key":"Block Potion"},{"floor":5.0,"key":"conspire:TimeTravelPotion"},{"floor":10.0,"key":"Elixir"},{"floor":11.0,"key":"Weak Potion"},{"floor":16.0,"key":"Death Potion"},{"floor":18.0,"key":"hexamod:EctoCoolerPotion"},{"floor":23.0,"key":"BlessingOfTheForge"},{"floor":31,"key":"ColorlessPotion"},{"floor":33,"key":"Explosive Potion"},{"floor":40,"key":"Elixir"},{"floor":42,"key":"LifebloodPotion"},{"floor":44,"key":"SkillPotion"}],"is_trial":false,"path_per_floor":["M","?","M","$","?","R","E","R","T","E","M","E","R","?","R","B",null,"M","?","M","?","$","E","R","E","T","R","E","M","AVR","?","R","B",null,"M","M","$","?","?","M","R","?","T","E","$","?","?","PTL","PTL","?","R","B",null,"R","$","E","B"],"character_chosen":"IRONCLAD","items_purchased":["Hemokinesis","Pommel Strike","OrangePellets","Exhume","Massacre","Block Potion"],"campfire_rested":1,"item_purchase_floors":[4,22,37,45,55,55],"current_hp_per_floor":[43,68,67,67,67,67,52,52,52,32,46,70,70,70,70,62,72,75,75,60,60,60,39,39,27,27,49,38,75,75,45,67,41,67,64,74,74,74,74,62,62,38,45,49,49,49,44,44,44,44,44,11,64,64,64,26,0,0],"gold":90,"neow_bonus":"THREE_RARE_CARDS","is_daily":false,"chose_seed":false,"campfire_upgraded":7,"win_rate":0.0,"timestamp":1609930473,"path_taken":["M","?","M","$","?","R","E","R","T","E","?","E","R","?","R","BOSS","M","?","M","?","$","E","R","E","T","R","E","M","AVR","?","R","BOSS","M","M","$","?","?","M","R","?","T","E","?","?","?","PTL","PTL","?","R","BOSS","R","$","E","BOSS"],"items_purchased_type":["Card","Card","Relic","Card","Card","Potion"],"build_version":"2020-12-22","purchased_purges":3,"victory":false,"max_hp_per_floor":[75,75,75,75,75,75,75,75,75,75,75,75,75,75,75,75,75,75,75,75,75,75,75,75,75,75,75,75,75,75,75,75,75,75,75,79,79,75,75,75,75,75,82,82,82,82,82,82,82,82,82,82,82,82,82,82,82,82],"card_choices":[{"not_picked":["Limit Break","Corruption"],"picked":"Demon Form","floor":0.0},{"not_picked":["Thunderclap","Warcry"],"picked":"Twin Strike","floor":1.0},{"not_picked":["hubris:ReadiedAction","Flex"],"picked":"Metallicize","floor":3.0},{"not_picked":["Wild Strike","Perfected Strike"],"picked":"Reaper","floor":7.0},{"not_picked":["Wild Strike","ReplayTheSpireMod:LeadingStrike"],"picked":"Shrug It Off","floor":10.0},{"not_picked":["Cleave","Body Slam"],"picked":"Ghostly Armor","floor":11.0},{"not_picked":["ReplayTheSpireMod:Muscle Training","Flex"],"picked":"Whirlwind","floor":12.0},{"not_picked":["Fiend Fire","Hemogenesis"],"picked":"Double Tap","floor":16.0},{"not_picked":["Entrench+1","Shrug It Off","Warcry"],"picked":"SKIP","floor":18.0},{"not_picked":["Run Through","Cleave"],"picked":"Pummel","floor":20.0},{"not_picked":["Havoc+1","ReplayTheSpireMod:Strike From Hell","Burning Pact"],"picked":"SKIP","floor":23.0},{"not_picked":["Seeing Red","Berserk"],"picked":"Shockwave+1","floor":25},{"not_picked":["Carnage","Body Slam"],"picked":"Heavy Blade","floor":28},{"not_picked":["Second Wind","Sentinel","Thunderclap+1"],"picked":"SKIP","floor":29},{"not_picked":["Corruption","Berserk"],"picked":"Fiend Fire","floor":33},{"not_picked":["Pommel Strike","Dark Embrace","Flex"],"picked":"SKIP","floor":35},{"not_picked":["Bloodletting","Iron Wave+1","Dual Wield"],"picked":"SKIP","floor":36},{"not_picked":["Cleave+1","Run Through","Replay:Undeath\u0027s Touch+1"],"picked":"SKIP","floor":40},{"not_picked":["Dual Wield","ReplayTheSpireMod:Stacked","Flex"],"picked":"SKIP","floor":44},{"not_picked":["Whirlwind","Cleave","hubris:CleavingFinish"],"picked":"SKIP","floor":56}],"player_experience":388814,"relics_obtained":[{"floor":7.0,"key":"ReplayTheSpireMod:Shallot"},{"floor":9.0,"key":"Pen Nib"},{"floor":10.0,"key":"Quantum Egg"},{"floor":12.0,"key":"Toy Ornithopter"},{"floor":23.0,"key":"Simple Rune"},{"floor":25,"key":"infinitespire:Eraser"},{"floor":28,"key":"ReplayTheSpireMod:TigerMarble"},{"floor":31,"key":"Juzu Bracelet"},{"floor":42,"key":"hubris:FunFungus"},{"floor":43,"key":"Strawberry"},{"floor":44,"key":"Paper Frog"},{"floor":56,"key":"Lantern"}],"event_choices":[{"damage_healed":25.0,"max_hp_gain":0.0,"max_hp_loss":0.0,"gold_gain":0.0,"event_name":"Big Fish","player_choice":"Banana","floor":2.0,"gold_loss":0.0,"damage_taken":0.0},{"damage_healed":0.0,"max_hp_gain":0.0,"max_hp_loss":0.0,"gold_gain":0.0,"event_name":"Lab","player_choice":"Got Potions","floor":5.0,"gold_loss":0.0,"damage_taken":0.0},{"cards_removed":["Strike_R"],"damage_healed":0.0,"max_hp_gain":0.0,"max_hp_loss":0.0,"gold_gain":0.0,"event_name":"betterThird:BetterWriting","player_choice":"Elegance","floor":21.0,"gold_loss":0.0,"damage_taken":0.0},{"damage_healed":0,"gold_gain":0,"player_choice":"Max HP","damage_taken":0,"max_hp_gain":0,"max_hp_loss":4,"event_name":"Winding Halls","floor":38,"gold_loss":0},{"damage_healed":0,"gold_gain":0,"player_choice":"Memory 1","damage_taken":0,"max_hp_gain":0,"max_hp_loss":0,"event_name":"SensoryStone","floor":39,"gold_loss":0},{"damage_healed":0,"gold_gain":0,"player_choice":"Fight","damage_taken":0,"max_hp_gain":0,"max_hp_loss":0,"event_name":"Mysterious Sphere","floor":42,"gold_loss":0},{"damage_healed":0,"gold_gain":0,"player_choice":"Leave","damage_taken":0,"max_hp_gain":0,"max_hp_loss":0,"event_name":"conspire:Investor","floor":47,"gold_loss":0},{"cards_removed":["Shockwave"],"damage_healed":0,"gold_gain":0,"player_choice":"Removed Skill","damage_taken":0,"max_hp_gain":0,"max_hp_loss":0,"event_name":"Falling","floor":50,"gold_loss":0}],"is_beta":false,"boss_relics":[{"not_picked":["hubris:RunicObelisk","Pandora\u0027s Box"],"picked":"Philosopher\u0027s Stone"},{"not_picked":["Replay:Drink Me","infinitespire:Cupcake"],"picked":"Runic Pyramid"}],"items_purged_floors":[22,37,45],"is_endless":false,"potions_floor_spawned":[10,11,16,18,23,31,33,40,42,44],"killed_by":"The Heart","ascension_level":19}}