{"host":"w4b7hmige5bnqipq","time":1609919689,"event":{"mods":["2.2 Compatiblity","BaseMod","Colored Map","DeckTracker","Keyboard Shortcuts","Minty Spire (QoL Compilation)","Permanent Neow","Rare Cards Sparkle","SuperFastMode","everything is the same but u backflip on backflip","slay the spire mod where everything is the same but ironclad has a cowboy hat"],"gold_per_floor":[138,138,190,190,115,115,171,171,171,210,250,336,66,153,153,153,153],"floor_reached":16,"playtime":449,"items_purged":[],"score":204,"play_id":"d54e47f4-6a17-4acc-b76f-dd56e0cc2acf","local_time":"20210106165449","is_ascension_mode":true,"campfire_choices":[{"data":"HandOfGreed","floor":6,"key":"SMITH"},{"floor":8,"key":"REST"},{"floor":15,"key":"REST"}],"circlet_count":0,"master_deck":["AscendersBane","Strike_G","Strike_G","Strike_G","Strike_G","Defend_G","Defend_G","Defend_G","Defend_G","Defend_G","Survivor","Neutralize","HandOfGreed+1","Dagger Throw","Acrobatics","Reflex","PiercingWail","Footwork"],"relics":["Ring of the Snake","Incense Burner","Vajra","Mummified Hand","Singing Bowl"],"acts_visited":["Exordium"],"potions_floor_usage":[11,16,16],"damage_taken":[{"damage":5,"enemies":"Jaw Worm","floor":1,"turns":5},{"damage":5,"enemies":"Small Slimes","floor":3,"turns":4},{"damage":28,"enemies":"Lagavulin","floor":7,"turns":8},{"damage":0,"enemies":"Cultist","floor":10,"turns":4},{"damage":6,"enemies":"Large Slime","floor":11,"turns":7},{"damage":7,"enemies":"Gremlin Gang","floor":12,"turns":7},{"damage":3,"enemies":"3 Louse","floor":14,"turns":8},{"damage":35,"enemies":"Hexaghost","floor":16,"turns":9}],"seed_played":"-7034604977960471389","potions_obtained":[{"floor":10,"key":"ColorlessPotion"},{"floor":11,"key":"Fire Potion"},{"floor":14,"key":"Energy Potion"}],"is_trial":false,"path_per_floor":["M","?","M","?","?","R","E","R","T","M","M","M","$","M","R","B"],"character_chosen":"THE_SILENT","items_purchased":["Singing Bowl"],"campfire_rested":2,"item_purchase_floors":[13],"current_hp_per_floor":[54,54,49,38,38,38,10,28,28,28,22,15,15,14,32,0,0],"gold":153,"neow_bonus":"RANDOM_COLORLESS_2","is_daily":false,"chose_seed":false,"campfire_upgraded":1,"win_rate":0.0,"timestamp":1609919689,"path_taken":["M","?","M","?","?","R","E","R","T","M","M","M","?","M","R","BOSS"],"items_purchased_type":["Relic"],"build_version":"2020-12-22","purchased_purges":0,"victory":false,"max_hp_per_floor":[60,60,60,60,60,60,60,60,60,60,60,60,60,62,62,62,62],"card_choices":[{"not_picked":["The Bomb","Secret Weapon"],"picked":"HandOfGreed","floor":0},{"not_picked":["Slice","PiercingWail"],"picked":"Dagger Throw","floor":1},{"not_picked":["Sucker Punch","Poisoned Stab"],"picked":"Acrobatics","floor":3},{"not_picked":["Malaise","Dodge and Roll"],"picked":"Reflex","floor":7},{"not_picked":["Finisher","Heel Hook"],"picked":"PiercingWail","floor":10},{"not_picked":["Underhanded Strike","Poisoned Stab"],"picked":"Footwork","floor":11},{"not_picked":["PiercingWail","Dodge and Roll","Bullet Time"],"picked":"SKIP","floor":12},{"not_picked":["Bane","Acrobatics","PiercingWail"],"picked":"Singing Bowl","floor":14}],"player_experience":473214,"relics_obtained":[{"floor":7,"key":"Vajra"},{"floor":9,"key":"Mummified Hand"}],"event_choices":[{"damage_healed":0,"gold_gain":0,"player_choice":"Ignored","damage_taken":0,"max_hp_gain":0,"max_hp_loss":0,"event_name":"Golden Idol","floor":2,"gold_loss":0},{"damage_healed":0,"gold_gain":0,"player_choice":"Success","damage_taken":11,"relics_obtained":["Incense Burner"],"max_hp_gain":0,"max_hp_loss":0,"event_name":"Scrap Ooze","floor":4,"gold_loss":0},{"cards_removed":["Strike_G"],"damage_healed":0,"gold_gain":0,"player_choice":"Card Removal","damage_taken":0,"max_hp_gain":0,"max_hp_loss":0,"event_name":"The Cleric","floor":5,"gold_loss":75}],"is_beta":false,"boss_relics":[],"items_purged_floors":[],"is_endless":false,"potions_floor_spawned":[10,11,14],"killed_by":"Hexaghost","ascension_level":20}}