{"host":"873t0y8ybyo38pfq","time":1609959913,"event":{"mods":["BaseMod","Bestiary","Colored Map","Colored Powertips","Highlight Path","Minty Spire (QoL Compilation)","Quick Restart","RNG Fix","Rare Cards Sparkle","Relic Stats","StSLib"],"gold_per_floor":[117,167,242,252,267,267,267,297,375,375,390,420,37,49,49,121,121,141,58,0,0,0,0,0],"floor_reached":23,"playtime":494,"items_purged":[],"score":394,"play_id":"b0de003e-488d-4904-ae78-2e275f761d74","local_time":"20210106140512","is_ascension_mode":true,"campfire_choices":[{"floor":6,"key":"REST"},{"floor":10,"key":"REST"},{"data":"Rainbow","floor":15,"key":"SMITH"}],"circlet_count":0,"master_deck":["AscendersBane","Strike_B","Strike_B","Defend_B","Defend_B","Defend_B","Zap","Dualcast","Glacier+1","Electrodynamics","Genetic Algorithm+1","Cold Snap","Rainbow+1","Cold Snap+1","Core Surge+1","Compile Driver+1","Core Surge+1","Hologram","Capacitor","Glacier+1"],"relics":["Cracked Core","War Paint","HornCleat","Molten Egg 2","ClockworkSouvenir","Sozu"],"acts_visited":["Exordium","TheCity"],"potions_floor_usage":[8,8,16,16],"damage_taken":[{"damage":0,"enemies":"2 Louse","floor":1,"turns":2},{"damage":7,"enemies":"Jaw Worm","floor":4,"turns":3},{"damage":12,"enemies":"Small Slimes","floor":5,"turns":2},{"damage":31,"enemies":"Gremlin Nob","floor":8,"turns":5},{"damage":0,"enemies":"2 Fungi Beasts","floor":11,"turns":3},{"damage":22,"enemies":"Lagavulin","floor":12,"turns":8},{"damage":2,"enemies":"Exordium Wildlife","floor":14,"turns":4},{"damage":7,"enemies":"Hexaghost","floor":16,"turns":12},{"damage":0,"enemies":"3 Byrds","floor":18,"turns":4},{"damage":58,"enemies":"Gremlin Leader","floor":23,"turns":8}],"seed_played":"6527223095126456821","potions_obtained":[{"floor":1,"key":"FearPotion"},{"floor":5,"key":"EssenceOfSteel"},{"floor":12,"key":"SpeedPotion"},{"floor":14,"key":"FocusPotion"}],"is_trial":false,"path_per_floor":["M","?","?","M","M","R","?","E","T","R","M","E","$","M","R","B",null,"M","$","?","?","?","E"],"character_chosen":"DEFECT","items_purchased":["Core Surge+1","ClockworkSouvenir","Compile Driver+1","Capacitor"],"campfire_rested":2,"item_purchase_floors":[13,13,13,19],"current_hp_per_floor":[46,39,28,21,9,30,53,22,22,43,43,21,21,19,19,12,56,56,56,56,56,56,0,0],"gold":0,"neow_bonus":"TRANSFORM_TWO_CARDS","is_daily":false,"chose_seed":false,"campfire_upgraded":1,"win_rate":0.0,"timestamp":1609959912,"path_taken":["M","?","?","?","M","R","?","E","T","R","M","E","$","M","R","BOSS","M","$","?","?","?","E"],"items_purchased_type":["Card","Relic","Card","Card"],"build_version":"2020-12-22","purchased_purges":0,"victory":false,"max_hp_per_floor":[71,71,71,71,71,71,71,71,71,71,71,71,71,71,71,71,71,71,71,71,71,71,71,71],"relic_stats":{"Sozu":0,"counters":[10,51],"War Paint":["Glacier","Genetic Algorithm"],"obtain_stats":[{"Sozu":17,"HornCleat":9,"Molten Egg 2":12,"War Paint":8,"Cracked Core":0,"ClockworkSouvenir":13},{"Sozu":8,"HornCleat":4,"Molten Egg 2":6,"War Paint":4,"Cracked Core":0,"ClockworkSouvenir":6},{"Sozu":39,"HornCleat":12,"Molten Egg 2":23,"War Paint":12,"Cracked Core":0,"ClockworkSouvenir":23}]},"card_choices":[{"not_picked":["Gash","Force Field","Sweeping Beam"],"picked":"SKIP","floor":1},{"not_picked":["Ball Lightning","Blizzard"],"picked":"Genetic Algorithm","floor":4},{"not_picked":["Stack","Streamline"],"picked":"Cold Snap","floor":5},{"not_picked":["Go for the Eyes","BootSequence"],"picked":"Rainbow","floor":8},{"not_picked":["Gash","Ball Lightning","Cold Snap"],"picked":"SKIP","floor":11},{"not_picked":["Aggregate","Beam Cell+1"],"picked":"Cold Snap+1","floor":12},{"not_picked":["Gash+1","Hologram","Heatsinks"],"picked":"SKIP","floor":14},{"not_picked":["Seek","Meteor Strike+1"],"picked":"Core Surge+1","floor":16},{"not_picked":["Streamline+1","Double Energy"],"picked":"Hologram","floor":18}],"player_experience":1528670,"relics_obtained":[{"floor":8,"key":"War Paint"},{"floor":9,"key":"HornCleat"},{"floor":12,"key":"Molten Egg 2"}],"event_choices":[{"damage_healed":0,"gold_gain":50,"player_choice":"Touch","damage_taken":7,"max_hp_gain":0,"max_hp_loss":0,"event_name":"FaceTrader","floor":2,"gold_loss":0},{"damage_healed":0,"gold_gain":75,"player_choice":"Gather Gold","damage_taken":11,"max_hp_gain":0,"max_hp_loss":0,"event_name":"World of Goop","floor":3,"gold_loss":0},{"damage_healed":23,"gold_gain":0,"player_choice":"Banana","damage_taken":0,"max_hp_gain":0,"max_hp_loss":0,"event_name":"Big Fish","floor":7,"gold_loss":0},{"damage_healed":0,"gold_gain":0,"player_choice":"Paid Fearfully","damage_taken":0,"max_hp_gain":0,"max_hp_loss":0,"event_name":"Masked Bandits","floor":20,"gold_loss":58},{"cards_removed":["Strike_B"],"damage_healed":0,"gold_gain":0,"player_choice":"Elegance","damage_taken":0,"max_hp_gain":0,"max_hp_loss":0,"event_name":"Back to Basics","floor":21,"gold_loss":0},{"damage_healed":0,"gold_gain":0,"player_choice":"Copied","damage_taken":0,"max_hp_gain":0,"max_hp_loss":0,"event_name":"Duplicator","floor":22,"gold_loss":0,"cards_obtained":["Glacier"]}],"is_beta":false,"boss_relics":[{"not_picked":["Ectoplasm","FrozenCore"],"picked":"Sozu"}],"items_purged_floors":[],"is_endless":false,"potions_floor_spawned":[1,5,12,14],"killed_by":"Gremlin Leader","ascension_level":20}}