{"host":"6azrrw3tf7wb0f4b","time":1609918587,"event":{"mods":["BaseMod","DeckTracker","Minty Spire (QoL Compilation)","SuperFastMode"],"gold_per_floor":[116,66,66,66,77,110,28,28,28,63,78,95,128,188,188,285,285,299,224,224,236,262,288,288,319,344,354,63,63,91,109,109,205,205,221,221,221,221,233,233,267,142,166,192,202,252,269,285,285,285,285,285,31,62,62,62],"floor_reached":55,"playtime":1988,"items_purged":["Strike_P","Defend_P","Defend_P"],"score":1319,"play_id":"4bcf18ef-7bbc-40f4-baf1-3fe716f43b47","local_time":"20210106163627","is_ascension_mode":true,"campfire_choices":[{"data":"Eruption","floor":8.0,"key":"SMITH"},{"data":"Swivel","floor":15,"key":"SMITH"},{"floor":24,"key":"REST"},{"floor":32,"key":"REST"},{"floor":40,"key":"REST"},{"floor":49,"key":"RECALL"},{"floor":52,"key":"REST"}],"circlet_count":0,"master_deck":["AscendersBane","Strike_P+1","Strike_P+1","Defend_P","Defend_P+1","Eruption+1","Vigilance+1","ReachHeaven+1","EmptyMind","Adaptation+1","Vengeance","SashWhip+1","Swivel+1","LessonLearned+1","Halt+1","FlurryOfBlows+1","WaveOfTheHand+1","EmptyBody+1","Scrawl+1","Protect+1","MentalFortress","Evaluate+1","Vault+1","DevaForm","Protect+1","FlurryOfBlows","Wallop+1","Perseverance+1","WheelKick","LikeWater+1","EmptyFist"],"relics":["PureWater","NeowsBlessing","Pen Nib","PreservedInsect","Juzu Bracelet","Kunai","Fusion Hammer","Red Mask","Meat on the Bone","HornCleat","Regal Pillow","ClockworkSouvenir","Blood Vial","Black Star","Strawberry","Torii","Happy Flower","Bag of Marbles","Prayer Wheel","Shuriken","Calipers","Boot"],"acts_visited":["Exordium","TheCity","TheBeyond","TheEnding"],"potions_floor_usage":[16,23,23,25,27,44,48,55],"damage_taken":[{"damage":0.0,"enemies":"Jaw Worm","floor":1.0,"turns":1.0},{"damage":0.0,"enemies":"Small Slimes","floor":5.0,"turns":2.0},{"damage":0.0,"enemies":"3 Sentries","floor":6.0,"turns":2.0},{"damage":9,"enemies":"Lagavulin","floor":10,"turns":6},{"damage":0,"enemies":"Cultist","floor":11,"turns":2},{"damage":13,"enemies":"Exordium Wildlife","floor":12,"turns":4},{"damage":0,"enemies":"Gremlin Nob","floor":13,"turns":2},{"damage":6,"enemies":"Hexaghost","floor":16,"turns":7},{"damage":7,"enemies":"Shell Parasite","floor":18,"turns":3},{"damage":8,"enemies":"2 Thieves","floor":21,"turns":3},{"damage":20,"enemies":"Masked Bandits","floor":22,"turns":4},{"damage":12,"enemies":"Slavers","floor":23,"turns":7},{"damage":11,"enemies":"Gremlin Leader","floor":25,"turns":4},{"damage":7,"enemies":"3 Cultists","floor":27,"turns":6},{"damage":8,"enemies":"Book of Stabbing","floor":30,"turns":5},{"damage":8,"enemies":"Snake Plant","floor":31,"turns":3},{"damage":21,"enemies":"Collector","floor":33,"turns":14},{"damage":69,"enemies":"3 Shapes","floor":35,"turns":4},{"damage":21,"enemies":"3 Darklings","floor":39,"turns":6},{"damage":0,"enemies":"Giant Head","floor":41,"turns":6},{"damage":0,"enemies":"Reptomancer","floor":44,"turns":6},{"damage":0,"enemies":"Maw","floor":45,"turns":8},{"damage":0,"enemies":"Mind Bloom Boss Battle","floor":46,"turns":7},{"damage":1,"enemies":"4 Shapes","floor":47,"turns":6},{"damage":0,"enemies":"3 Darklings","floor":48,"turns":7},{"damage":32,"enemies":"Donu and Deca","floor":50,"turns":16},{"damage":33,"enemies":"Shield and Spear","floor":54,"turns":12},{"damage":55,"enemies":"The Heart","floor":55,"turns":8}],"seed_played":"-1880174164692505030","potions_obtained":[{"floor":1.0,"key":"Fire Potion"},{"floor":6.0,"key":"Ancient Potion"},{"floor":22,"key":"EssenceOfSteel"},{"floor":23,"key":"Energy Potion"},{"floor":25,"key":"Weak Potion"},{"floor":30,"key":"DuplicationPotion"},{"floor":41,"key":"GamblersBrew"},{"floor":46,"key":"Fire Potion"}],"is_trial":false,"path_per_floor":["M","?","$","?","M","E","$","R","T","E","M","M","E","?","R","B",null,"M","$","?","M","?","E","R","E","T","M","$","?","E","M","R","B",null,"M","?","?","?","M","R","E","$","T","E","M","?","M","M","R","B",null,"R","$","E","B"],"character_chosen":"WATCHER","items_purchased":["Adaptation","ClockworkSouvenir","Evaluate","Shuriken"],"campfire_rested":4,"item_purchase_floors":[7,28,28,53],"current_hp_per_floor":[65,65,65,51,51,51,51,51,51,42,42,29,29,29,29,23,60,53,53,53,45,25,13,34,35,35,40,40,27,31,37,75,56,72,17,17,17,67,46,67,74,74,74,74,74,74,73,74,74,42,66,74,74,41,0,0],"gold":62,"neow_bonus":"THREE_ENEMY_KILL","is_daily":false,"chose_seed":false,"campfire_upgraded":2,"win_rate":0.0,"timestamp":1609918587,"path_taken":["M","?","$","?","M","E","?","R","T","E","M","M","E","?","R","BOSS","M","$","?","M","?","E","R","E","T","M","$","?","E","M","R","BOSS","M","?","?","?","M","R","E","$","T","E","M","?","M","M","R","BOSS","R","$","E","BOSS"],"items_purchased_type":["Card","Relic","Card","Relic"],"build_version":"2020-12-22","purchased_purges":3,"victory":false,"max_hp_per_floor":[72,72,72,72,72,72,72,72,72,72,72,72,72,72,72,72,72,72,72,72,72,72,72,72,72,72,72,72,77,77,77,77,77,77,77,77,77,67,67,67,74,74,74,74,74,74,74,74,74,74,74,74,74,74,74,74],"card_choices":[{"not_picked":["ForeignInfluence","SignatureMove"],"picked":"ReachHeaven","floor":1.0},{"not_picked":["Halt","Pray"],"picked":"EmptyMind","floor":5.0},{"not_picked":["EmptyFist","ThirdEye"],"picked":"TalkToTheHand","floor":6.0},{"not_picked":["Vault","Prostrate"],"picked":"Vengeance","floor":10},{"not_picked":["Crescendo","EmptyFist","ClearTheMind"],"picked":"SKIP","floor":11},{"not_picked":["Perseverance","Vengeance"],"picked":"SashWhip","floor":12},{"not_picked":["Crescendo","Study"],"picked":"Swivel","floor":13},{"not_picked":["Omniscience","Establishment"],"picked":"LessonLearned","floor":16},{"not_picked":["FlyingSleeves+1","PathToVictory"],"picked":"Halt","floor":18},{"not_picked":["CutThroughFate","Sanctity"],"picked":"WaveOfTheHand+1","floor":21},{"not_picked":["Swivel","Crescendo"],"picked":"EmptyBody","floor":22},{"not_picked":["EmptyMind","PathToVictory"],"picked":"Scrawl","floor":23},{"not_picked":["CrushJoints","CutThroughFate+1"],"picked":"Protect","floor":25},{"not_picked":["Pray","Consecrate+1"],"picked":"MentalFortress","floor":27},{"not_picked":["FlyingSleeves","TalkToTheHand"],"picked":"Vault","floor":30},{"not_picked":["Prostrate","CrushJoints","BowlingBash"],"picked":"SKIP","floor":31},{"not_picked":["Vault","Judgement"],"picked":"DevaForm","floor":33},{"not_picked":["Adaptation+1","Crescendo"],"picked":"Protect+1","floor":35},{"not_picked":["ThirdEye","Swivel"],"picked":"Wallop+1","floor":39},{"not_picked":["Protect+1","FollowUp","EmptyFist"],"picked":"SKIP","floor":41},{"not_picked":["Consecrate+1","EmptyMind+1"],"picked":"Perseverance+1","floor":44},{"not_picked":["EmptyBody+1","FollowUp","Swivel+1"],"picked":"SKIP","floor":45},{"not_picked":["EmptyFist","Evaluate","FollowUp+1"],"picked":"SKIP","floor":47},{"not_picked":["Crescendo","Protect","Swivel"],"picked":"SKIP","floor":47},{"not_picked":["Blasphemy","FlyingSleeves+1"],"picked":"WheelKick","floor":48},{"not_picked":["EmptyFist+1","Swivel+1"],"picked":"LikeWater+1","floor":48},{"not_picked":["EmptyBody+1","ClearTheMind+1"],"picked":"EmptyFist","floor":54}],"player_experience":677874,"relics_obtained":[{"floor":6.0,"key":"Pen Nib"},{"floor":9.0,"key":"PreservedInsect"},{"floor":10,"key":"Juzu Bracelet"},{"floor":13,"key":"Kunai"},{"floor":22,"key":"Red Mask"},{"floor":23,"key":"Meat on the Bone"},{"floor":25,"key":"HornCleat"},{"floor":26,"key":"Regal Pillow"},{"floor":30,"key":"Blood Vial"},{"floor":41,"key":"Strawberry"},{"floor":41,"key":"Torii"},{"floor":44,"key":"Happy Flower"},{"floor":44,"key":"Bag of Marbles"},{"floor":46,"key":"Prayer Wheel"},{"floor":54,"key":"Calipers"},{"floor":54,"key":"Boot"}],"event_choices":[{"cards_removed":["Strike_P"],"damage_healed":0.0,"max_hp_gain":0.0,"max_hp_loss":0.0,"gold_gain":0.0,"event_name":"The Cleric","player_choice":"Card Removal","floor":2.0,"gold_loss":50.0,"damage_taken":0.0},{"damage_healed":0.0,"max_hp_gain":0.0,"max_hp_loss":0.0,"gold_gain":0.0,"event_name":"Shining Light","player_choice":"Entered Light","floor":4.0,"gold_loss":0.0,"damage_taken":14.0,"cards_upgraded":["ReachHeaven","Vigilance"]},{"damage_healed":0,"gold_gain":60,"player_choice":"Gained Gold","damage_taken":0,"max_hp_gain":0,"max_hp_loss":0,"event_name":"Golden Wing","floor":14,"gold_loss":0},{"damage_healed":0,"gold_gain":0,"player_choice":"Read","damage_taken":0,"max_hp_gain":0,"max_hp_loss":0,"event_name":"The Library","floor":20,"gold_loss":0,"cards_obtained":["FlurryOfBlows"]},{"damage_healed":0,"gold_gain":0,"player_choice":"Fought Bandits","damage_taken":0,"max_hp_gain":0,"max_hp_loss":0,"event_name":"Masked Bandits","floor":22,"gold_loss":0},{"damage_healed":0,"gold_gain":0,"player_choice":"Shed Blood","damage_taken":18,"max_hp_gain":5,"max_hp_loss":0,"event_name":"Forgotten Altar","floor":29,"gold_loss":0},{"cards_removed":["TalkToTheHand"],"damage_healed":0,"gold_gain":0,"player_choice":"Removed Attack","damage_taken":0,"max_hp_gain":0,"max_hp_loss":0,"event_name":"Falling","floor":36,"gold_loss":0},{"damage_healed":0,"gold_gain":0,"player_choice":"Copied","damage_taken":0,"max_hp_gain":0,"max_hp_loss":0,"event_name":"Duplicator","floor":37,"gold_loss":0,"cards_obtained":["FlurryOfBlows"]},{"damage_healed":67,"gold_gain":0,"player_choice":"Heal","damage_taken":0,"max_hp_gain":0,"max_hp_loss":10,"event_name":"The Moai Head","floor":38,"gold_loss":0},{"damage_healed":0,"gold_gain":0,"player_choice":"Fight","damage_taken":0,"max_hp_gain":0,"max_hp_loss":0,"event_name":"MindBloom","floor":46,"gold_loss":0}],"is_beta":false,"boss_relics":[{"not_picked":["Cursed Key","Tiny House"],"picked":"Fusion Hammer"},{"not_picked":["Calling Bell","Runic Dome"],"picked":"Black Star"}],"items_purged_floors":[19,28,42],"is_endless":false,"potions_floor_spawned":[1,6,10,22,23,25,30,41,46,47],"killed_by":"The Heart","ascension_level":11}}