{"host":"0v07cr0k93jhgkpm","time":1609946483,"event":{"mods":["BaseMod","Colored Map","DeckTracker","Minty Spire (QoL Compilation)","Quick Restart","SuperFastMode"],"gold_per_floor":[150,207,132,147,206,206,216,245,294,304,304,337,383,207,207,282,282,319,329,329,58,74,74,144,161,209,267,267,267,292,3,3,103,103,138,173,213,42,77,77,110,110,110,110,125,125,5,5,5,30,30,30],"floor_reached":51,"playtime":2763,"items_purged":["Defend_P","Defend_P","Strike_P","Strike_P"],"score":1433,"play_id":"a8bb31f6-7100-47dd-b67b-e6b6e4d2525d","local_time":"20210107002123","is_ascension_mode":true,"campfire_choices":[{"data":"Eruption","floor":6.0,"key":"SMITH"},{"floor":11.0,"key":"REST"},{"data":"Adaptation","floor":15.0,"key":"SMITH"},{"data":"HandOfGreed","floor":23.0,"key":"SMITH"},{"data":"MentalFortress","floor":29.0,"key":"SMITH"},{"floor":32.0,"key":"REST"},{"floor":40.0,"key":"REST"},{"floor":44.0,"key":"RECALL"},{"floor":46.0,"key":"DIG"},{"data":"Adaptation","floor":49.0,"key":"SMITH"}],"circlet_count":0,"master_deck":["AscendersBane","Strike_P","Strike_P","Defend_P","Eruption+1","Vigilance","HandOfGreed+1","FollowUp","InnerPeace","Protect","Adaptation+1","Protect+1","DeusExMachina+1","EmptyFist","Indignation+1","Scrawl+1","ClearTheMind+1","Halt+1","FlurryOfBlows+1","MentalFortress+1","FearNoEvil+1","EmptyBody+1","Scrawl+1","WaveOfTheHand+1","MentalFortress+1","TalkToTheHand+1","EmptyMind+1","Adaptation+1"],"relics":["PureWater","Toxic Egg 2","Lantern","Eternal Feather","Philosopher\u0027s Stone","Molten Egg 2","Omamori","WarpedTongs","The Courier","Nunchaku","Calling Bell","Tiny Chest","Mercury Hourglass","Prayer Wheel","Shovel","Mummified Hand","White Beast Statue","Sundial"],"acts_visited":["Exordium","TheCity","TheBeyond"],"potions_floor_usage":[],"damage_taken":[{"damage":1.0,"enemies":"2 Louse","floor":1.0,"turns":4.0},{"damage":16.0,"enemies":"Small Slimes","floor":2.0,"turns":5.0},{"damage":0.0,"enemies":"Cultist","floor":4.0,"turns":2.0},{"damage":0.0,"enemies":"2 Fungi Beasts","floor":5.0,"turns":4.0},{"damage":14.0,"enemies":"Exordium Wildlife","floor":7.0,"turns":5.0},{"damage":20.0,"enemies":"Lagavulin","floor":8.0,"turns":4.0},{"damage":1.0,"enemies":"Blue Slaver","floor":10.0,"turns":3.0},{"damage":9.0,"enemies":"Large Slime","floor":12.0,"turns":5.0},{"damage":3.0,"enemies":"Gremlin Nob","floor":13.0,"turns":3.0},{"damage":7.0,"enemies":"Hexaghost","floor":16.0,"turns":7.0},{"damage":2.0,"enemies":"Shell Parasite","floor":18.0,"turns":3.0},{"damage":0.0,"enemies":"Spheric Guardian","floor":19.0,"turns":1.0},{"damage":0.0,"enemies":"Snake Plant","floor":22.0,"turns":2.0},{"damage":0.0,"enemies":"3 Cultists","floor":24.0,"turns":5.0},{"damage":12.0,"enemies":"Snecko","floor":25.0,"turns":4.0},{"damage":20.0,"enemies":"Book of Stabbing","floor":27.0,"turns":4.0},{"damage":27.0,"enemies":"Gremlin Leader","floor":30.0,"turns":3.0},{"damage":25.0,"enemies":"Champ","floor":33.0,"turns":7.0},{"damage":29.0,"enemies":"3 Darklings","floor":35.0,"turns":3.0},{"damage":0.0,"enemies":"Orb Walker","floor":36.0,"turns":1.0},{"damage":35.0,"enemies":"Writhing Mass","floor":37.0,"turns":4.0},{"damage":0.0,"enemies":"3 Darklings","floor":39.0,"turns":4.0},{"damage":5.0,"enemies":"Nemesis","floor":41.0,"turns":3.0},{"damage":2.0,"enemies":"Spire Growth","floor":45.0,"turns":3.0},{"damage":49.0,"enemies":"Time Eater","floor":50.0,"turns":12.0},{"damage":18,"enemies":"Donu and Deca","floor":51,"turns":2}],"seed_played":"-4548378769381716774","potions_obtained":[{"floor":4.0,"key":"Dexterity Potion"},{"floor":7.0,"key":"BottledMiracle"},{"floor":12.0,"key":"SpeedPotion"},{"floor":13.0,"key":"Regen Potion"},{"floor":16.0,"key":"FairyPotion"},{"floor":24.0,"key":"EntropicBrew"},{"floor":45.0,"key":"Block Potion"}],"is_trial":false,"path_per_floor":["M","M","?","M","M","R","M","E","T","M","R","M","E","$","R","B",null,"M","M","?","$","M","R","M","M","T","E","?","R","E","$","R","B",null,"M","M","M","$","M","R","E","?","T","R","M","R","$","T","R","B","B"],"character_chosen":"WATCHER","items_purchased":["EmptyFist","Indignation+1","Molten Egg 2","FearNoEvil+1","Nunchaku","EmptyBody+1","TalkToTheHand+1"],"campfire_rested":3,"item_purchase_floors":[14,14,21,31,31,31,38],"current_hp_per_floor":[60,44,44,44,44,44,30,10,10,9,27,18,15,15,24,32,55,53,53,53,53,53,62,62,50,50,30,30,42,15,15,45,20,52,23,23,27,27,27,60,55,55,55,59,57,59,59,59,59,10,0,0],"gold":30,"neow_bonus":"RANDOM_COLORLESS_2","is_daily":false,"chose_seed":false,"campfire_upgraded":5,"win_rate":0.0,"timestamp":1609946483,"path_taken":["M","M","?","M","M","R","M","E","T","M","R","M","E","$","R","BOSS","M","M","?","$","M","R","M","M","T","E","?","R","E","$","R","BOSS","M","M","M","?","M","R","E","?","T","R","M","R","?","?","R","BOSS","BOSS"],"items_purchased_type":["Card","Card","Relic","Card","Relic","Card","Card"],"build_version":"2020-12-22","purchased_purges":4,"victory":false,"max_hp_per_floor":[62,62,62,62,62,62,62,62,62,62,62,62,62,62,62,62,62,62,62,62,62,62,62,62,62,62,62,62,62,62,62,62,62,62,62,62,62,62,62,62,62,59,59,59,59,59,59,59,59,59,59,59],"card_choices":[{"not_picked":["Mayhem","Panache"],"picked":"HandOfGreed","floor":0.0},{"not_picked":["Nirvana","Collect"],"picked":"FollowUp","floor":1.0},{"not_picked":["ClearTheMind","PathToVictory"],"picked":"InnerPeace","floor":2.0},{"not_picked":["Worship","Evaluate"],"picked":"Protect","floor":4.0},{"not_picked":["FollowUp","InnerPeace","SignatureMove"],"picked":"SKIP","floor":5.0},{"not_picked":["Prostrate","BowlingBash"],"picked":"Adaptation","floor":7.0},{"not_picked":["Evaluate+1","CrushJoints"],"picked":"Protect+1","floor":8.0},{"not_picked":["CrushJoints","Fasting2","Evaluate+1"],"picked":"SKIP","floor":10.0},{"not_picked":["JustLucky","Prostrate+1","BowlingBash"],"picked":"SKIP","floor":12.0},{"not_picked":["Weave","EmptyFist"],"picked":"DeusExMachina+1","floor":13.0},{"not_picked":["SpiritShield+1","MasterReality"],"picked":"Scrawl+1","floor":16.0},{"not_picked":["DeceiveReality+1","FlyingSleeves+1","Indignation+1"],"picked":"SKIP","floor":18.0},{"not_picked":["CutThroughFate","ThirdEye+1"],"picked":"ClearTheMind+1","floor":19.0},{"not_picked":["Prostrate+1","LikeWater"],"picked":"Halt+1","floor":22.0},{"not_picked":["WindmillStrike+1","CarveReality+1"],"picked":"FlurryOfBlows+1","floor":24.0},{"not_picked":["Swivel+1","PathToVictory+1"],"picked":"MentalFortress","floor":25.0},{"not_picked":["FlyingSleeves+1","Halt+1","Blasphemy+1"],"picked":"SKIP","floor":27.0},{"not_picked":["Halt+1","Consecrate+1","DeceiveReality+1"],"picked":"SKIP","floor":30.0},{"not_picked":["Judgement+1","MasterReality"],"picked":"Scrawl+1","floor":33.0},{"not_picked":["FearNoEvil+1","PathToVictory+1","Prostrate+1"],"picked":"SKIP","floor":35.0},{"not_picked":["LikeWater","ThirdEye+1","Worship+1"],"picked":"SKIP","floor":35.0},{"not_picked":["FollowUp+1","BowlingBash+1"],"picked":"WaveOfTheHand+1","floor":36.0},{"not_picked":["ThirdEye+1","EmptyBody+1","CutThroughFate+1"],"picked":"SKIP","floor":36.0},{"not_picked":["CrushJoints+1","SashWhip+1"],"picked":"MentalFortress+1","floor":37.0},{"not_picked":["EmptyFist+1","BattleHymn","LikeWater"],"picked":"SKIP","floor":37.0},{"not_picked":["FlurryOfBlows+1","Meditate+1"],"picked":"EmptyMind+1","floor":39.0},{"not_picked":["BattleHymn","WindmillStrike+1","Wireheading"],"picked":"SKIP","floor":39.0},{"not_picked":["Perseverance+1","Protect+1","SpiritShield+1"],"picked":"SKIP","floor":41.0},{"not_picked":["EmptyFist+1","Study"],"picked":"Adaptation","floor":45.0},{"not_picked":["SashWhip+1","BowlingBash+1","Worship+1"],"picked":"SKIP","floor":45.0},{"not_picked":["SashWhip+1","BowlingBash+1","Worship+1"],"picked":"SKIP","floor":45.0}],"player_experience":2478027,"relics_obtained":[{"floor":8.0,"key":"Toxic Egg 2"},{"floor":9.0,"key":"Lantern"},{"floor":13.0,"key":"Eternal Feather"},{"floor":27.0,"key":"Omamori"},{"floor":30.0,"key":"The Courier"},{"floor":34.0,"key":"Tiny Chest"},{"floor":34.0,"key":"Mercury Hourglass"},{"floor":34.0,"key":"Prayer Wheel"},{"floor":41.0,"key":"Shovel"},{"floor":43.0,"key":"Mummified Hand"},{"floor":46.0,"key":"White Beast Statue"},{"floor":48.0,"key":"Sundial"}],"event_choices":[{"cards_removed":["Defend_P"],"damage_healed":0.0,"max_hp_gain":0.0,"max_hp_loss":0.0,"gold_gain":0.0,"event_name":"The Cleric","player_choice":"Card Removal","floor":3.0,"gold_loss":75.0,"damage_taken":0.0},{"damage_healed":0.0,"max_hp_gain":0.0,"max_hp_loss":0.0,"gold_gain":0.0,"event_name":"Ghosts","player_choice":"Ignored","floor":20.0,"gold_loss":0.0,"damage_taken":0.0},{"damage_healed":0.0,"max_hp_gain":0.0,"max_hp_loss":0.0,"gold_gain":0.0,"event_name":"Accursed Blacksmith","player_choice":"Rummage","floor":28.0,"gold_loss":0.0,"damage_taken":0.0,"relics_obtained":["WarpedTongs"],"cards_obtained":["Pain"]},{"damage_healed":0.0,"max_hp_gain":0.0,"max_hp_loss":3.0,"gold_gain":0.0,"event_name":"Winding Halls","player_choice":"Max HP","floor":42.0,"gold_loss":0.0,"damage_taken":0.0}],"is_beta":false,"boss_relics":[{"not_picked":["Snecko Eye","Cursed Key"],"picked":"Philosopher\u0027s Stone"},{"not_picked":["SacredBark","Empty Cage"],"picked":"Calling Bell"}],"items_purged_floors":[14,31,38,47],"is_endless":false,"potions_floor_spawned":[4,7,12,13,16,24,25,33,35,36,45],"killed_by":"Donu and Deca","ascension_level":20}}