{"host":"7gewg82ormp6yt4e","time":1609929993,"event":{"mods":["BaseMod","Block Reminder","Colored Map","Colored Powertips","DeckTracker","Highlight Path","Minty Spire (QoL Compilation)","Relic Stats","StSLib","ojb\u0027s Info Mod"],"gold_per_floor":[359,372,372,65,75,75,109,109,109,109,109],"floor_reached":10,"playtime":389,"items_purged":[],"score":132,"play_id":"792ae20f-9969-4989-876b-991ec503baf2","local_time":"20210106194633","is_ascension_mode":true,"campfire_choices":[{"floor":6,"key":"REST"},{"data":"Fission","floor":8,"key":"SMITH"}],"circlet_count":0,"master_deck":["AscendersBane","Strike_B","Strike_B","Strike_B","Strike_B","Defend_B","Defend_B","Defend_B","Defend_B","Zap","Dualcast","Cold Snap","Compile Driver","Defragment","Fission+1","Capacitor"],"relics":["Cracked Core","Letter Opener","OrangePellets","Blue Candle","Mercury Hourglass"],"acts_visited":["Exordium"],"potions_floor_usage":[7],"damage_taken":[{"damage":1,"enemies":"Cultist","floor":1,"turns":3},{"damage":8,"enemies":"Small Slimes","floor":2,"turns":3},{"damage":7,"enemies":"Jaw Worm","floor":5,"turns":3},{"damage":19,"enemies":"3 Sentries","floor":7,"turns":10},{"damage":34,"enemies":"Lagavulin","floor":10,"turns":6}],"seed_played":"8313130027383248072","potions_obtained":[],"is_trial":false,"path_per_floor":["M","M","?","$","M","R","E","R","T","E"],"character_chosen":"DEFECT","items_purchased":["OrangePellets","Block Potion","Defragment"],"campfire_rested":1,"item_purchase_floors":[4,4,4],"current_hp_per_floor":[45,37,26,26,19,40,21,21,21,0,0],"gold":109,"neow_bonus":"TWO_FIFTY_GOLD","is_daily":false,"chose_seed":false,"campfire_upgraded":1,"win_rate":0.0,"timestamp":1609929993,"path_taken":["M","?","?","$","M","R","E","R","T","E"],"items_purchased_type":["Relic","Potion","Card"],"build_version":"2020-12-22","purchased_purges":0,"victory":false,"max_hp_per_floor":[71,71,71,71,71,71,71,71,71,71,71],"relic_stats":{"OrangePellets":[0],"counters":[5,25],"Blue Candle":[0],"Letter Opener":[25],"obtain_stats":[{"OrangePellets":4,"Blue Candle":7,"Letter Opener":3,"Cracked Core":0,"Mercury Hourglass":9},{"OrangePellets":2,"Blue Candle":4,"Letter Opener":2,"Cracked Core":0,"Mercury Hourglass":4},{"OrangePellets":6,"Blue Candle":19,"Letter Opener":6,"Cracked Core":0,"Mercury Hourglass":19}],"Mercury Hourglass":[15]},"card_choices":[{"not_picked":["Coolheaded","Turbo"],"picked":"Cold Snap","floor":1},{"not_picked":["Rebound","Sweeping Beam"],"picked":"Compile Driver","floor":2},{"not_picked":["Double Energy","Hello World"],"picked":"Fission","floor":5},{"not_picked":["Barrage","Double Energy"],"picked":"Capacitor","floor":7}],"player_experience":2481277,"relics_obtained":[{"floor":7,"key":"Blue Candle"},{"floor":9,"key":"Mercury Hourglass"}],"event_choices":[{"damage_healed":0,"gold_gain":0,"player_choice":"Success","damage_taken":11,"relics_obtained":["Letter Opener"],"max_hp_gain":0,"max_hp_loss":0,"event_name":"Scrap Ooze","floor":3,"gold_loss":0}],"is_beta":false,"boss_relics":[],"items_purged_floors":[],"is_endless":false,"potions_floor_spawned":[],"killed_by":"Lagavulin","ascension_level":20}}