{"host":"Luther","time":1609932044,"event":{"mods":["Ascension Reborn","BaseMod","Better-Laid Plans","Dota2Spire","Minty Spire (QoL Compilation)","Quick Restart","Relic Stats","Replay The Spire","Spicy Shops","StSLib","[IsaacMod]ÒÔÈö¼âËþ","¡¾ÒÅÎï¿¨ÅÆ¡¿REMEMod"],"gold_per_floor":[110,185,203,203,217,217,217,247,247,277,277,277,297,297,297],"floor_reached":14,"playtime":756,"items_purged":[],"score":103,"play_id":"ac040b4e-b186-42df-87be-167739d07446","local_time":"20210106192044","is_ascension_mode":true,"campfire_choices":[{"floor":9,"key":"REST"},{"data":"ReplayTheSpireMod:Muscle Training","floor":12,"key":"SMITH"}],"circlet_count":0,"master_deck":["Strike_R","Strike_R","Strike_R","Strike_R","Strike_R","Defend_R","Defend_R","Defend_R","Defend_R","Bash","BloodyBrimstone","Replay:DivineShield","Sentinel","Pommel Strike","Rampage","ReplayTheSpireMod:Muscle Training+1","Disarm","REME_ACTH","Replay:Undeath\u0027s Touch"],"relics":["Burning Blood","REME_ComplimentaryCards","HushsDoor","BFFS","Ring of Misfortune","Ring of Peace","PillsDrop","Replay:Rubber Ducky","Dota2Spire:Desolator"],"acts_visited":["Exordium"],"potions_floor_usage":[14],"damage_taken":[{"damage":8,"enemies":"Cultist","floor":1,"turns":4},{"damage":11,"enemies":"Jaw Worm","floor":3,"turns":3},{"damage":0,"enemies":"2 Louse","floor":5,"turns":4},{"damage":34,"enemies":"Lagavulin","floor":8,"turns":8},{"damage":17,"enemies":"Gremlin Nob","floor":10,"turns":4},{"damage":5,"enemies":"Looter","floor":13,"turns":4},{"damage":0,"enemies":"Lagavulin","floor":14,"turns":1}],"seed_played":"6035290299923531972","potions_obtained":[{"floor":1,"key":"Milkshake"},{"floor":3,"key":"LifebloodPotion"},{"floor":13,"key":"ColorlessPotion"}],"is_trial":false,"path_per_floor":["M","?","M","?","M","PTL","PTL","E","R","E","T","R","M","E"],"character_chosen":"IRONCLAD","items_purchased":[],"campfire_rested":1,"item_purchase_floors":[],"current_hp_per_floor":[78,67,62,62,68,68,68,40,64,53,53,53,54,-999999,-999999],"gold":297,"neow_bonus":"THREE_CARDS","is_daily":false,"chose_seed":false,"campfire_upgraded":1,"win_rate":0.0,"timestamp":1609932044,"path_taken":["M","?","?","?","M","PTL","PTL","E","R","E","T","R","M","E"],"items_purchased_type":[],"build_version":"2020-12-18","purchased_purges":0,"victory":false,"max_hp_per_floor":[80,80,80,80,80,80,80,80,80,77,77,77,77,77,77],"relic_stats":{"counters":[7,28],"obtain_stats":[{"KeepersGift":0,"Ring of Misfortune":4,"Ring of Peace":4,"PillsDrop":8,"HushsDoor":0,"Burning Blood":0,"BFFS":0,"REME_ComplimentaryCards":0,"Replay:Rubber Ducky":10,"Dota2Spire:Desolator":11},{"KeepersGift":0,"Ring of Misfortune":2,"Ring of Peace":2,"PillsDrop":4,"HushsDoor":0,"Burning Blood":0,"BFFS":0,"REME_ComplimentaryCards":0,"Replay:Rubber Ducky":5,"Dota2Spire:Desolator":5},{"KeepersGift":0,"Ring of Misfortune":7,"Ring of Peace":7,"PillsDrop":19,"HushsDoor":0,"Burning Blood":0,"BFFS":0,"REME_ComplimentaryCards":0,"Replay:Rubber Ducky":23,"Dota2Spire:Desolator":23}],"Burning Blood":36},"card_choices":[{"not_picked":[],"picked":"BloodyBrimstone","floor":0},{"not_picked":["True Grit","Heavy Blade"],"picked":"Sentinel","floor":0},{"not_picked":["Anger","Iron Wave"],"picked":"Pommel Strike","floor":1},{"not_picked":["Heavy Blade","Sword Boomerang"],"picked":"Rampage","floor":3},{"not_picked":["Entrench","Massacre"],"picked":"ReplayTheSpireMod:Muscle Training","floor":5},{"not_picked":["Run Through","Clash"],"picked":"Disarm","floor":8},{"not_picked":["Run Through","Perfected Strike"],"picked":"REME_ACTH","floor":10},{"not_picked":["Body Slam","Shrug It Off"],"picked":"Replay:Undeath\u0027s Touch","floor":13}],"player_experience":24390,"relics_obtained":[{"floor":4,"key":"Ring of Misfortune"},{"floor":4,"key":"Ring of Peace"},{"floor":8,"key":"PillsDrop"},{"floor":10,"key":"Replay:Rubber Ducky"},{"floor":11,"key":"Dota2Spire:Desolator"}],"event_choices":[{"damage_healed":0,"gold_gain":75,"player_choice":"Gather Gold","damage_taken":11,"max_hp_gain":0,"max_hp_loss":0,"event_name":"World of Goop","floor":2,"gold_loss":0}],"is_beta":true,"boss_relics":[],"items_purged_floors":[],"is_endless":false,"potions_floor_spawned":[1,3,13],"killed_by":"Lagavulin","ascension_level":1}}