{"host":"mmyob72dycyg5z21","time":1609929632,"event":{"mods":["Act Like it!","Aspiration","BaseMod","Better Note","Better Third Choice","Better Vampires","Colored Powertips","Gremlin Skip","Luminous","Marked Mod","Minty Spire (QoL Compilation)","Rare Cards Sparkle","Spicy Shops","StSLib","SuperFastMode","The Hierophant","Yuyuko","[功能]功能增强和修复MOD","【功能Mod】精心准备","【遗物Mod】死灵法师NEW","篝火指南"],"gold_per_floor":[118,133,62,5,24,24,24,24,24,24,0,0,23,61,61,187,187,206,206,15,38,15,50,73,73,98,175,196,196,237,8,8,133,133,148,164,164,164,60,98,98,132,132,175,175,211,27,63,63,63],"floor_reached":51,"playtime":2521,"items_purged":["Strike_G","Defend_G+1","Defend_G+1"],"score":1535,"play_id":"a56fc73e-30f5-42ca-ab38-1870ccee5500","local_time":"20210106184032","is_ascension_mode":true,"campfire_choices":[{"data":"Strike_G","floor":6.0,"key":"PURGE"},{"data":"Strike_G","floor":10.0,"key":"PURGE"},{"data":"Skewer","floor":12.0,"key":"SMITH"},{"data":"Bouncing Flask","floor":15.0,"key":"SMITH"},{"data":"Strike_G","floor":25.0,"key":"PURGE"},{"data":"Strike_G","floor":29.0,"key":"PURGE"},{"data":"Defend_G+1","floor":49,"key":"PURGE"}],"circlet_count":0,"master_deck":["Defend_G+1","Defend_G+1","Survivor+1","Neutralize+1","Backflip+1","Concentrate+1","Footwork+1","Cloak And Dagger+1","Skewer+1","Deflect+1","Bouncing Flask+1","Acrobatics+1","Blur+1","Noxious Fumes+1","Backstab+1","Deflect+1","Night Terror+1","PiercingWail+1","Acrobatics+1","Well Laid Plans+1","Footwork+1","Tactician+1","Corpse Explosion+1","Prepared+1","Escape Plan","Crippling Poison+1","Catalyst+1","Outmaneuver+1"],"relics":["Peace Pipe","aspiration:Nostalgia","Ring of the Snake","Blood Vial","Golden Idol","Oddly Smooth Stone","Paper Crane","aspiration:HummingbirdHeart","Coffee Dripper","aspiration:ArtOfWarUpgrade","War Paint","Anchor","SharePain","aspiration:DSix","Orrery","Black Star","Mark of the Bloom","Smiling Mask","aspiration:ChemicalBlood","Singing Bowl","Unceasing Top","Bottled Lightning","Toxic Egg 2","Question Card","Whetstone","aspiration:VileToxins","Ice Cream","Ginger","SumUndead"],"acts_visited":["Exordium","TheCity","TheBeyond"],"potions_floor_usage":[50,50],"damage_taken":[{"damage":2.0,"enemies":"Jaw Worm","floor":1.0,"turns":7.0},{"damage":1.0,"enemies":"Cultist","floor":2.0,"turns":5.0},{"damage":0.0,"enemies":"Small Slimes","floor":5.0,"turns":5.0},{"damage":0.0,"enemies":"Looter","floor":11.0,"turns":4.0},{"damage":0.0,"enemies":"Exordium Wildlife","floor":13.0,"turns":5.0},{"damage":6.0,"enemies":"3 Sentries","floor":14.0,"turns":14.0},{"damage":0.0,"enemies":"The Guardian","floor":16.0,"turns":10.0},{"damage":0.0,"enemies":"Shell Parasite","floor":18.0,"turns":6.0},{"damage":0.0,"enemies":"3 Byrds","floor":21.0,"turns":5.0},{"damage":2.0,"enemies":"Book of Stabbing","floor":23.0,"turns":6.0},{"damage":0.0,"enemies":"Centurion and Healer","floor":24.0,"turns":7.0},{"damage":3.0,"enemies":"Shelled Parasite and Fungi","floor":28.0,"turns":5.0},{"damage":0.0,"enemies":"Slavers","floor":30.0,"turns":2.0},{"damage":42.0,"enemies":"Champ","floor":33.0,"turns":12.0},{"damage":0.0,"enemies":"3 Darklings","floor":35.0,"turns":6.0},{"damage":0.0,"enemies":"3 Shapes","floor":36.0,"turns":5.0},{"damage":3.0,"enemies":"Reptomancer","floor":40.0,"turns":7.0},{"damage":0.0,"enemies":"Nemesis","floor":42.0,"turns":7.0},{"damage":0.0,"enemies":"Giant Head","floor":44.0,"turns":10.0},{"damage":0.0,"enemies":"Nemesis","floor":46.0,"turns":9.0},{"damage":0.0,"enemies":"Giant Head","floor":48.0,"turns":4.0},{"damage":0,"enemies":"Time Eater","floor":50,"turns":5}],"seed_played":"-7668935903391668060","potions_obtained":[{"floor":5.0,"key":"SteroidPotion"},{"floor":13.0,"key":"Ancient Potion"},{"floor":13.0,"key":"EntropicBrew"},{"floor":16.0,"key":"DistilledChaos"},{"floor":23.0,"key":"BlessingOfTheForge"},{"floor":35.0,"key":"SkillPotion"},{"floor":40.0,"key":"SteroidPotion"},{"floor":46.0,"key":"Energy Potion"}],"is_trial":false,"path_per_floor":["M","M","$","?","M","R","?","?","T","R","M","R","M","E","R","B",null,"M","?","$","M","$","E","M","R","T","T","M","R","E","$","R","B",null,"M","M","?","?","$","E","R","E","T","E","?","E","$","E","R","B",null],"character_chosen":"THE_SILENT","items_purchased":["Footwork","Noxious Fumes","Art of War","Deflect","Orrery","Escape Plan","Ice Cream"],"campfire_rested":0,"item_purchase_floors":[3,20,20,22,31,39,47],"current_hp_per_floor":[61,60,60,60,62,62,62,50,50,50,52,52,54,50,50,52,62,64,64,64,65,65,63,65,65,65,65,62,62,64,64,64,23,55,57,59,59,59,59,56,56,56,56,56,56,56,56,56,56,56],"gold":63,"neow_bonus":"NOSTALGIA","is_daily":false,"chose_seed":false,"campfire_upgraded":2,"win_rate":0.0,"timestamp":1609929632,"path_taken":["M","M","$","?","?","R","?","?","T","R","M","R","?","E","R","BOSS","M","?","$","?","$","E","M","R","T","?","M","R","E","$","R","BOSS","M","M","?","?","$","E","R","E","T","E","?","E","$","E","R","BOSS"],"items_purchased_type":["Card","Card","Relic","Card","Relic","Card","Relic"],"build_version":"2020-12-22","purchased_purges":3,"victory":true,"max_hp_per_floor":[70,70,70,70,70,70,65,65,65,65,65,65,65,65,65,65,65,65,65,65,65,65,65,65,65,65,65,65,65,65,65,65,65,65,65,65,65,65,65,65,65,67,67,67,67,67,67,69,69,69],"card_choices":[{"not_picked":["Flying Knee","Dagger Spray"],"picked":"Backflip","floor":1.0},{"not_picked":["PiercingWail","Dagger Throw"],"picked":"Concentrate","floor":2.0},{"not_picked":["aspiration:Lunge","Underhanded Strike"],"picked":"Cloak And Dagger","floor":5.0},{"not_picked":["Poisoned Stab","Endless Agony"],"picked":"Skewer","floor":11.0},{"not_picked":["Concentrate","Sucker Punch"],"picked":"Deflect","floor":13.0},{"not_picked":["Poisoned Stab","Well Laid Plans"],"picked":"Bouncing Flask","floor":14.0},{"not_picked":["Glass Knife","Grand Finale"],"picked":"Die Die Die","floor":16.0},{"not_picked":["Blade Dance","Underhanded Strike+1"],"picked":"Acrobatics","floor":18.0},{"not_picked":["Dagger Throw+1","Bane"],"picked":"Backstab","floor":21.0},{"not_picked":["Dodge and Roll","Underhanded Strike","Bane"],"picked":"SKIP","floor":23.0},{"not_picked":["Flying Knee","Riddle With Holes"],"picked":"Night Terror","floor":24.0},{"not_picked":["Dagger Throw","Endless Agony","Slice"],"picked":"SKIP","floor":28.0},{"not_picked":["Quick Slash","Sucker Punch"],"picked":"PiercingWail","floor":30.0},{"not_picked":["Prepared+1","Cloak And Dagger"],"picked":"Acrobatics+1","floor":31.0},{"not_picked":["Bane","Venomology"],"picked":"Well Laid Plans","floor":31.0},{"not_picked":["Blade Dance","Sucker Punch"],"picked":"Footwork","floor":31.0},{"not_picked":["Riddle With Holes","Underhanded Strike"],"picked":"Tactician","floor":31.0},{"not_picked":["Venomology","Storm of Steel"],"picked":"Corpse Explosion","floor":33.0},{"not_picked":["Poisoned Stab","Flechettes+1","Dagger Spray"],"picked":"SKIP","floor":35.0},{"not_picked":["Riddle With Holes+1","Footwork"],"picked":"Prepared+1","floor":36.0},{"not_picked":["Cloak And Dagger","PiercingWail"],"picked":"Crippling Poison+1","floor":40.0},{"not_picked":["Sucker Punch+1","Slice","Blade Dance"],"picked":"Singing Bowl","floor":42.0},{"not_picked":["Acrobatics+1","Slice+1"],"picked":"Catalyst+1","floor":44.0},{"not_picked":["All Out Attack","Bane+1","Slice+1"],"picked":"Outmaneuver+1","floor":46.0},{"not_picked":["Flying Knee+1","Quick Slash","Dodge and Roll+1","Riddle With Holes"],"picked":"Singing Bowl","floor":48.0}],"player_experience":387434,"relics_obtained":[{"floor":9.0,"key":"Paper Crane"},{"floor":14.0,"key":"aspiration:HummingbirdHeart"},{"floor":23.0,"key":"War Paint"},{"floor":26.0,"key":"Anchor"},{"floor":27.0,"key":"SharePain"},{"floor":30.0,"key":"aspiration:DSix"},{"floor":40.0,"key":"Smiling Mask"},{"floor":40.0,"key":"aspiration:ChemicalBlood"},{"floor":42.0,"key":"Singing Bowl"},{"floor":42.0,"key":"Unceasing Top"},{"floor":43.0,"key":"Bottled Lightning"},{"floor":44.0,"key":"Toxic Egg 2"},{"floor":44.0,"key":"Question Card"},{"floor":46.0,"key":"Whetstone"},{"floor":46.0,"key":"aspiration:VileToxins"},{"floor":48.0,"key":"Ginger"},{"floor":48.0,"key":"SumUndead"}],"event_choices":[{"damage_healed":0.0,"max_hp_gain":0.0,"max_hp_loss":0.0,"gold_gain":0.0,"event_name":"WeMeetAgain","player_choice":"Paid Gold","floor":4.0,"gold_loss":57.0,"damage_taken":0.0,"relics_obtained":["Blood Vial"]},{"damage_healed":0.0,"max_hp_gain":0.0,"max_hp_loss":5.0,"gold_gain":0.0,"event_name":"Golden Idol","player_choice":"Lose Max HP","floor":7.0,"gold_loss":0.0,"damage_taken":0.0,"relics_obtained":["Golden Idol"]},{"damage_healed":0.0,"max_hp_gain":0.0,"max_hp_loss":0.0,"gold_gain":0.0,"event_name":"betterThird:BetterScrap","player_choice":"Relic ","floor":8.0,"gold_loss":0.0,"damage_taken":12.0,"cards_obtained":["EmptyMind"]},{"cards_removed":["Bouncing Flask"],"damage_healed":0.0,"max_hp_gain":0.0,"max_hp_loss":0.0,"gold_gain":0.0,"event_name":"betterNote:BetterNote","player_choice":"Take \u0026 Give","floor":19.0,"gold_loss":0.0,"damage_taken":0.0,"cards_obtained":["Blur"]},{"damage_healed":0.0,"max_hp_gain":0.0,"max_hp_loss":0.0,"gold_gain":0.0,"event_name":"MindBloom","player_choice":"Upgrade","floor":37.0,"gold_loss":0.0,"damage_taken":0.0,"cards_upgraded":["Defend_G","Defend_G","Defend_G","Defend_G","Defend_G","Neutralize","Backflip","Footwork","Cloak And Dagger","Deflect","Die Die Die","Acrobatics","Noxious Fumes","Backstab","Deflect","Night Terror","PiercingWail","Well Laid Plans","Footwork","Tactician","Corpse Explosion"],"relics_obtained":["Mark of the Bloom"]},{"cards_removed":["Die Die Die"],"damage_healed":0.0,"max_hp_gain":0.0,"max_hp_loss":0.0,"gold_gain":0.0,"event_name":"Falling","player_choice":"Removed Attack","floor":38.0,"gold_loss":0.0,"damage_taken":0.0},{"damage_healed":0.0,"max_hp_gain":0.0,"max_hp_loss":0.0,"gold_gain":0.0,"event_name":"Tomb of Lord Red Mask","player_choice":"Ignored","floor":45.0,"gold_loss":0.0,"damage_taken":0.0}],"is_beta":false,"boss_relics":[{"not_picked":["Ring of the Serpent","aspiration:SecretTechniqueScroll"],"picked":"Coffee Dripper"},{"not_picked":["Cursed Key","aspiration:FutureDiary"],"picked":"Black Star"}],"items_purged_floors":[31,47,47],"is_endless":false,"potions_floor_spawned":[5,13,13,14,16,21,23,23,24,24,28,30,35,36,40,46,46,46],"ascension_level":8}}