{"host":"gttgmv2wah99hzdm","time":1609946798,"event":{"mods":["AchievementEnabler","BaseMod","Bestiary","Block Reminder","Filter the Spire","Minty Spire (QoL Compilation)","Relic Stats","ojb\u0027s Better Paths Mod","ojb\u0027s Info Mod"],"gold_per_floor":[115,131,144,14,30,30,61,73,97,97,97,97,116,132,132,207,207,224,224,68,68,68,68,68,68,68],"floor_reached":25,"playtime":1226,"items_purged":["Writhe"],"score":402,"play_id":"bea322b8-3899-45f3-ad9e-dc140e7ee2e5","local_time":"20210106092638","is_ascension_mode":true,"campfire_choices":[{"data":"Carnage","floor":6,"key":"SMITH"},{"floor":10,"key":"REST"},{"data":"Bash","floor":12,"key":"SMITH"},{"data":"Anger","floor":15,"key":"SMITH"},{"floor":23,"key":"REST"}],"circlet_count":0,"master_deck":["AscendersBane","Strike_R+1","Strike_R+1","Strike_R+1","Strike_R+1","Strike_R+1","Defend_R+1","Defend_R+1","Defend_R+1","Defend_R+1","Bash+1","Iron Wave","Carnage+1","Feed","Anger+1","Flame Barrier","Corruption","Clothesline","Feel No Pain"],"relics":["Runic Cube","Oddly Smooth Stone","Lantern","SlaversCollar","Pen Nib"],"acts_visited":["Exordium","TheCity"],"potions_floor_usage":[5,7,16,25,25],"damage_taken":[{"damage":8,"enemies":"Cultist","floor":1,"turns":5},{"damage":5,"enemies":"2 Louse","floor":2,"turns":3},{"damage":11,"enemies":"Jaw Worm","floor":3,"turns":6},{"damage":0,"enemies":"2 Fungi Beasts","floor":5,"turns":2},{"damage":26,"enemies":"3 Sentries","floor":7,"turns":6},{"damage":8,"enemies":"Large Slime","floor":8,"turns":5},{"damage":0,"enemies":"Blue Slaver","floor":13,"turns":2},{"damage":2,"enemies":"Exordium Wildlife","floor":14,"turns":3},{"damage":19,"enemies":"Hexaghost","floor":16,"turns":9},{"damage":21,"enemies":"Spheric Guardian","floor":18,"turns":5},{"damage":63,"enemies":"Gremlin Leader","floor":25,"turns":7}],"seed_played":"6661759810891770455","potions_obtained":[{"floor":2,"key":"Explosive Potion"},{"floor":5,"key":"SkillPotion"},{"floor":8,"key":"AttackPotion"},{"floor":14,"key":"HeartOfIron"},{"floor":16,"key":"Strength Potion"}],"is_trial":false,"path_per_floor":["M","M","M","$","M","R","E","M","T","R","?","R","M","M","R","B",null,"M","?","$","?","?","R","$","E"],"character_chosen":"IRONCLAD","items_purchased":["Carnage","BlessingOfTheForge","Feel No Pain"],"campfire_rested":2,"item_purchase_floors":[4,4,20],"current_hp_per_floor":[60,55,44,44,44,44,21,16,16,40,40,40,43,44,44,25,72,51,51,51,26,26,53,53,0,0],"gold":68,"neow_bonus":"BOSS_RELIC","is_daily":false,"chose_seed":false,"campfire_upgraded":3,"win_rate":0.0,"timestamp":1609946798,"path_taken":["M","M","M","?","M","R","E","M","T","R","?","R","M","M","R","BOSS","M","?","$","?","?","R","$","E"],"items_purchased_type":["Card","Potion","Card"],"build_version":"2020-12-22","purchased_purges":1,"victory":false,"max_hp_per_floor":[75,75,75,75,75,75,78,81,81,81,81,81,84,87,87,87,87,87,87,87,92,92,92,92,92,92],"relic_stats":{"counters":[11,53],"Pen Nib":[2],"obtain_stats":[{"SlaversCollar":17,"Lantern":9,"Oddly Smooth Stone":7,"Pen Nib":19,"Burning Blood":0,"Runic Cube":0},{"SlaversCollar":9,"Lantern":6,"Oddly Smooth Stone":5,"Pen Nib":10,"Burning Blood":0,"Runic Cube":0},{"SlaversCollar":41,"Lantern":27,"Oddly Smooth Stone":22,"Pen Nib":46,"Burning Blood":0,"Runic Cube":0}],"Runic Cube":[27]},"card_choices":[{"not_picked":["Cleave","Warcry"],"picked":"Iron Wave","floor":1},{"not_picked":["Thunderclap","Body Slam","Seeing Red"],"picked":"SKIP","floor":2},{"not_picked":["Thunderclap","Shrug It Off","Warcry"],"picked":"SKIP","floor":3},{"not_picked":["Evolve","Twin Strike"],"picked":"Feed","floor":5},{"not_picked":["Seeing Red","Sentinel"],"picked":"Anger","floor":7},{"not_picked":["Anger","Twin Strike","Body Slam"],"picked":"SKIP","floor":8},{"not_picked":["Clash","Armaments"],"picked":"Flame Barrier","floor":13},{"not_picked":["Power Through","Thunderclap","Dropkick"],"picked":"SKIP","floor":14},{"not_picked":["Fiend Fire","Demon Form"],"picked":"Corruption","floor":16},{"not_picked":["Searing Blow","Iron Wave+1"],"picked":"Clothesline","floor":18}],"player_experience":1060670,"relics_obtained":[{"floor":7,"key":"Oddly Smooth Stone"},{"floor":9,"key":"Lantern"}],"event_choices":[{"damage_healed":0,"gold_gain":0,"player_choice":"Ignored","damage_taken":0,"max_hp_gain":0,"max_hp_loss":0,"event_name":"Liars Game","floor":11,"gold_loss":0},{"damage_healed":0,"gold_gain":0,"player_choice":"Opened","damage_taken":0,"relics_obtained":["Pen Nib"],"max_hp_gain":0,"max_hp_loss":0,"event_name":"The Mausoleum","floor":19,"gold_loss":0,"cards_obtained":["Writhe"]},{"damage_healed":0,"gold_gain":0,"player_choice":"Shed Blood","damage_taken":30,"max_hp_gain":5,"max_hp_loss":0,"event_name":"Forgotten Altar","floor":21,"gold_loss":0},{"damage_healed":0,"gold_gain":0,"player_choice":"Simplicity","damage_taken":0,"max_hp_gain":0,"max_hp_loss":0,"event_name":"Back to Basics","floor":22,"gold_loss":0,"cards_upgraded":["Strike_R","Strike_R","Strike_R","Strike_R","Strike_R","Defend_R","Defend_R","Defend_R","Defend_R"]}],"is_beta":false,"boss_relics":[{"not_picked":["Runic Dome","Velvet Choker"],"picked":"SlaversCollar"}],"items_purged_floors":[20],"is_endless":false,"potions_floor_spawned":[2,5,8,14,16],"killed_by":"Gremlin Leader","ascension_level":20}}