{"host":"e73i1h3j8sub0lkx","time":1609903205,"event":{"mods":["BaseMod","Minty Spire (QoL Compilation)","Quick Restart","SIMod","Small Relic Pack","StSLib","Trackpad","Wandering Minibosses"],"gold_per_floor":[109,126,145,170,170,170,202,202,202,226,245,276,276,276,276,373,373,360,321,219,236,121,150,150,150,150],"floor_reached":25,"playtime":1372,"items_purged":[],"score":240,"play_id":"52eb29e4-9be6-4ba3-94fd-7a855f75e518","local_time":"20210105222005","is_ascension_mode":true,"campfire_choices":[{"data":"BatchProduction","floor":6,"key":"SMITH"},{"data":"TwentyPercentcooler","floor":8,"key":"SMITH"},{"floor":13,"key":"REST"},{"floor":15,"key":"REST"},{"floor":24,"key":"REST"}],"circlet_count":0,"master_deck":["Strike_AJ","Strike_TS","Strike_RR","Strike_RD+1","Defend_TS","Defend_PP","Defend_FS","Defend_AJ","ConcertedEfforts","HarmonyShield","Louder","Generousity","Charge+1","Honesty","Honesty","BatchProduction+1","TwentyPercentcooler+1","PinkiePromise","PartyTime","PinkieSense","Generousity","Return_To_Past","MessyAndOrderly","Harmanyblast","RunningOfTheLeaves","ThunderCloud","Sisterhood","Lasso","FarmExpert","DynamicVision","Yay","PinkiePromise","Winterwrapup","PinkiePromise"],"relics":["The_element_of_harmony","NeowsBlessing","Pen Nib","Torii","GypsyBard","trackpad:AdjectivePendant","SlaversCollar","Lantern"],"acts_visited":["Exordium","TheCity"],"potions_floor_usage":[7,12],"damage_taken":[{"damage":0,"enemies":"Cultist","floor":1,"turns":1},{"damage":0,"enemies":"Small Slimes","floor":2,"turns":1},{"damage":0,"enemies":"Jaw Worm","floor":3,"turns":1},{"damage":21,"enemies":"3 Sentries","floor":7,"turns":12},{"damage":17,"enemies":"Large Slime","floor":11,"turns":7},{"damage":34,"enemies":"Gremlin Nob","floor":12,"turns":6},{"damage":51,"enemies":"Hexaghost","floor":16,"turns":16},{"damage":11,"enemies":"2 Thieves","floor":18,"turns":4},{"damage":2,"enemies":"Spheric Guardian","floor":19,"turns":8},{"damage":31,"enemies":"Centurion and Healer","floor":21,"turns":12},{"damage":38,"enemies":"Book of Stabbing","floor":23,"turns":7},{"damage":54,"enemies":"Shelled Parasite and Fungi","floor":25,"turns":5}],"seed_played":"8456287345588648629","potions_obtained":[{"floor":2,"key":"PowerPotion"},{"floor":3,"key":"LiquidBronze"},{"floor":16,"key":"Regen Potion"},{"floor":19,"key":"FearPotion"}],"is_trial":false,"path_per_floor":["M","M","M","T","?","R","E","R","T","T","M","E","R","?","R","B",null,"M","M","$","M","$","E","R","M"],"character_chosen":"TWI_CLASS","items_purchased":["Lasso","FarmExpert","Yay","PinkiePromise"],"campfire_rested":3,"item_purchase_floors":[20,20,22,22],"current_hp_per_floor":[82,82,82,82,66,66,50,50,50,50,36,6,30,30,54,12,82,71,78,78,54,54,24,48,0,0],"gold":150,"neow_bonus":"THREE_ENEMY_KILL","is_daily":false,"chose_seed":false,"campfire_upgraded":2,"win_rate":0.0,"timestamp":1609903205,"path_taken":["M","M","M","?","?","R","E","R","T","?","M","E","R","?","R","BOSS","M","M","$","M","$","E","R","M"],"items_purchased_type":["Card","Card","Card","Card"],"build_version":"2020-12-22","purchased_purges":0,"victory":false,"max_hp_per_floor":[82,82,82,82,82,82,82,82,82,82,82,82,82,82,82,82,82,82,82,82,82,82,82,82,82,82],"card_choices":[{"not_picked":["FarmExpert"],"picked":"Louder","floor":1},{"not_picked":["ThunderCloud"],"picked":"Generousity","floor":1},{"not_picked":["ServeMeal"],"picked":"Charge","floor":2},{"not_picked":["KillingWithKindness"],"picked":"Honesty","floor":2},{"not_picked":["PinkiePromise"],"picked":"Honesty","floor":3},{"not_picked":["AppleFeast"],"picked":"BatchProduction","floor":3},{"not_picked":["Anxiousness"],"picked":"TwentyPercentcooler","floor":7},{"not_picked":["ThrowingApples"],"picked":"PinkiePromise","floor":7},{"not_picked":["TwentyPercentcooler"],"picked":"PartyTime","floor":11},{"not_picked":["AllByMyself"],"picked":"PinkieSense","floor":11},{"not_picked":["KillingWithKindness"],"picked":"Generousity","floor":12},{"not_picked":["KillingWithKindness"],"picked":"Return_To_Past","floor":12},{"not_picked":["CowboySkills"],"picked":"MessyAndOrderly","floor":16},{"not_picked":["FriendshipIsMagic"],"picked":"Harmanyblast","floor":16},{"not_picked":["SwiftKick"],"picked":"RunningOfTheLeaves","floor":18},{"not_picked":["BehindTheScene","ThrowingApples+1"],"picked":"SKIP","floor":18},{"not_picked":["CleanLibrary"],"picked":"ThunderCloud","floor":19},{"not_picked":["FollowTherRainbow"],"picked":"Sisterhood","floor":19},{"not_picked":["Celebrities+1"],"picked":"DynamicVision","floor":21},{"not_picked":["Boundary+1","ServeMeal+1"],"picked":"SKIP","floor":21},{"not_picked":["AlloutStrike"],"picked":"Winterwrapup","floor":23},{"not_picked":["GemstoneDetection"],"picked":"PinkiePromise","floor":23}],"player_experience":482425,"relics_obtained":[{"floor":4,"key":"Pen Nib"},{"floor":7,"key":"Torii"},{"floor":9,"key":"StrikeDummy"},{"floor":10,"key":"GypsyBard"},{"floor":12,"key":"trackpad:AdjectivePendant"},{"floor":23,"key":"Lantern"}],"event_choices":[{"damage_healed":0,"gold_gain":0,"player_choice":"Entered Light","damage_taken":16,"max_hp_gain":0,"max_hp_loss":0,"event_name":"Shining Light","floor":5,"gold_loss":0,"cards_upgraded":["Strike_RD","Charge"]},{"damage_healed":0,"gold_gain":0,"player_choice":"Ignored","damage_taken":0,"max_hp_gain":0,"max_hp_loss":0,"event_name":"Liars Game","floor":14,"gold_loss":0}],"is_beta":false,"boss_relics":[{"not_picked":["Fusion Hammer","Tiny House"],"picked":"SlaversCollar"}],"items_purged_floors":[],"is_endless":false,"potions_floor_spawned":[2,3,16,19],"killed_by":"Shelled Parasite and Fungi","ascension_level":1}}