{"host":"ravx05nawt015nhw","time":1609903072,"event":{"mods":["Astrologer","BaseMod","Minty Spire (QoL Compilation)","StSLib"],"gold_per_floor":[110,90,102,114,131,143,143,200,200,200,241,241,266,302,302,430,430,451,475,475,55,55,93,107,107,107,120,163,182,222,87,87,216,216,230,230,230,254,275,318,318,38,120,144,144,162,180,211,211,211],"floor_reached":51,"playtime":2807,"items_purged":["Injury","Shame","astrologer:Strike"],"score":794,"play_id":"58112d57-6e35-4215-9e0c-2c427c9d2013","local_time":"20210105191752","is_ascension_mode":false,"campfire_choices":[{"data":"astrologer:Fireball","floor":7,"key":"SMITH"},{"floor":12,"key":"DIG"},{"floor":15,"key":"DIG"},{"floor":25,"key":"DIG"},{"floor":32,"key":"DIG"},{"data":"astrologer:Nova","floor":41,"key":"SMITH"},{"floor":45,"key":"DIG"},{"floor":49,"key":"DIG"}],"circlet_count":0,"master_deck":["astrologer:Strike","astrologer:Strike","astrologer:Strike","astrologer:Defend","astrologer:Defend","astrologer:Defend","astrologer:Defend","astrologer:NorthStar","astrologer:TheFool","astrologer:Radiance","astrologer:Fireball+1","astrologer:Conjunction","astrologer:ShootingStar","astrologer:NeutronStar","astrologer:TheChariot","astrologer:Fireball","astrologer:TheMagician","astrologer:CometStrike+1","Flash of Steel","astrologer:Prismatic+1","astrologer:GlassStar","astrologer:Eclipse","astrologer:Confirmation","astrologer:Alignment","astrologer:TheStar+1","astrologer:Cataclysm","astrologer:Nova+1","Injury","astrologer:FrozenStar+1","astrologer:LonelyStar","astrologer:Prismatic"],"relics":["astrologer:SkyMirror","Ancient Tea Set","Gremlin Horn","Golden Idol","Shovel","Boot","Odd Mushroom","Shuriken","Cursed Key","Darkstone Periapt","HornCleat","Sundial","Oddly Smooth Stone","Du-Vu Doll","Centennial Puzzle","Bottled Flame","Bird Faced Urn","Sozu","Meat on the Bone","Strange Spoon","Bottled Tornado","Omamori","PreservedInsect","Ice Cream"],"acts_visited":["Exordium","TheCity","TheBeyond"],"potions_floor_usage":[8,11,14,16,16,16,28,29,30,40],"damage_taken":[{"damage":0,"enemies":"Small Slimes","floor":1,"turns":3},{"damage":1,"enemies":"Cultist","floor":3,"turns":3},{"damage":0,"enemies":"2 Louse","floor":4,"turns":2},{"damage":3,"enemies":"Looter","floor":5,"turns":2},{"damage":6,"enemies":"3 Louse","floor":6,"turns":3},{"damage":5,"enemies":"3 Sentries","floor":8,"turns":5},{"damage":6,"enemies":"Gremlin Nob","floor":11,"turns":3},{"damage":0,"enemies":"Exordium Wildlife","floor":13,"turns":4},{"damage":0,"enemies":"The Mushroom Lair","floor":14,"turns":3},{"damage":10,"enemies":"Slime Boss","floor":16,"turns":6},{"damage":9,"enemies":"Spheric Guardian","floor":18,"turns":4},{"damage":0,"enemies":"Chosen","floor":19,"turns":3},{"damage":3,"enemies":"Book of Stabbing","floor":23,"turns":4},{"damage":13,"enemies":"Centurion and Healer","floor":24,"turns":4},{"damage":4,"enemies":"Shelled Parasite and Fungi","floor":27,"turns":4},{"damage":8,"enemies":"Gremlin Leader","floor":28,"turns":5},{"damage":0,"enemies":"Snake Plant","floor":29,"turns":3},{"damage":1,"enemies":"Slavers","floor":30,"turns":7},{"damage":2,"enemies":"Champ","floor":33,"turns":7},{"damage":2,"enemies":"Orb Walker","floor":35,"turns":4},{"damage":3,"enemies":"3 Shapes","floor":38,"turns":3},{"damage":0,"enemies":"Jaw Worm Horde","floor":39,"turns":4},{"damage":39,"enemies":"Nemesis","floor":40,"turns":7},{"damage":36,"enemies":"Maw","floor":44,"turns":6},{"damage":0,"enemies":"Spire Growth","floor":46,"turns":3},{"damage":7,"enemies":"Jaw Worm Horde","floor":47,"turns":4},{"damage":0,"enemies":"Reptomancer","floor":48,"turns":4},{"damage":55,"enemies":"Time Eater","floor":50,"turns":7}],"seed_played":"-1963997474278483653","potions_obtained":[{"floor":1,"key":"Fire Potion"},{"floor":2,"key":"Explosive Potion"},{"floor":4,"key":"SneckoOil"},{"floor":8,"key":"Fire Potion"},{"floor":11,"key":"Swift Potion"},{"floor":14,"key":"EssenceOfSteel"},{"floor":19,"key":"SpeedPotion"},{"floor":27,"key":"AttackPotion"},{"floor":28,"key":"Swift Potion"},{"floor":33,"key":"Swift Potion"}],"is_trial":false,"path_per_floor":["M","?","M","M","M","M","R","?","T","?","E","R","M","?","R","B",null,"M","M","?","$","?","E","M","R","T","M","E","M","E","$","R","B",null,"M","?","?","M","M","E","R","$","T","M","R","M","M","E","R","B",null],"character_chosen":"ASTROLOGER","items_purchased":["Darkstone Periapt","Flash of Steel","astrologer:Confirmation","Strange Spoon"],"campfire_rested":0,"item_purchase_floors":[21,21,31,42],"current_hp_per_floor":[77,77,76,76,73,67,67,62,62,62,56,56,56,56,56,46,77,68,68,68,68,74,71,58,58,64,60,52,52,51,51,51,55,89,89,89,89,86,89,54,54,54,60,42,42,56,57,65,65,32],"gold":211,"neow_bonus":"TEN_PERCENT_HP_BONUS","is_daily":false,"chose_seed":false,"campfire_upgraded":2,"win_rate":0.0,"timestamp":1609903072,"path_taken":["M","?","?","M","M","M","R","?","T","?","E","R","M","?","R","BOSS","M","M","?","$","?","E","M","R","T","M","E","M","E","?","R","BOSS","M","?","?","M","?","E","R","$","T","M","R","M","M","E","R","BOSS"],"items_purchased_type":["Relic","Card","Card","Relic"],"build_version":"2020-12-22","purchased_purges":3,"victory":true,"max_hp_per_floor":[77,77,77,77,77,77,77,77,77,77,77,77,77,77,77,77,77,77,77,77,77,83,83,83,83,89,89,89,89,89,89,89,89,89,89,89,89,89,89,89,89,89,95,95,95,95,95,95,95,95],"card_choices":[{"not_picked":["astrologer:SolarFlare","astrologer:TheHighPriestess"],"picked":"astrologer:Radiance","floor":1},{"not_picked":["astrologer:MeteorShower","astrologer:Stardust"],"picked":"astrologer:Fireball","floor":3},{"not_picked":["astrologer:TheHangedMan","astrologer:Stardust"],"picked":"astrologer:Conjunction","floor":4},{"not_picked":["astrologer:Opposition","astrologer:Still","astrologer:Conjunction"],"picked":"SKIP","floor":5},{"not_picked":["astrologer:Still","astrologer:CometStrike"],"picked":"astrologer:ShootingStar","floor":6},{"not_picked":["astrologer:Stardust","astrologer:ReadTheStars"],"picked":"astrologer:NeutronStar","floor":8},{"not_picked":["astrologer:TheDevil","astrologer:MeteorShower","astrologer:Moonlight"],"picked":"SKIP","floor":11},{"not_picked":["astrologer:Stardust","astrologer:Opposition"],"picked":"astrologer:TheChariot","floor":13},{"not_picked":["astrologer:MeteorShower","astrologer:Opposition"],"picked":"astrologer:Fireball","floor":14},{"not_picked":["astrologer:DarkMatter","astrologer:TheWorld"],"picked":"astrologer:TheMagician","floor":16},{"not_picked":["astrologer:FrozenStar","astrologer:Eclipse+1"],"picked":"astrologer:CometStrike+1","floor":18},{"not_picked":["astrologer:Eclipse","astrologer:Premeditation","astrologer:SolarFlare"],"picked":"SKIP","floor":19},{"not_picked":["astrologer:Eclipse","astrologer:ReadTheStars","astrologer:TheDevil+1"],"picked":"SKIP","floor":23},{"not_picked":["astrologer:SolarFlare+1","astrologer:ReadTheStars","astrologer:CometStrike"],"picked":"SKIP","floor":24},{"not_picked":["astrologer:FrozenStar","astrologer:WheelofFortune"],"picked":"astrologer:Prismatic+1","floor":27},{"not_picked":["astrologer:Prestidigitation","astrologer:Opposition"],"picked":"astrologer:GlassStar","floor":28},{"not_picked":["astrologer:Prismatic","astrologer:Temperance+1","astrologer:Conjunction"],"picked":"SKIP","floor":29},{"not_picked":["astrologer:Opposition+1","astrologer:Strength"],"picked":"astrologer:Eclipse","floor":30},{"not_picked":["astrologer:HeatDeath","astrologer:WheelofFortune"],"picked":"astrologer:Alignment","floor":33},{"not_picked":["astrologer:Prismatic","astrologer:SpaceDust"],"picked":"astrologer:TheStar+1","floor":35},{"not_picked":["astrologer:TheHighPriestess","astrologer:Conjunction+1","astrologer:ReadTheStars"],"picked":"SKIP","floor":38},{"not_picked":["astrologer:Justice","astrologer:MeteorShower+1"],"picked":"astrologer:Cataclysm","floor":39},{"not_picked":["astrologer:CometStrike+1","astrologer:Conjunction"],"picked":"astrologer:Nova","floor":40},{"not_picked":["astrologer:SpaceDust+1","astrologer:Stardust+1"],"picked":"astrologer:FrozenStar+1","floor":44},{"not_picked":["astrologer:Moonlight+1","astrologer:FrozenStar+1"],"picked":"astrologer:LonelyStar","floor":46},{"not_picked":["astrologer:Moonlight+1","astrologer:Radiance","astrologer:Opposition"],"picked":"SKIP","floor":47},{"not_picked":["astrologer:TheHermit+1","astrologer:Quincunx+1"],"picked":"astrologer:Prismatic","floor":48}],"player_experience":1064375,"relics_obtained":[{"floor":8,"key":"Ancient Tea Set"},{"floor":9,"key":"Gremlin Horn"},{"floor":11,"key":"Shovel"},{"floor":12,"key":"Boot"},{"floor":14,"key":"Odd Mushroom"},{"floor":15,"key":"Shuriken"},{"floor":23,"key":"Sundial"},{"floor":25,"key":"Oddly Smooth Stone"},{"floor":26,"key":"Du-Vu Doll"},{"floor":28,"key":"Centennial Puzzle"},{"floor":30,"key":"Bottled Flame"},{"floor":32,"key":"Bird Faced Urn"},{"floor":40,"key":"Meat on the Bone"},{"floor":43,"key":"Bottled Tornado"},{"floor":45,"key":"Omamori"},{"floor":48,"key":"PreservedInsect"},{"floor":49,"key":"Ice Cream"}],"event_choices":[{"damage_healed":0,"gold_gain":0,"player_choice":"Bought 1 Potion","damage_taken":0,"max_hp_gain":0,"max_hp_loss":0,"event_name":"The Woman in Blue","floor":2,"gold_loss":0},{"damage_healed":0,"gold_gain":30,"player_choice":"Searched \u00273\u0027 times","damage_taken":0,"max_hp_gain":0,"max_hp_loss":0,"event_name":"Dead Adventurer","floor":8,"gold_loss":0},{"damage_healed":0,"gold_gain":0,"player_choice":"Take Wound","damage_taken":0,"relics_obtained":["Golden Idol"],"max_hp_gain":0,"max_hp_loss":0,"event_name":"Golden Idol","floor":10,"gold_loss":0,"cards_obtained":["Injury"]},{"damage_healed":0,"gold_gain":0,"player_choice":"Fought Mushrooms","damage_taken":0,"max_hp_gain":0,"max_hp_loss":0,"event_name":"Mushrooms","floor":14,"gold_loss":0},{"damage_healed":0,"gold_gain":0,"player_choice":"Ignored","damage_taken":0,"max_hp_gain":0,"max_hp_loss":0,"event_name":"Vampires","floor":20,"gold_loss":0},{"damage_healed":0,"gold_gain":0,"player_choice":"Stole Relic","damage_taken":0,"relics_obtained":["HornCleat"],"max_hp_gain":0,"max_hp_loss":0,"event_name":"Addict","floor":22,"gold_loss":0,"cards_obtained":["Shame"]},{"damage_healed":0,"gold_gain":0,"player_choice":"Ignored","damage_taken":0,"max_hp_gain":0,"max_hp_loss":0,"event_name":"Tomb of Lord Red Mask","floor":36,"gold_loss":0},{"cards_removed":["Clumsy"],"damage_healed":0,"gold_gain":0,"player_choice":"Removed Curses","damage_taken":0,"max_hp_gain":0,"max_hp_loss":0,"event_name":"Fountain of Cleansing","floor":37,"gold_loss":0}],"is_beta":false,"boss_relics":[{"not_picked":["Coffee Dripper","SacredBark"],"picked":"Cursed Key"},{"not_picked":["Busted Crown","Runic Dome"],"picked":"Sozu"}],"items_purged_floors":[21,31,42],"is_endless":false,"potions_floor_spawned":[1,4,8,11,14,19,27,28,33,35,44,46,47],"ascension_level":0}}