{"host":"t7mx8yfj1no5p62f","time":1609902831,"event":{"mods":["BaseMod","Colored Map","Colored Powertips","Minty Spire (QoL Compilation)","Relic Stats","StSLib"],"gold_per_floor":[117,133,133,150,162,162,194,194,194,194,205,41,52,86,86,86,86],"floor_reached":16,"playtime":524,"items_purged":[],"score":224,"play_id":"6c7458c9-b2dc-49d6-9f72-cb048e323304","local_time":"20210105221351","is_ascension_mode":true,"campfire_choices":[{"data":"Crippling Poison","floor":8.0,"key":"SMITH"},{"floor":10.0,"key":"REST"},{"data":"Blade Dance","floor":15,"key":"SMITH"}],"circlet_count":0,"master_deck":["AscendersBane","Strike_G","Strike_G","Strike_G","Strike_G","Strike_G","Defend_G","Defend_G","Defend_G","Defend_G","Defend_G","Survivor","Neutralize","Poisoned Stab","Terror","Dagger Throw","Sucker Punch","Crippling Poison+1","Regret","Blade Dance+1","Footwork","Phantasmal Killer","Dagger Throw+1","Blur"],"relics":["Cursed Key","Shuriken","Molten Egg 2","StrikeDummy","Orrery","Strawberry"],"acts_visited":["Exordium"],"potions_floor_usage":[11],"damage_taken":[{"damage":7.0,"enemies":"Jaw Worm","floor":1.0,"turns":4.0},{"damage":1.0,"enemies":"Small Slimes","floor":2.0,"turns":4.0},{"damage":1.0,"enemies":"2 Louse","floor":4.0,"turns":3.0},{"damage":17.0,"enemies":"Large Slime","floor":5.0,"turns":5.0},{"damage":9.0,"enemies":"Gremlin Nob","floor":7.0,"turns":3.0},{"damage":3,"enemies":"Gremlin Gang","floor":11,"turns":2},{"damage":5,"enemies":"Exordium Thugs","floor":13,"turns":3},{"damage":7,"enemies":"3 Sentries","floor":14,"turns":5},{"damage":29,"enemies":"Slime Boss","floor":16,"turns":4}],"seed_played":"7162859286759842424","potions_obtained":[{"floor":1.0,"key":"Fire Potion"},{"floor":4.0,"key":"LiquidBronze"},{"floor":5.0,"key":"ColorlessPotion"},{"floor":11,"key":"Dexterity Potion"}],"is_trial":false,"path_per_floor":["M","M","?","M","M","?","E","R","T","R","M","$","M","E","R","B"],"character_chosen":"THE_SILENT","items_purchased":["Orrery"],"campfire_rested":1,"item_purchase_floors":[12],"current_hp_per_floor":[52,51,33,32,15,15,6,6,6,25,22,22,17,17,17,0,0],"gold":86,"neow_bonus":"BOSS_RELIC","is_daily":false,"chose_seed":false,"campfire_upgraded":2,"win_rate":0.0,"timestamp":1609902831,"path_taken":["M","M","?","M","M","?","E","R","T","R","M","$","M","E","R","BOSS"],"items_purchased_type":["Relic"],"build_version":"2020-12-22","purchased_purges":0,"victory":false,"max_hp_per_floor":[66,66,66,66,66,66,66,66,66,66,66,66,66,73,73,73,73],"relic_stats":{"counters":[9,33],"Shuriken":[16],"Cursed Key":1,"obtain_stats":[{"Shuriken":3,"Strawberry":14,"Orrery":12,"Molten Egg 2":7,"Cursed Key":0,"StrikeDummy":9,"Ring of the Snake":0},{"Shuriken":2,"Strawberry":8,"Orrery":6,"Molten Egg 2":5,"Cursed Key":0,"StrikeDummy":5,"Ring of the Snake":0},{"Shuriken":8,"Strawberry":29,"Orrery":21,"Molten Egg 2":19,"Cursed Key":0,"StrikeDummy":19,"Ring of the Snake":0}]},"card_choices":[{"not_picked":["Caltrops","Catalyst"],"picked":"Poisoned Stab","floor":1.0},{"not_picked":["Bane","Escape Plan"],"picked":"Terror","floor":2.0},{"not_picked":["Cloak And Dagger","Tactician"],"picked":"Dagger Throw","floor":4.0},{"not_picked":["Tactician","Slice"],"picked":"Sucker Punch","floor":5.0},{"not_picked":["Eviscerate+1","Reflex"],"picked":"Crippling Poison","floor":7.0},{"not_picked":["Bane+1","Outmaneuver"],"picked":"Blade Dance","floor":11},{"not_picked":["PiercingWail","Quick Slash+1"],"picked":"Footwork","floor":12},{"not_picked":["Bane+1","Outmaneuver"],"picked":"Phantasmal Killer","floor":12},{"not_picked":["Underhanded Strike+1","Concentrate"],"picked":"Dagger Throw+1","floor":12},{"not_picked":["Poisoned Stab+1","Terror","Finisher+1"],"picked":"SKIP","floor":13},{"not_picked":["Distraction","Masterful Stab+1"],"picked":"Blur","floor":14}],"player_experience":1663467,"relics_obtained":[{"floor":7.0,"key":"Molten Egg 2"},{"floor":9.0,"key":"StrikeDummy"},{"floor":14,"key":"Strawberry"}],"event_choices":[{"damage_healed":0.0,"max_hp_gain":0.0,"max_hp_loss":0.0,"gold_gain":0.0,"event_name":"Scrap Ooze","player_choice":"Success","floor":3.0,"gold_loss":0.0,"damage_taken":18.0,"relics_obtained":["Shuriken"]},{"damage_healed":0.0,"max_hp_gain":0.0,"max_hp_loss":0.0,"gold_gain":0.0,"event_name":"Golden Wing","player_choice":"Ignored","floor":6.0,"gold_loss":0.0,"damage_taken":0.0}],"is_beta":false,"boss_relics":[],"items_purged_floors":[],"is_endless":false,"potions_floor_spawned":[1,4,5,11],"killed_by":"Slime Boss","ascension_level":20}}