{"host":"w9yruvs4bqht6bhw","time":1609975810,"event":{"mods":["BaseMod","Colored Powertips","Minty Spire (QoL Compilation)"],"gold_per_floor":[116,66,81,81,42,42,61,87,87,87,145,196,213,213,213,213,213],"floor_reached":16,"playtime":405,"items_purged":[],"score":137,"play_id":"991f6947-3039-403a-ab09-4d5cc68fd7e1","local_time":"20210106183010","is_ascension_mode":true,"campfire_choices":[{"data":"Rampage","floor":6,"key":"SMITH"},{"data":"Uppercut","floor":10,"key":"SMITH"},{"floor":15,"key":"REST"}],"circlet_count":0,"master_deck":["Strike_R","Strike_R","Strike_R","Strike_R","Strike_R","Defend_R","Defend_R","Defend_R","Defend_R","Pommel Strike","Uppercut+1","Flex","Rampage+1","Battle Trance"],"relics":["Burning Blood","Blue Candle","Juzu Bracelet","PreservedInsect","Dead Branch","FaceOfCleric"],"acts_visited":["Exordium"],"potions_floor_usage":[8,11],"damage_taken":[{"damage":5,"enemies":"2 Louse","floor":1,"turns":3},{"damage":6,"enemies":"Jaw Worm","floor":3,"turns":4},{"damage":0,"enemies":"Cultist","floor":7,"turns":3},{"damage":24,"enemies":"3 Sentries","floor":8,"turns":6},{"damage":15,"enemies":"Lagavulin Event","floor":11,"turns":4},{"damage":14,"enemies":"Blue Slaver","floor":13,"turns":4},{"damage":43,"enemies":"Hexaghost","floor":16,"turns":9}],"seed_played":"7876691376442146255","potions_obtained":[{"floor":3,"key":"BlessingOfTheForge"},{"floor":8,"key":"DistilledChaos"}],"is_trial":false,"path_per_floor":["M","?","M","?","$","R","M","E","T","R","?","?","M","?","R","B"],"character_chosen":"IRONCLAD","items_purchased":["Rampage"],"campfire_rested":1,"item_purchase_floors":[5],"current_hp_per_floor":[73,73,73,48,48,48,54,36,36,36,27,27,19,19,43,0,0],"gold":213,"neow_bonus":"THREE_CARDS","is_daily":false,"chose_seed":false,"campfire_upgraded":2,"win_rate":0.0,"timestamp":1609975810,"path_taken":["M","?","M","?","?","R","M","E","T","R","?","?","M","?","R","BOSS"],"items_purchased_type":["Card"],"build_version":"2020-12-22","purchased_purges":0,"victory":false,"max_hp_per_floor":[80,80,80,80,80,80,80,80,80,80,80,80,80,80,80,80,80],"card_choices":[{"not_picked":["True Grit","Reckless Charge"],"picked":"Pommel Strike","floor":0},{"not_picked":["Armaments","Cleave"],"picked":"Uppercut","floor":1},{"not_picked":["Cleave","Warcry","Flex"],"picked":"SKIP","floor":3},{"not_picked":["Cleave","Warcry"],"picked":"Flex","floor":3},{"not_picked":["Whirlwind","Anger","Wild Strike"],"picked":"SKIP","floor":7},{"not_picked":["Clothesline","Warcry"],"picked":"Battle Trance","floor":8},{"not_picked":["Twin Strike","Whirlwind","Shockwave"],"picked":"SKIP","floor":13}],"player_experience":339496,"relics_obtained":[{"floor":8,"key":"Juzu Bracelet"},{"floor":9,"key":"PreservedInsect"},{"floor":11,"key":"Dead Branch"}],"event_choices":[{"cards_removed":["Bash"],"damage_healed":0,"gold_gain":0,"player_choice":"Card Removal","damage_taken":0,"max_hp_gain":0,"max_hp_loss":0,"event_name":"The Cleric","floor":2,"gold_loss":50},{"damage_healed":0,"gold_gain":0,"player_choice":"Success","damage_taken":25,"relics_obtained":["Blue Candle"],"max_hp_gain":0,"max_hp_loss":0,"event_name":"Scrap Ooze","floor":4,"gold_loss":0},{"damage_healed":0,"gold_gain":0,"player_choice":"Searched \u00271\u0027 times","damage_taken":0,"max_hp_gain":0,"max_hp_loss":0,"event_name":"Dead Adventurer","floor":11,"gold_loss":0},{"damage_healed":0,"gold_gain":51,"player_choice":"Gained Gold","damage_taken":0,"max_hp_gain":0,"max_hp_loss":0,"event_name":"Golden Wing","floor":12,"gold_loss":0},{"damage_healed":0,"gold_gain":0,"player_choice":"Trade","damage_taken":0,"relics_obtained":["FaceOfCleric"],"max_hp_gain":0,"max_hp_loss":0,"event_name":"FaceTrader","floor":14,"gold_loss":0}],"is_beta":false,"boss_relics":[],"items_purged_floors":[],"is_endless":false,"potions_floor_spawned":[3,8],"killed_by":"Hexaghost","ascension_level":8}}