{"host":"ttzdpsscxkem3xrs","time":1609899730,"event":{"mods":["BaseMod","Colored Map","Downfall","Minty Spire (QoL Compilation)","Replay The Spire","StSLib","The Cursed","The Hierophant"],"gold_per_floor":[117,130,130,130,209,239,14,14,14,48,60,60,60,60,60,181,181,201,201,300,300,324,359,359,388,412,412,412],"floor_reached":27,"playtime":1805,"items_purged":["TheCursedMod:Strike_TheCursed"],"score":291,"play_id":"28904558-222e-4e79-8025-ab775fa48551","local_time":"20210105182210","is_ascension_mode":true,"campfire_choices":[{"floor":8,"key":"REST"},{"data":"Guardian:Harden","floor":12,"key":"SMITH"},{"floor":15,"key":"DIG"},{"floor":24,"key":"REST"}],"circlet_count":0,"master_deck":["TheCursedMod:Strike_TheCursed","TheCursedMod:Strike_TheCursed","TheCursedMod:Strike_TheCursed","TheCursedMod:Defend_TheCursed","TheCursedMod:Defend_TheCursed","TheCursedMod:Defend_TheCursed","TheCursedMod:Defend_TheCursed","TheCursedMod:CursedWand","TheCursedMod:CleanUpWorkshop","TheCursedMod:Dregs","TheCursedMod:SoulReap","TheCursedMod:ReleasedStrength","hexamod:Hexaguard","TheCursedMod:NeowsMight","ThirdEye","Guardian:Harden+1","Berserk","Writhe","hierophant:Sermon+1"],"relics":["TheCursedMod:BlackMagic101","Potion Belt","PrismaticShard","Divine Protection","Darkstone Periapt","TheCursedMod:BloodyHarpoon","Replay:WaspNest","Bloody Idol","Toxic Egg 2","Philosopher\u0027s Stone","TungstenRod","Anchor","BranchBurnRelic","CeramicFish","Ancient Tea Set"],"acts_visited":["Exordium","TheCity"],"potions_floor_usage":[10,18,23,25],"damage_taken":[{"damage":4,"enemies":"Small Slimes","floor":1,"turns":4},{"damage":6,"enemies":"Jaw Worm","floor":2,"turns":4},{"damage":21,"enemies":"Gremlin Nob","floor":6,"turns":4},{"damage":8,"enemies":"Lagavulin","floor":10,"turns":6},{"damage":0,"enemies":"2 Louse","floor":11,"turns":2},{"damage":9,"enemies":"Hexaghost","floor":16,"turns":9},{"damage":2,"enemies":"2 Thieves","floor":18,"turns":4},{"damage":33,"enemies":"Book of Stabbing","floor":23,"turns":5},{"damage":65,"enemies":"Gremlin Leader","floor":25,"turns":9},{"damage":0,"enemies":"Slavers","floor":27,"turns":1}],"seed_played":"1652902248670715999","potions_obtained":[{"floor":1,"key":"Reflective Coating"},{"floor":11,"key":"FearPotion"},{"floor":16,"key":"Fire Potion"},{"floor":18,"key":"LiquidBronze"},{"floor":23,"key":"PowerPotion"}],"is_trial":false,"path_per_floor":["M","M","?","?","T","E","$","R","T","E","M","R","$","?","R_BF","B",null,"M","?","?","?","T","E","R","E","T","E"],"character_chosen":"THE_CURSED","items_purchased":["TheCursedMod:NeowsMight"],"campfire_rested":2,"item_purchase_floors":[7],"current_hp_per_floor":[71,70,70,63,63,50,50,72,72,67,75,75,75,57,57,56,75,73,79,79,79,81,53,77,22,27,27,27],"gold":412,"neow_bonus":"RANDOM_COMMON_RELIC","is_daily":false,"chose_seed":false,"campfire_upgraded":1,"win_rate":0.0,"timestamp":1609899730,"path_taken":["M","M","?","?","?","E","$","R","T","E","M","R","?","?","R_BF","BOSS","M","?","?","?","?","E","R","E","T","E"],"items_purchased_type":["Card"],"build_version":"2020-12-22","purchased_purges":1,"victory":false,"max_hp_per_floor":[75,75,75,75,75,75,75,75,75,75,75,75,75,75,75,75,75,75,81,81,81,81,81,81,81,81,81,81],"card_choices":[{"not_picked":["TheCursedMod:WearCloak","TheCursedMod:RapidMovement"],"picked":"TheCursedMod:SoulReap","floor":1},{"not_picked":["TheCursedMod:CursedAmulet","TheCursedMod:CursedShiv"],"picked":"TheCursedMod:ReleasedStrength","floor":2},{"not_picked":["Blade Dance","sneckomod:UnknownWeak"],"picked":"hexamod:Hexaguard","floor":6},{"not_picked":["champ:EnragedBash","WheelKick"],"picked":"ThirdEye","floor":10},{"not_picked":["Good Instincts","TheCursedMod:FleshFromBone"],"picked":"Guardian:Harden","floor":11},{"not_picked":["Master of Strategy+1","TheCursedMod:AntiAging+1"],"picked":"Berserk","floor":16},{"not_picked":["JustLucky","hexamod:PhantomCloak","Cleave"],"picked":"SKIP","floor":18},{"not_picked":["hexamod:GhostLash","Evaluate+1"],"picked":"hierophant:Sermon+1","floor":23},{"not_picked":["Stack+1","sneckomod:QuickBite","hierophant:Smite+1"],"picked":"SKIP","floor":25}],"player_experience":1296996,"relics_obtained":[{"floor":5,"key":"Divine Protection"},{"floor":6,"key":"Darkstone Periapt"},{"floor":9,"key":"TheCursedMod:BloodyHarpoon"},{"floor":10,"key":"Replay:WaspNest"},{"floor":15,"key":"Toxic Egg 2"},{"floor":22,"key":"Anchor"},{"floor":23,"key":"Dead Branch"},{"floor":25,"key":"CeramicFish"},{"floor":26,"key":"Ancient Tea Set"}],"event_choices":[{"cards_removed":["Replay:UnknownCurse"],"damage_healed":0,"gold_gain":0,"player_choice":"Card Removal","damage_taken":7,"max_hp_gain":0,"max_hp_loss":0,"event_name":"Golden Wing","floor":4,"gold_loss":0},{"damage_healed":0,"gold_gain":0,"player_choice":"Take Damage","damage_taken":18,"relics_obtained":["Golden Idol"],"max_hp_gain":0,"max_hp_loss":0,"event_name":"Golden Idol","floor":14,"gold_loss":0},{"damage_healed":0,"gold_gain":0,"player_choice":"Opened","damage_taken":0,"relics_obtained":["TungstenRod"],"max_hp_gain":0,"max_hp_loss":0,"event_name":"The Mausoleum","floor":19,"gold_loss":0,"cards_obtained":["Writhe"]},{"damage_healed":0,"gold_gain":99,"player_choice":"Stole From Cult","damage_taken":0,"max_hp_gain":0,"max_hp_loss":0,"event_name":"Nest","floor":20,"gold_loss":0},{"damage_healed":0,"gold_gain":0,"player_choice":"Gave Idol","damage_taken":0,"relics_obtained":["Bloody Idol"],"max_hp_gain":0,"max_hp_loss":0,"event_name":"Forgotten Altar","floor":21,"relics_lost":["Golden Idol"],"gold_loss":0}],"is_beta":false,"boss_relics":[{"not_picked":["SlaversCollar","Black Star"],"picked":"Philosopher\u0027s Stone"}],"items_purged_floors":[7],"is_endless":false,"potions_floor_spawned":[1,11,16,18,23],"killed_by":"Slavers","ascension_level":3}}