{"host":"uxq2rly8rxtwffuf","time":1609943027,"event":{"mods":["BaseMod","Koishi","Minty Spire (QoL Compilation)","StSLib","The Judge","The Servant 0.9.4"],"gold_per_floor":[119,130,60,60,78,78,78,78,78,97,114,124,138,62,62,136,136,154,165,181,106,106,106],"floor_reached":22,"playtime":707,"items_purged":["Strike_B"],"score":333,"play_id":"0067e005-c72a-4dc4-8605-68a90d2cd41c","local_time":"20210106172347","is_ascension_mode":true,"campfire_choices":[{"data":"Zap","floor":6,"key":"SMITH"},{"data":"Dualcast","floor":8,"key":"SMITH"},{"data":"Static Discharge","floor":15,"key":"SMITH"}],"circlet_count":0,"master_deck":["AscendersBane","Strike_B","Strike_B","Defend_B","Defend_B","Defend_B","Defend_B","Zap+1","Dualcast+1","Ball Lightning","Self Repair","Glacier","Cold Snap","Chaos","Lockon","Blizzard","Lockon","Static Discharge+1","Core Surge","Cold Snap","Defragment","Consume"],"relics":["Cracked Core","Pen Nib","Inserter"],"acts_visited":["Exordium","TheCity"],"potions_floor_usage":[7,13,20,22],"damage_taken":[{"damage":1,"enemies":"Cultist","floor":1,"turns":3},{"damage":2,"enemies":"Jaw Worm","floor":2,"turns":3},{"damage":3,"enemies":"Small Slimes","floor":5,"turns":4},{"damage":0,"enemies":"Gremlin Nob","floor":7,"turns":2},{"damage":3,"enemies":"Red Slaver","floor":10,"turns":3},{"damage":14,"enemies":"Exordium Thugs","floor":11,"turns":4},{"damage":8,"enemies":"Large Slime","floor":12,"turns":5},{"damage":5,"enemies":"Lots of Slimes","floor":13,"turns":3},{"damage":17,"enemies":"Slime Boss","floor":16,"turns":8},{"damage":41,"enemies":"2 Thieves","floor":18,"turns":4},{"damage":10,"enemies":"Chosen","floor":19,"turns":4},{"damage":12,"enemies":"Snecko","floor":20,"turns":5},{"damage":18,"enemies":"Centurion and Healer","floor":22,"turns":1}],"seed_played":"-6775611142957693916","potions_obtained":[{"floor":1,"key":"SmokeBomb"},{"floor":10,"key":"PotionOfCapacity"},{"floor":11,"key":"Ancient Potion"},{"floor":12,"key":"Fire Potion"},{"floor":19,"key":"PowerPotion"},{"floor":20,"key":"FocusPotion"}],"is_trial":false,"path_per_floor":["M","M","$","?","M","R","E","R","T","M","M","M","M","$","R","B",null,"M","M","M","$","M"],"character_chosen":"DEFECT","items_purchased":["Glacier","Static Discharge"],"campfire_rested":0,"item_purchase_floors":[3,14],"current_hp_per_floor":[63,61,61,61,65,65,71,71,71,71,64,63,65,65,65,55,67,33,30,18,18,0,0],"gold":106,"neow_bonus":"RANDOM_COMMON_RELIC","is_daily":false,"chose_seed":false,"campfire_upgraded":3,"win_rate":0.0,"timestamp":1609943027,"path_taken":["M","M","$","?","M","R","E","R","T","M","?","M","M","?","R","BOSS","M","M","M","$","M"],"items_purchased_type":["Card","Card"],"build_version":"2020-12-22","purchased_purges":1,"victory":false,"max_hp_per_floor":[71,71,71,71,71,71,71,71,71,71,71,71,71,71,71,71,71,71,71,71,71,71,71],"card_choices":[{"not_picked":["BootSequence","Cold Snap"],"picked":"Ball Lightning","floor":1},{"not_picked":["BootSequence","Chaos"],"picked":"Self Repair","floor":2},{"not_picked":["Rebound","Beam Cell"],"picked":"Cold Snap","floor":5},{"not_picked":["Sweeping Beam","Go for the Eyes"],"picked":"Chaos","floor":10},{"not_picked":["Compile Driver","Steam"],"picked":"Lockon","floor":11},{"not_picked":["Loop","Steam"],"picked":"Blizzard","floor":12},{"not_picked":["Compile Driver","Turbo"],"picked":"Lockon","floor":13},{"not_picked":["Creative AI","Biased Cognition"],"picked":"Core Surge","floor":16},{"not_picked":["Hologram","Stack"],"picked":"Cold Snap","floor":18},{"not_picked":["Steam","Reinforced Body"],"picked":"Defragment","floor":19},{"not_picked":["Steam Power","Hologram"],"picked":"Consume","floor":20}],"player_experience":1382429,"relics_obtained":[],"event_choices":[{"cards_removed":["Strike_B"],"damage_healed":0,"gold_gain":0,"player_choice":"Card Removal","damage_taken":0,"max_hp_gain":0,"max_hp_loss":0,"event_name":"Wheel of Change","floor":4,"gold_loss":0}],"is_beta":false,"boss_relics":[{"not_picked":["Nuclear Battery","FrozenCore"],"picked":"Inserter"}],"items_purged_floors":[21],"is_endless":false,"potions_floor_spawned":[1,10,11,12,19,20],"killed_by":"Centurion and Healer","ascension_level":15}}