{"host":"17xjy7b7ubl548g2","time":1609910330,"event":{"mods":["2.2 Compatiblity","Act Like it!","Aspiration","Astrologer","Bard","BaseMod","Bestiary","Challenge The Spire","ChefMod","Colored Map","Conspire","Elementarium","Energized Spire","Gensokyo","GifTheSpireLib","Halation","Hallownest","Hubris","Infinite Spire","Jedi Mod","Jorbs\u0027s Wanderer Trilogy","Marisa（霧雨　魔理沙）","Marked Mod","Menagerie","Minty Spire (QoL Compilation)","Pale of the Ancients","Permanent Neow","Puzzle Mod","Replay The Spire","Robot Space Explorer","Spicy Shops","StSLib","Stuff the Spire","The Blue Laboratory","The Bug Knight","The Construct","The Disciple","The Factory","The Hayseed","The Hierophant","The Marked","The Runesmith","The Sage","TheFirefly"],"gold_per_floor":[109,109,109,127,145,145,179,179,203,221,252,270,288,298,298,399,399,412,412,412,74,90,115,115,126,151,151,178,178,178,178,281,281,293,293,89,89,122,57,57,74,74,90,90,90,90,90,54,89,89],"floor_reached":56,"playtime":7173,"items_purged":["astrologer:Strike","astrologer:Strike","astrologer:Strike","conspire:Blindness"],"score":1530,"play_id":"90674916-5fe9-4bdf-b8ff-685c2de99eef","local_time":"20210106001850","is_ascension_mode":true,"campfire_choices":[{"data":"astrologer:StarOfMisfortune","floor":6,"key":"SMITH"},{"data":"jedi:forcepull","floor":8,"key":"SMITH"},{"data":"astrologer:TheChariot","floor":15,"key":"SMITH"},{"data":"astrologer:TheChariot","floor":24,"key":"SMITH"},{"data":"astrologer:Prismatic","floor":28,"key":"SMITH"},{"data":"astrologer:TheHierophant","floor":30,"key":"SMITH"},{"data":"infinitespire:DeathsTouch","floor":32,"key":"SMITH"},{"data":"astrologer:SolarFlare","floor":40,"key":"SMITH"},{"data":"astrologer:TheChariot","floor":45,"key":"SMITH"},{"floor":49,"key":"RECALL"},{"data":"astrologer:TheFool","floor":52,"key":"SMITH"}],"circlet_count":0,"master_deck":["astrologer:Defend","astrologer:Defend","astrologer:Defend","astrologer:Defend","astrologer:NorthStar","astrologer:TheFool+1","jedi:forcepull+1","astrologer:TheHierophant+1","astrologer:StarOfMisfortune+1","astrologer:Radiance","astrologer:Opposition","astrologer:SolarFlare+1","astrologer:SpaceDust","astrologer:TheChariot+1","astrologer:LonelyStar+1","astrologer:TheChariot+1","astrologer:Prismatic+1","astrologer:Cataclysm+1","astrologer:StarOfCourage+1","astrologer:SolarFlare+1","astrologer:SolarFlare+1","astrologer:StarOfMisfortune+1","infinitespire:Fortify","infinitespire:DeathsTouch+1","astrologer:TheSun+1","astrologer:CometStrike+1","astrologer:SolarFlare+1","astrologer:TheChariot+1","astrologer:TheEmperor","astrologer:Eclipse+1","astrologer:FrozenStar+1","astrologer:TheChariot"],"relics":["astrologer:SkyMirror","hubris:Icosahedron","Smiling Mask","Dream Catcher","hubris:Teleporter","conspire:SpecialSausage","Elementarium:FlickeringLantern","RobotSpaceExplorer:TurboCore","Replay:Rubber Ducky","hubris:TinFlute","Bronze Scales","Replay:Bottled Snecko","Elementarium:ElementariumTrophy","hubris:VirtuousBlindfold","jedi:heavyjacket","Guide Book","jedi:angrymask","ReplayTheSpireMod:CursedCoin","Pondfish Scales","Art of War"],"acts_visited":[],"potions_floor_usage":[7,11,16,22,23,29,41,55],"damage_taken":[{"damage":0,"enemies":"Menagerie:2_RABBITS","floor":1,"turns":4},{"damage":0,"enemies":"Menagerie:WhisperingWraith","floor":4,"turns":3},{"damage":0,"enemies":"Menagerie:MonstrousExperiment","floor":5,"turns":4},{"damage":0,"enemies":"Menagerie:Hydra","floor":7,"turns":4},{"damage":0,"enemies":"Menagerie:BEAST_MAGE_AND_PROWLING_AMALGAM","floor":10,"turns":6},{"damage":14,"enemies":"Menagerie:MaskedSummoner","floor":11,"turns":9},{"damage":0,"enemies":"Menagerie:MeltingSalamander","floor":12,"turns":4},{"damage":1,"enemies":"Menagerie:MENAGERIE_WILDLIFE","floor":13,"turns":4},{"damage":11,"enemies":"Menagerie:STYGIAN_BOAR_AND_RABBIT","floor":14,"turns":4},{"damage":4,"enemies":"Menagerie:AVATARS","floor":16,"turns":10},{"damage":0,"enemies":"Elementarium:2_ELEMENTALS","floor":18,"turns":4},{"damage":0,"enemies":"Elementarium:MUD_AND_TAR_GOLEMS","floor":22,"turns":3},{"damage":2,"enemies":"Elementarium:FIRE_NOBILITY","floor":23,"turns":8},{"damage":5,"enemies":"Elementarium:3_ELEMENTALS","floor":25,"turns":3},{"damage":5,"enemies":"Elementarium:ElementalPortal","floor":29,"turns":9},{"damage":16,"enemies":"Elementarium:PHOENIXES","floor":33,"turns":7},{"damage":0,"enemies":"3 Darklings","floor":35,"turns":2},{"damage":0,"enemies":"Giant Head","floor":41,"turns":6},{"damage":0,"enemies":"3 Shapes","floor":44,"turns":2},{"damage":0,"enemies":"Jaw Worm Horde","floor":47,"turns":2},{"damage":0,"enemies":"Donu and Deca","floor":50,"turns":8},{"damage":2,"enemies":"Shield and Spear","floor":54,"turns":6},{"damage":17,"enemies":"The Heart","floor":55,"turns":12}],"seed_played":"1118847535219268237","potions_obtained":[{"floor":5,"key":"jedi:StrikingPotion"},{"floor":7,"key":"Elixir"},{"floor":10,"key":"blueLaboratory:RememoryPotion"},{"floor":12,"key":"Weak Potion"},{"floor":16,"key":"Fire Potion"},{"floor":22,"key":"blueLaboratory:FrostheartPotion"},{"floor":33,"key":"blueLaboratory:ArtificerPotion"}],"is_trial":false,"path_per_floor":["M","?","?","M","M","R","E","R","T","M","E","M","M","M","R","B",null,"M","?","?","$","M","E","R","M","T","R","E","R","AVR","R","B",null,"M","?","$","R","E","$","T","M","R","M","R","B",null,"R","$","E","B",null],"character_chosen":"ASTROLOGER","items_purchased":["astrologer:Cataclysm+1","Replay:Rubber Ducky","Guide Book","blueLaboratory:BottleOfRum","ReplayTheSpireMod:CursedCoin","Pondfish Scales","astrologer:TheChariot","astrologer:FrozenStar+1"],"campfire_rested":0,"item_purchase_floors":[21,21,39,39,42,42,42,53],"current_hp_per_floor":[70,70,70,70,70,70,70,70,70,70,56,56,55,44,44,40,63,63,63,53,53,53,51,51,46,46,46,41,41,41,41,25,46,46,46,46,46,46,46,46,46,46,46,46,46,51,51,51,49,32],"gold":89,"neow_bonus":"RANDOM_COLORLESS","is_daily":false,"chose_seed":false,"campfire_upgraded":10,"win_rate":0.0,"timestamp":1609910330,"path_taken":["M","?","?","M","M","R","E","R","T","M","E","?","M","M","R","BOSS","M","?","?","$","?","E","R","M","T","R","E","R","AVR","R","BOSS","M","?","$","R","E","$","T","?","R","M","R","BOSS","R","$","E","BOSS"],"items_purchased_type":["Card","Relic","Relic","Potion","Relic","Relic","Card","Card"],"build_version":"2020-12-22","purchased_purges":4,"victory":true,"max_hp_per_floor":[70,70,70,70,70,70,70,70,70,70,70,70,70,70,70,70,70,70,70,53,53,53,53,53,53,53,53,53,53,53,53,53,53,53,53,53,53,53,53,53,53,53,53,53,53,53,53,53,53,53],"card_choices":[{"not_picked":["StuffTheSpire:FreeRealEstate","Replay:Sssssssssshield"],"picked":"jedi:forcepull","floor":0},{"not_picked":["astrologer:Still","astrologer:MeteorShower"],"picked":"astrologer:TheHierophant","floor":1},{"not_picked":["astrologer:Sunrise","astrologer:TheChariot"],"picked":"astrologer:StarOfMisfortune","floor":4},{"not_picked":["astrologer:Stardust","astrologer:SpaceDust"],"picked":"astrologer:Radiance","floor":5},{"not_picked":["astrologer:ReadTheStars","astrologer:Sunrise"],"picked":"astrologer:Opposition","floor":7},{"not_picked":["astrologer:CosmicExpanse","astrologer:Still"],"picked":"astrologer:SolarFlare","floor":10},{"not_picked":["astrologer:Divination","astrologer:TheHighPriestess"],"picked":"astrologer:SpaceDust","floor":11},{"not_picked":["astrologer:Radiance","astrologer:Still"],"picked":"astrologer:TheChariot","floor":12},{"not_picked":["astrologer:Justice","astrologer:FrozenStar"],"picked":"astrologer:LonelyStar","floor":13},{"not_picked":["astrologer:StarOfCourage","astrologer:ReadTheStars","astrologer:TheHighPriestess"],"picked":"SKIP","floor":14},{"not_picked":["astrologer:TheMagician","astrologer:WheelofFortune"],"picked":"astrologer:TheChariot","floor":16},{"not_picked":["astrologer:Radiance+1","astrologer:Stardust"],"picked":"astrologer:Prismatic","floor":18},{"not_picked":["astrologer:Shine","astrologer:CometStrike"],"picked":"astrologer:StarOfCourage+1","floor":22},{"not_picked":["astrologer:Radiance","astrologer:StarOfChange"],"picked":"astrologer:SolarFlare+1","floor":23},{"not_picked":["astrologer:StarOfChange+1","astrologer:Radiance"],"picked":"astrologer:SolarFlare+1","floor":25},{"not_picked":["astrologer:FadingStar","astrologer:Stardust"],"picked":"astrologer:StarOfMisfortune+1","floor":29},{"not_picked":["astrologer:Fate","astrologer:TheMagician"],"picked":"astrologer:TheSun","floor":33},{"not_picked":["astrologer:StarOfCourage+1","astrologer:TheDevil"],"picked":"astrologer:CometStrike+1","floor":35},{"not_picked":["astrologer:Premeditation","astrologer:ReadTheStars+1"],"picked":"astrologer:SolarFlare+1","floor":41},{"not_picked":["astrologer:Prestidigitation","astrologer:Conjunction"],"picked":"astrologer:TheEmperor","floor":44},{"not_picked":["astrologer:SolarFlare+1","astrologer:Radiance+1"],"picked":"astrologer:Eclipse+1","floor":47},{"not_picked":["astrologer:TheHighPriestess","astrologer:Stardust"],"picked":"astrologer:TheChariot","floor":54}],"player_experience":1675477,"relics_obtained":[{"floor":7,"key":"Smiling Mask"},{"floor":9,"key":"Dream Catcher"},{"floor":11,"key":"hubris:Teleporter"},{"floor":23,"key":"hubris:TinFlute"},{"floor":26,"key":"Bronze Scales"},{"floor":29,"key":"Replay:Bottled Snecko"},{"floor":41,"key":"jedi:angrymask"},{"floor":54,"key":"Art of War"}],"event_choices":[{"cards_removed":["astrologer:Strike"],"damage_healed":0,"gold_gain":0,"player_choice":"Snake","damage_taken":0,"max_hp_gain":0,"max_hp_loss":0,"event_name":"Menagerie:ThreeAnimals","floor":3,"gold_loss":0},{"damage_healed":0,"gold_gain":0,"player_choice":"Take","damage_taken":0,"relics_obtained":["Elementarium:FlickeringLantern"],"max_hp_gain":0,"max_hp_loss":0,"event_name":"Elementarium:HeartOfTheVoid","floor":19,"gold_loss":0}],"is_beta":false,"boss_relics":[{"not_picked":["ReplayTheSpireMod:DimensionalGlitch","conspire:SeveredTorchhead"],"picked":"conspire:SpecialSausage"},{"not_picked":["Ring of Chaos","energizedSpire:OgreHead"],"picked":"hubris:VirtuousBlindfold"}],"items_purged_floors":[21,21,31,42],"is_endless":false,"potions_floor_spawned":[5,7,10,12,16,22,33,44,54],"ascension_level":5}}