{"host":"1q1wpq6df472foxy","time":1609942860,"event":{"mods":["BaseMod","DeckTracker","Highlight Path","Minty Spire (QoL Compilation)","Quick Restart","StSLib","SuperFastMode"],"gold_per_floor":[112,112,112,40,51,51,78,78,78,3,3,22,22,49,49,144,144,164,181,181,181,192,192,92,92,92,107,7,26,37,37,37],"floor_reached":31,"playtime":617,"items_purged":["Strike_R","Strike_R","Strike_R"],"score":415,"play_id":"965fe166-890e-4e63-aad2-a946e3d25d71","local_time":"20210106232100","is_ascension_mode":true,"campfire_choices":[{"floor":6,"key":"RECALL"},{"data":"Searing Blow","floor":8,"key":"SMITH"},{"data":"Searing Blow+1","floor":11,"key":"SMITH"},{"floor":15,"key":"REST"},{"floor":23,"key":"REST"}],"circlet_count":0,"master_deck":["AscendersBane","Strike_R","Strike_R","Defend_R","Defend_R","Defend_R","Defend_R","Bash","Armaments+1","Searing Blow+2","Fiend Fire"],"relics":["Burning Blood","Ginger","Question Card","Mercury Hourglass","Busted Crown","Nloth\u0027s Gift","The Courier"],"acts_visited":["Exordium","TheCity"],"potions_floor_usage":[16,30],"damage_taken":[{"damage":0,"enemies":"Jaw Worm","floor":1,"turns":1},{"damage":0,"enemies":"Cultist","floor":5,"turns":1},{"damage":0,"enemies":"3 Sentries","floor":7,"turns":1},{"damage":4,"enemies":"2 Louse","floor":12,"turns":3},{"damage":39,"enemies":"Lagavulin","floor":14,"turns":10},{"damage":67,"enemies":"Hexaghost","floor":16,"turns":9},{"damage":15,"enemies":"3 Byrds","floor":18,"turns":5},{"damage":14,"enemies":"Shell Parasite","floor":19,"turns":5},{"damage":24,"enemies":"Snake Plant","floor":22,"turns":3},{"damage":14,"enemies":"Snecko","floor":27,"turns":4},{"damage":17,"enemies":"Centurion and Healer","floor":29,"turns":8},{"damage":33,"enemies":"Shelled Parasite and Fungi","floor":30,"turns":7},{"damage":15,"enemies":"Chosen and Byrds","floor":31,"turns":4}],"seed_played":"3001054570289792557","potions_obtained":[{"floor":5,"key":"Energy Potion"},{"floor":7,"key":"ColorlessPotion"},{"floor":29,"key":"AttackPotion"}],"is_trial":false,"path_per_floor":["M","?","?","$","M","R","E","R","T","$","R","M","T","E","R","B",null,"M","M","?","?","M","R","$","$","T","M","$","M","M","M"],"character_chosen":"IRONCLAD","items_purchased":["Searing Blow"],"campfire_rested":2,"item_purchase_floors":[4],"current_hp_per_floor":[78,83,83,83,85,85,85,85,85,85,85,85,85,52,77,16,68,59,51,51,51,33,58,58,58,58,50,50,39,12,0,0],"gold":37,"neow_bonus":"THREE_ENEMY_KILL","is_daily":false,"chose_seed":false,"campfire_upgraded":2,"win_rate":0.0,"timestamp":1609942860,"path_taken":["M","?","?","$","?","R","E","R","T","$","R","M","?","E","R","BOSS","M","M","?","?","?","R","?","$","T","?","$","M","M","M"],"items_purchased_type":["Card"],"build_version":"2020-12-22","purchased_purges":3,"victory":false,"max_hp_per_floor":[80,85,85,85,85,85,85,85,85,85,85,85,85,85,85,85,85,85,85,85,85,85,85,85,85,85,85,85,85,85,85,85],"card_choices":[{"not_picked":["Twin Strike","True Grit"],"picked":"Armaments","floor":1},{"not_picked":["Perfected Strike","Spot Weakness","Dual Wield"],"picked":"SKIP","floor":5},{"not_picked":["Shrug It Off","Cleave","Flex"],"picked":"SKIP","floor":7},{"not_picked":["Havoc","Sentinel","Flex"],"picked":"SKIP","floor":12},{"not_picked":["Iron Wave","Flex","Sword Boomerang","Wild Strike"],"picked":"SKIP","floor":14},{"not_picked":["Offering","Juggernaut","Barricade"],"picked":"Fiend Fire","floor":16},{"not_picked":["Warcry","Blood for Blood"],"picked":"SKIP","floor":18},{"not_picked":["Wild Strike","Perfected Strike+1"],"picked":"SKIP","floor":19},{"not_picked":["Armaments","Body Slam"],"picked":"SKIP","floor":22},{"not_picked":["Flex","Perfected Strike"],"picked":"SKIP","floor":27},{"not_picked":["Shrug It Off","Sword Boomerang"],"picked":"SKIP","floor":29},{"not_picked":["Berserk","Warcry"],"picked":"SKIP","floor":30}],"player_experience":381893,"relics_obtained":[{"floor":7,"key":"Ginger"},{"floor":13,"key":"Question Card"},{"floor":14,"key":"Mercury Hourglass"},{"floor":26,"key":"The Courier"}],"event_choices":[{"damage_healed":0,"gold_gain":0,"player_choice":"Donut","damage_taken":0,"max_hp_gain":5,"max_hp_loss":0,"event_name":"Big Fish","floor":2,"gold_loss":0},{"damage_healed":0,"gold_gain":0,"player_choice":"Forge","damage_taken":0,"max_hp_gain":0,"max_hp_loss":0,"event_name":"Accursed Blacksmith","floor":3,"gold_loss":0,"cards_upgraded":["Armaments"]},{"damage_healed":0,"gold_gain":0,"player_choice":"Ignored","damage_taken":0,"max_hp_gain":0,"max_hp_loss":0,"event_name":"Cursed Tome","floor":20,"gold_loss":0},{"damage_healed":0,"gold_gain":0,"player_choice":"Traded Relic","damage_taken":0,"relics_obtained":["Nloth\u0027s Gift"],"max_hp_gain":0,"max_hp_loss":0,"event_name":"N\u0027loth","floor":21,"relics_lost":["NeowsBlessing"],"gold_loss":0}],"is_beta":false,"boss_relics":[{"not_picked":["Black Star","Philosopher\u0027s Stone"],"picked":"Busted Crown"}],"items_purged_floors":[10,24,28],"is_endless":false,"potions_floor_spawned":[5,7,12,29],"killed_by":"Chosen and Byrds","ascension_level":11}}