{"host":"126yiuos2nq86se7","time":1609912934,"event":{"mods":["AchievementEnabler","Act Like it!","BaseMod","Colored Map","Colored Powertips","Downfall","Friendly Minions","Halation","Highlight Path","Jorbs\u0027s Wanderer Trilogy","Minty Spire (QoL Compilation)","StSLib","SuperFastMode","The Animator"],"gold_per_floor":[118,136,86,97,22,22,50,50,77,77,28,28,28,44,44,141,141,159,7,26,44,44,44,44,44,44,44,44,55,75,86,86,191,191,210,210,230,30,30,30],"floor_reached":39,"playtime":1716,"items_purged":["stsjorbsmod:Strike_Wanderer","stsjorbsmod:Strike_Wanderer"],"score":379,"play_id":"dfcd73a6-6f1e-4a82-84b2-d4d47ebbe0f1","local_time":"20210106170214","is_ascension_mode":false,"campfire_choices":[{"data":"stsjorbsmod:FreshAdventure","floor":6,"key":"SMITH"},{"data":"stsjorbsmod:EyeOfTheStorm","floor":8,"key":"SMITH"},{"floor":15,"key":"REST"},{"data":"stsjorbsmod:Prestidigitation","floor":23,"key":"SMITH"},{"floor":25,"key":"REST"},{"data":"stsjorbsmod:Pyromancy","floor":27,"key":"SMITH"},{"floor":32,"key":"REST"}],"circlet_count":0,"master_deck":["stsjorbsmod:ForbiddenGrimoire+1","stsjorbsmod:Defend_Wanderer","stsjorbsmod:Defend_Wanderer+1","stsjorbsmod:Defend_Wanderer+1","stsjorbsmod:Defend_Wanderer","stsjorbsmod:FreshAdventure+1","stsjorbsmod:EyeOfTheStorm+1","stsjorbsmod:FindFamiliar","stsjorbsmod:Firebolt","stsjorbsmod:Pyromancy+1","stsjorbsmod:ArcaneWeapon","stsjorbsmod:ArcaneWeapon","stsjorbsmod:Aid+1","stsjorbsmod:Firebolt+1","stsjorbsmod:HoldMonster","stsjorbsmod:ArcaneWeapon","stsjorbsmod:Mending+1","stsjorbsmod:RefuseToForget","stsjorbsmod:GatherPower","stsjorbsmod:Counterspell+1","stsjorbsmod:Firebolt+1","stsjorbsmod:WanderingMind"],"relics":["stsjorbsmod:GrimoireRelic","Pen Nib","PreservedInsect","Blood Vial","Sozu","Enchiridion","Potion Belt","Toolbox"],"acts_visited":["Exordium","TheCity","TheBeyond"],"potions_floor_usage":[7,7,16],"damage_taken":[{"damage":0,"enemies":"2 Louse","floor":1,"turns":4},{"damage":1,"enemies":"Jaw Worm","floor":2,"turns":5},{"damage":0,"enemies":"Small Slimes","floor":4,"turns":4},{"damage":20,"enemies":"Gremlin Nob","floor":7,"turns":4},{"damage":0,"enemies":"3 Louse","floor":14,"turns":4},{"damage":48,"enemies":"Slime Boss","floor":16,"turns":10},{"damage":0,"enemies":"3 Byrds","floor":18,"turns":5},{"damage":22,"enemies":"2 Thieves","floor":20,"turns":4},{"damage":12,"enemies":"Snecko","floor":21,"turns":7},{"damage":12,"enemies":"Snake Plant","floor":29,"turns":6},{"damage":13,"enemies":"Shelled Parasite and Fungi","floor":30,"turns":7},{"damage":17,"enemies":"Cultist and Chosen","floor":31,"turns":7},{"damage":49,"enemies":"Collector","floor":33,"turns":8},{"damage":30,"enemies":"Orb Walker","floor":35,"turns":4},{"damage":23,"enemies":"3 Shapes","floor":37,"turns":4},{"damage":45,"enemies":"Jaw Worm Horde","floor":39,"turns":4}],"seed_played":"4260202890152208219","potions_obtained":[{"floor":0,"key":"GamblersBrew"},{"floor":0,"key":"sneckomod:MuddlingPotion"},{"floor":0,"key":"GamblersBrew"},{"floor":1,"key":"Fire Potion"},{"floor":2,"key":"Swift Potion"}],"is_trial":false,"path_per_floor":["M","M","?","M","$","R","E","R","T","?","$","?","?","M","R","B",null,"M","$","M","M","?","R","?","R","T","R","?","M","M","M","R","B",null,"M","?","M","$","M"],"character_chosen":"WANDERER","items_purchased":["stsjorbsmod:Prestidigitation","stsjorbsmod:ArcaneWeapon","Toolbox","stsjorbsmod:WanderingMind"],"campfire_rested":3,"item_purchase_floors":[11,19,38,38],"current_hp_per_floor":[68,70,70,70,70,70,51,51,51,37,37,30,30,41,63,17,76,76,76,56,50,50,50,34,56,56,56,56,49,41,28,50,3,76,47,47,31,31,0,0],"gold":30,"neow_bonus":"THREE_SMALL_POTIONS","is_daily":false,"chose_seed":false,"campfire_upgraded":4,"win_rate":0.0,"timestamp":1609912934,"path_taken":["M","M","?","M","$","R","E","R","T","?","$","?","?","M","R","BOSS","M","$","M","M","?","R","?","R","T","R","?","M","M","?","R","BOSS","M","?","M","$","M"],"items_purchased_type":["Card","Card","Relic","Card"],"build_version":"2020-12-22","purchased_purges":2,"victory":false,"max_hp_per_floor":[68,70,70,70,70,70,70,70,70,70,70,70,70,76,76,76,76,76,76,76,76,76,76,76,76,76,76,76,76,76,76,76,76,76,76,76,76,76,76,76],"card_choices":[{"not_picked":["stsjorbsmod:Prepare","stsjorbsmod:BlackTentacles"],"picked":"stsjorbsmod:FindFamiliar","floor":1},{"not_picked":["stsjorbsmod:FracturedMind","stsjorbsmod:DoubleCheck","stsjorbsmod:Index"],"picked":"SKIP","floor":2},{"not_picked":["stsjorbsmod:OldPocket","stsjorbsmod:RayOfFrost","stsjorbsmod:Index"],"picked":"SKIP","floor":4},{"not_picked":["stsjorbsmod:ParryingBlow","stsjorbsmod:BurningFlask","stsjorbsmod:DoubleCheck"],"picked":"SKIP","floor":7},{"not_picked":["stsjorbsmod:Prestidigitation","stsjorbsmod:Message"],"picked":"stsjorbsmod:Firebolt","floor":14},{"not_picked":["stsjorbsmod:IvoryTower","stsjorbsmod:Banish"],"picked":"stsjorbsmod:Pyromancy","floor":16},{"not_picked":["stsjorbsmod:ParryingBlow","stsjorbsmod:Prepare"],"picked":"stsjorbsmod:ArcaneWeapon","floor":18},{"not_picked":["stsjorbsmod:RayOfFrost+1","stsjorbsmod:Firebolt"],"picked":"stsjorbsmod:Aid+1","floor":20},{"not_picked":["stsjorbsmod:Materialize","stsjorbsmod:Introspection"],"picked":"stsjorbsmod:Firebolt+1","floor":21},{"not_picked":["stsjorbsmod:AnimateObjects","stsjorbsmod:Hibernate"],"picked":"stsjorbsmod:ArcaneWeapon","floor":29},{"not_picked":["stsjorbsmod:ChatteringStrike+1","stsjorbsmod:Prepare"],"picked":"stsjorbsmod:Mending+1","floor":30},{"not_picked":["stsjorbsmod:SmithingStrike+1","stsjorbsmod:Channel"],"picked":"stsjorbsmod:RefuseToForget","floor":31},{"not_picked":["stsjorbsmod:Fireball","stsjorbsmod:MirrorImage"],"picked":"stsjorbsmod:GatherPower","floor":33},{"not_picked":["stsjorbsmod:Message+1","stsjorbsmod:BlackTentacles+1"],"picked":"stsjorbsmod:Counterspell+1","floor":35},{"not_picked":["stsjorbsmod:Hibernate","stsjorbsmod:SchoolsOfMagic+1"],"picked":"stsjorbsmod:Firebolt+1","floor":37}],"player_experience":1609666,"relics_obtained":[{"floor":7,"key":"Pen Nib"},{"floor":9,"key":"PreservedInsect"},{"floor":24,"key":"Enchiridion"},{"floor":26,"key":"Potion Belt"}],"event_choices":[{"cards_removed":["stsjorbsmod:Strike_Wanderer"],"damage_healed":0,"gold_gain":0,"player_choice":"Card Removal","damage_taken":0,"max_hp_gain":0,"max_hp_loss":0,"event_name":"The Cleric","floor":3,"gold_loss":50},{"damage_healed":0,"gold_gain":0,"player_choice":"Entered Light","damage_taken":14,"max_hp_gain":0,"max_hp_loss":0,"event_name":"Shining Light","floor":10,"gold_loss":0,"cards_upgraded":["stsjorbsmod:Defend_Wanderer","stsjorbsmod:Strike_Wanderer"]},{"damage_healed":0,"gold_gain":0,"player_choice":"Success","damage_taken":7,"relics_obtained":["Blood Vial"],"max_hp_gain":0,"max_hp_loss":0,"event_name":"Scrap Ooze","floor":12,"gold_loss":0},{"damage_healed":0,"gold_gain":0,"player_choice":"Ignored","damage_taken":0,"max_hp_gain":0,"max_hp_loss":0,"event_name":"Liars Game","floor":13,"gold_loss":0},{"damage_healed":0,"gold_gain":0,"player_choice":"Ignored","damage_taken":0,"max_hp_gain":0,"max_hp_loss":0,"event_name":"The Mausoleum","floor":22,"gold_loss":0},{"damage_healed":0,"gold_gain":0,"player_choice":"Obtained Book","damage_taken":16,"max_hp_gain":0,"max_hp_loss":0,"event_name":"Cursed Tome","floor":24,"gold_loss":0},{"damage_healed":0,"gold_gain":0,"cards_transformed":["stsjorbsmod:Strike_Wanderer"],"player_choice":"Transformed","damage_taken":0,"max_hp_gain":0,"max_hp_loss":0,"event_name":"Transmorgrifier","floor":28,"gold_loss":0,"cards_obtained":["stsjorbsmod:HoldMonster"]},{"cards_removed":["stsjorbsmod:Prestidigitation"],"damage_healed":0,"gold_gain":0,"player_choice":"Removed Power","damage_taken":0,"max_hp_gain":0,"max_hp_loss":0,"event_name":"Falling","floor":36,"gold_loss":0}],"is_beta":false,"boss_relics":[{"not_picked":["halation:PinkAlligatorPlush","Snecko Eye"],"picked":"Sozu"},{"not_picked":["halation:SmartPhone","halation:MonkeysPaw","Empty Cage"]}],"items_purged_floors":[5,19],"is_endless":false,"potions_floor_spawned":[1,2,18,20,29],"killed_by":"Jaw Worm Horde","ascension_level":0}}