{"host":"za51qju8r56bcr85","time":1609910056,"event":{"mods":["Act Like it!","BaseMod","Block Reminder","Googly Eyes","Minty Spire (QoL Compilation)","Quick Restart","Relic Sorter","Relic Stats","Shop Mod","StSLib","SuperFastMode"],"gold_per_floor":[112,112,112,112,37,78,97,97,97,112,12,52,52,90,90,185,185,203,228,228,246,246,246,246,246,270,270,304,323,356,375,375,474,474,495,511,1510,1526,890,890,934,934,934,934,934,974,993,1031,1031,1031,1031,1031,1031,69,105,105],"floor_reached":57,"playtime":2000,"items_purged":["Strike_R","Strike_R","Normality","Normality"],"score":3413,"play_id":"a50e3b9a-3247-460e-a399-a7488cfbd397","local_time":"20210106131416","is_ascension_mode":true,"campfire_choices":[{"data":"Twin Strike","floor":8.0,"key":"SMITH"},{"data":"Shockwave","floor":15.0,"key":"SMITH"},{"data":"Body Slam","floor":23.0,"key":"SMITH"},{"data":"Burning Pact","floor":25.0,"key":"SMITH"},{"data":"Fiend Fire","floor":27.0,"key":"SMITH"},{"data":"Bloodletting","floor":32.0,"key":"SMITH"},{"data":"Second Wind","floor":40.0,"key":"SMITH"},{"data":"Barricade","floor":42.0,"key":"SMITH"},{"data":"Dark Embrace","floor":44.0,"key":"SMITH"},{"floor":49.0,"key":"RECALL"},{"data":"Power Through","floor":53.0,"key":"SMITH"}],"circlet_count":0,"master_deck":["AscendersBane","Defend_R","Defend_R","Defend_R","Defend_R","Bash","Twin Strike+1","Burning Pact+1","Shockwave+1","Power Through+1","Fiend Fire+1","Body Slam+1","Battle Trance","Dropkick","Dark Embrace+1","Bloodletting+1","Barricade+1","Second Wind+1","Disarm"],"relics":["Burning Blood","NeowsBlessing","Frozen Eye","Golden Idol","Potion Belt","Gremlin Horn","Magic Flower","Meat on the Bone","The Courier","Runic Pyramid","Tiny Chest","Blue Candle","Champion Belt","Cursed Key","FossilizedHelix","Anchor","White Beast Statue","Mummified Hand","CeramicFish","Art of War","Self Forming Clay","Unceasing Top","Ornamental Fan","Bottled Tornado","Pen Nib"],"acts_visited":["Exordium","TheCity","TheBeyond","TheEnding"],"potions_floor_usage":[56,56,56],"damage_taken":[{"damage":0.0,"enemies":"Small Slimes","floor":1.0,"turns":1.0},{"damage":0.0,"enemies":"Gremlin Nob","floor":6.0,"turns":1.0},{"damage":0.0,"enemies":"2 Louse","floor":7.0,"turns":2.0},{"damage":2.0,"enemies":"Jaw Worm","floor":10.0,"turns":3.0},{"damage":36.0,"enemies":"Lagavulin","floor":12.0,"turns":7.0},{"damage":12.0,"enemies":"Gremlin Nob","floor":14.0,"turns":3.0},{"damage":0.0,"enemies":"The Guardian","floor":16.0,"turns":2.0},{"damage":4.0,"enemies":"Chosen","floor":18.0,"turns":4.0},{"damage":15.0,"enemies":"3 Byrds","floor":19.0,"turns":5.0},{"damage":3.0,"enemies":"Snake Plant","floor":21.0,"turns":3.0},{"damage":0.0,"enemies":"Gremlin Leader","floor":28.0,"turns":5.0},{"damage":5.0,"enemies":"Cultist and Chosen","floor":29.0,"turns":3.0},{"damage":24.0,"enemies":"Slavers","floor":30.0,"turns":4.0},{"damage":9.0,"enemies":"Snecko","floor":31.0,"turns":3.0},{"damage":20.0,"enemies":"Collector","floor":33.0,"turns":4.0},{"damage":4.0,"enemies":"3 Shapes","floor":35.0,"turns":9.0},{"damage":5.0,"enemies":"3 Darklings","floor":36.0,"turns":4.0},{"damage":40.0,"enemies":"Sphere and 2 Shapes","floor":38.0,"turns":8.0},{"damage":11.0,"enemies":"Nemesis","floor":41.0,"turns":3.0},{"damage":35.0,"enemies":"Reptomancer","floor":46.0,"turns":4.0},{"damage":0.0,"enemies":"Maw","floor":47.0,"turns":6.0},{"damage":0.0,"enemies":"Giant Head","floor":48.0,"turns":4.0},{"damage":12.0,"enemies":"Awakened One","floor":50.0,"turns":5.0},{"damage":11.0,"enemies":"Time Eater","floor":51.0,"turns":7.0},{"damage":3,"enemies":"Shield and Spear","floor":55,"turns":4},{"damage":0,"enemies":"The Heart","floor":56,"turns":8}],"seed_played":"-6422616856280113756","potions_obtained":[{"floor":6.0,"key":"Weak Potion"},{"floor":10.0,"key":"SteroidPotion"},{"floor":16.0,"key":"Weak Potion"},{"floor":18.0,"key":"GamblersBrew"},{"floor":19.0,"key":"Strength Potion"},{"floor":31.0,"key":"Regen Potion"},{"floor":35.0,"key":"Block Potion"},{"floor":36.0,"key":"SkillPotion"},{"floor":46.0,"key":"Strength Potion"},{"floor":48.0,"key":"Block Potion"},{"floor":55,"key":"DuplicationPotion"}],"is_trial":false,"path_per_floor":["M","?","?","?","$","E","M","R","T","M","$","E","?","E","R","B",null,"M","M","?","M","?","R","T","R","T","R","E","M","E","M","R","B",null,"M","M","?","M","$","R","E","R","T","R","?","E","M","E","R","B","B",null,"R","$","E","B",null],"character_chosen":"IRONCLAD","items_purchased":["FossilizedHelix","Anchor","Disarm","Fruit Juice","Art of War","Self Forming Clay","GamblersBrew","Unceasing Top","Ornamental Fan","Bottled Tornado"],"campfire_rested":0,"item_purchase_floors":[39,39,39,39,54,54,54,54,54,54],"current_hp_per_floor":[74,48,53,53,53,59,65,65,65,69,69,39,21,36,36,63,76,80,74,74,80,80,80,80,80,80,80,80,80,65,65,65,54,74,79,80,80,67,67,67,65,65,65,65,65,62,71,80,80,77,75,83,83,83,85,85],"gold":105,"neow_bonus":"THREE_ENEMY_KILL","is_daily":false,"chose_seed":false,"campfire_upgraded":10,"win_rate":0.0,"timestamp":1609910056,"path_taken":["M","?","?","?","$","E","?","R","T","M","?","E","?","E","R","BOSS","M","M","?","M","?","R","?","R","T","R","E","M","E","M","R","BOSS","M","M","?","M","$","R","E","R","T","R","?","E","M","E","R","BOSS","BOSS","R","$","E","BOSS"],"items_purchased_type":["Relic","Relic","Card","Potion","Relic","Relic","Potion","Relic","Relic","Relic"],"build_version":"2020-12-22","purchased_purges":4,"victory":true,"max_hp_per_floor":[75,75,80,80,80,80,80,80,80,80,80,80,80,80,80,80,80,80,80,80,80,80,80,80,80,80,80,80,80,80,80,80,80,80,80,80,80,80,80,80,80,80,80,80,80,85,85,85,85,85,85,85,85,85,85,85],"relic_stats":{"Gremlin Horn":[20,26],"counters":[26,112],"Golden Idol":207,"Self Forming Clay":[3],"Blue Candle":[14],"CeramicFish":0,"Magic Flower":[71],"Pen Nib":[1],"Cursed Key":0,"Burning Blood":189,"Mummified Hand":[19],"Ornamental Fan":[16],"Tiny Chest":0,"Art of War":[4],"Champion Belt":[29],"obtain_stats":[{"Gremlin Horn":9,"CeramicFish":48,"Magic Flower":12,"Bottled Tornado":54,"Cursed Key":34,"Burning Blood":0,"Frozen Eye":1,"Mummified Hand":46,"Tiny Chest":26,"Runic Pyramid":17,"Potion Belt":6,"NeowsBlessing":0,"Golden Idol":2,"Self Forming Clay":54,"Blue Candle":28,"The Courier":14,"Pen Nib":55,"White Beast Statue":41,"Anchor":39,"Ornamental Fan":54,"Art of War":54,"Champion Belt":30,"FossilizedHelix":39,"Unceasing Top":54,"Meat on the Bone":13},{"Gremlin Horn":3,"CeramicFish":22,"Magic Flower":5,"Bottled Tornado":24,"Cursed Key":15,"Burning Blood":0,"Frozen Eye":1,"Mummified Hand":20,"Tiny Chest":10,"Runic Pyramid":7,"Potion Belt":2,"NeowsBlessing":0,"Golden Idol":1,"Self Forming Clay":24,"Blue Candle":11,"The Courier":6,"Pen Nib":25,"White Beast Statue":19,"Anchor":18,"Ornamental Fan":24,"Art of War":24,"Champion Belt":13,"FossilizedHelix":18,"Unceasing Top":24,"Meat on the Bone":5},{"Gremlin Horn":4,"CeramicFish":88,"Magic Flower":14,"Bottled Tornado":100,"Cursed Key":50,"Burning Blood":0,"Frozen Eye":1,"Mummified Hand":78,"Tiny Chest":31,"Runic Pyramid":19,"Potion Belt":2,"NeowsBlessing":0,"Golden Idol":1,"Self Forming Clay":100,"Blue Candle":36,"The Courier":17,"Pen Nib":104,"White Beast Statue":74,"Anchor":71,"Ornamental Fan":100,"Art of War":100,"Champion Belt":43,"FossilizedHelix":71,"Unceasing Top":100,"Meat on the Bone":14}],"Unceasing Top":[0],"Meat on the Bone":72},"card_choices":[{"not_picked":["Perfected Strike","Clothesline","Sword Boomerang"],"picked":"SKIP","floor":1.0},{"not_picked":["Sever Soul","Havoc"],"picked":"Hemokinesis","floor":6.0},{"not_picked":["Juggernaut","Pummel","Havoc"],"picked":"SKIP","floor":7.0},{"not_picked":["Juggernaut","Pummel","Havoc"],"picked":"SKIP","floor":7.0},{"not_picked":["Heavy Blade","Pommel Strike"],"picked":"Burning Pact","floor":10.0},{"not_picked":["Twin Strike","Heavy Blade"],"picked":"Shockwave","floor":12.0},{"not_picked":["Uppercut","Sword Boomerang"],"picked":"Power Through","floor":14.0},{"not_picked":["Exhume","Limit Break"],"picked":"Fiend Fire","floor":16.0},{"not_picked":["Fire Breathing+1","Sentinel"],"picked":"Body Slam","floor":18.0},{"not_picked":["Havoc","Dropkick","Headbutt"],"picked":"SKIP","floor":19.0},{"not_picked":["Hemokinesis","Whirlwind","Flex"],"picked":"SKIP","floor":21.0},{"not_picked":["Cleave","Pommel Strike"],"picked":"Dark Embrace","floor":28.0},{"not_picked":["Body Slam","Evolve"],"picked":"Bloodletting","floor":29.0},{"not_picked":["Double Tap","Sentinel","Uppercut+1"],"picked":"SKIP","floor":30.0},{"not_picked":["Heavy Blade","Twin Strike+1","Fire Breathing"],"picked":"SKIP","floor":31.0},{"not_picked":["Reaper","Impervious"],"picked":"Barricade","floor":33.0},{"not_picked":["Iron Wave+1","Perfected Strike"],"picked":"Second Wind","floor":35.0},{"not_picked":["Ghostly Armor+1","Shrug It Off","Hemokinesis"],"picked":"SKIP","floor":36.0},{"not_picked":["Bloodletting","Shrug It Off","Dropkick+1"],"picked":"SKIP","floor":38.0},{"not_picked":["Flame Barrier","Iron Wave","Flex"],"picked":"SKIP","floor":41.0},{"not_picked":["Flex","Shrug It Off","True Grit"],"picked":"SKIP","floor":46.0},{"not_picked":["Anger+1","Headbutt","Shrug It Off"],"picked":"SKIP","floor":47.0},{"not_picked":["Bloodletting","Limit Break","Anger+1"],"picked":"SKIP","floor":48.0},{"not_picked":["True Grit","Pommel Strike","Wild Strike"],"picked":"SKIP","floor":55}],"player_experience":1348981,"relics_obtained":[{"floor":6.0,"key":"Potion Belt"},{"floor":9.0,"key":"Gremlin Horn"},{"floor":12.0,"key":"Magic Flower"},{"floor":14.0,"key":"The Courier"},{"floor":26.0,"key":"Tiny Chest"},{"floor":28.0,"key":"Blue Candle"},{"floor":30.0,"key":"Champion Belt"},{"floor":41.0,"key":"White Beast Statue"},{"floor":46.0,"key":"Mummified Hand"},{"floor":48.0,"key":"CeramicFish"},{"floor":55,"key":"Pen Nib"}],"event_choices":[{"damage_healed":0.0,"max_hp_gain":0.0,"max_hp_loss":0.0,"gold_gain":0.0,"event_name":"Golden Idol","player_choice":"Take Damage","floor":2.0,"gold_loss":0.0,"damage_taken":26.0,"relics_obtained":["Golden Idol"]},{"damage_healed":0.0,"max_hp_gain":5.0,"max_hp_loss":0.0,"gold_gain":0.0,"event_name":"Big Fish","player_choice":"Donut","floor":3.0,"gold_loss":0.0,"damage_taken":0.0},{"damage_healed":0.0,"max_hp_gain":0.0,"max_hp_loss":0.0,"gold_gain":0.0,"cards_transformed":["Strike_R"],"event_name":"Transmorgrifier","player_choice":"Transformed","floor":4.0,"gold_loss":0.0,"damage_taken":0.0,"cards_obtained":["Twin Strike"]},{"damage_healed":0.0,"max_hp_gain":0.0,"max_hp_loss":0.0,"gold_gain":0.0,"event_name":"Scrap Ooze","player_choice":"Success","floor":13.0,"gold_loss":0.0,"damage_taken":18.0,"relics_obtained":["Meat on the Bone"]},{"damage_healed":0.0,"max_hp_gain":0.0,"max_hp_loss":0.0,"gold_gain":0.0,"cards_transformed":["Hemokinesis","Strike_R"],"event_name":"Drug Dealer","player_choice":"Became Test Subject","floor":20.0,"gold_loss":0.0,"damage_taken":0.0,"cards_obtained":["Battle Trance","Dropkick"]},{"damage_healed":0.0,"max_hp_gain":0.0,"max_hp_loss":0.0,"gold_gain":0.0,"event_name":"Vampires","player_choice":"Ignored","floor":22.0,"gold_loss":0.0,"damage_taken":0.0},{"damage_healed":0.0,"max_hp_gain":0.0,"max_hp_loss":0.0,"gold_gain":999.0,"event_name":"MindBloom","player_choice":"Gold","floor":37.0,"gold_loss":0.0,"damage_taken":0.0,"cards_obtained":["Normality","Normality"]},{"cards_removed":["Strike_R"],"damage_healed":0.0,"max_hp_gain":0.0,"max_hp_loss":0.0,"gold_gain":0.0,"event_name":"Falling","player_choice":"Removed Attack","floor":45.0,"gold_loss":0.0,"damage_taken":0.0}],"is_beta":false,"boss_relics":[{"not_picked":["Snecko Eye","Busted Crown"],"picked":"Runic Pyramid"},{"not_picked":["SacredBark","Black Star"],"picked":"Cursed Key"}],"items_purged_floors":[5,11,39,54],"is_endless":false,"potions_floor_spawned":[6,10,16,18,19,31,35,36,46,47,48,55],"ascension_level":20}}