{"host":"9l4mw5jqza9qz9hr","time":1609921199,"event":{"mods":["AchievementEnabler","Always Whale","BaseMod","Colored Map","Minty Spire (QoL Compilation)","StSLib","SuperFastMode"],"gold_per_floor":[111,36,36,36,51,51,83,83,83,95,95,95],"floor_reached":11,"playtime":158,"items_purged":["Strike_P"],"score":110,"play_id":"89ba38ca-f4d6-4512-9533-be29c571097b","local_time":"20210106171959","is_ascension_mode":true,"campfire_choices":[{"data":"Eruption","floor":6.0,"key":"SMITH"},{"data":"Protect","floor":8.0,"key":"SMITH"}],"circlet_count":0,"master_deck":["Strike_P","Strike_P","Defend_P","Defend_P","Defend_P","Defend_P","Eruption+1","Vigilance","Protect+1","InnerPeace"],"relics":["PureWater","NeowsBlessing","GoldenEye","Bag of Marbles","Meat on the Bone"],"acts_visited":["Exordium"],"potions_floor_usage":[11],"damage_taken":[{"damage":0.0,"enemies":"Cultist","floor":1.0,"turns":1.0},{"damage":0.0,"enemies":"2 Louse","floor":5.0,"turns":1.0},{"damage":0.0,"enemies":"3 Sentries","floor":7.0,"turns":2.0},{"damage":4.0,"enemies":"Small Slimes","floor":10.0,"turns":4.0},{"damage":79,"enemies":"Gremlin Nob","floor":11,"turns":6}],"seed_played":"-690757258671469800","potions_obtained":[{"floor":5.0,"key":"Block Potion"}],"is_trial":false,"path_per_floor":["M","$","?","?","M","R","E","R","T","M","E"],"character_chosen":"WATCHER","items_purchased":[],"campfire_rested":0,"item_purchase_floors":[],"current_hp_per_floor":[72,72,65,62,62,62,62,62,62,58,0,0],"gold":95,"neow_bonus":"THREE_ENEMY_KILL","is_daily":false,"chose_seed":false,"campfire_upgraded":2,"win_rate":0.0,"timestamp":1609921199,"path_taken":["M","?","?","?","M","R","E","R","T","M","E"],"items_purchased_type":[],"build_version":"2020-12-22","purchased_purges":1,"victory":false,"max_hp_per_floor":[72,72,72,72,72,72,72,72,72,72,72,72],"card_choices":[{"not_picked":["JustLucky","CutThroughFate","FollowUp"],"picked":"SKIP","floor":1.0},{"not_picked":["Tantrum","CrushJoints"],"picked":"Protect","floor":5.0},{"not_picked":["ThirdEye","JustLucky"],"picked":"InnerPeace","floor":7.0},{"not_picked":["CrushJoints","ThirdEye","FlyingSleeves"],"picked":"SKIP","floor":10.0}],"player_experience":190452,"relics_obtained":[{"floor":7.0,"key":"Bag of Marbles"},{"floor":9.0,"key":"Meat on the Bone"}],"event_choices":[{"cards_removed":["Strike_P"],"damage_healed":0.0,"max_hp_gain":0.0,"max_hp_loss":0.0,"gold_gain":0.0,"event_name":"Golden Wing","player_choice":"Card Removal","floor":3.0,"gold_loss":0.0,"damage_taken":7.0},{"damage_healed":0.0,"max_hp_gain":0.0,"max_hp_loss":0.0,"gold_gain":0.0,"event_name":"Scrap Ooze","player_choice":"Success","floor":4.0,"gold_loss":0.0,"damage_taken":3.0,"relics_obtained":["GoldenEye"]}],"is_beta":false,"boss_relics":[],"items_purged_floors":[2],"is_endless":false,"potions_floor_spawned":[5],"killed_by":"Gremlin Nob","ascension_level":3}}