{"host":"n7mxhpjy89lltbhc","time":1609951417,"event":{"mods":["2.2 Compatiblity","Act Like it!","Bard","BaseMod","Better Match","Better Sensory Stone","Better Synergies","Better Third Choice","Better Vampires","BetterRewards","Challenge The Spire","Colored Map","Colored Powertips","Downfall","Gensokyo","Hubris","Infinite Spire","Jedi Mod","Marisa????????","Marked Mod","Minty Spire (QoL Compilation)","Permanent Neow","Rare Cards Sparkle","Relic Sorter","Relic Stats","Replay The Spire","Shop Mod","Small Relic Pack","Spicy Shops","StSLib","Strawberry Spire","The Blue Laboratory","The Disciple","The Marked","The Servant 0.9.4","Uncapped","Waifu the Spire","Wandering Minibosses","vexMod"],"gold_per_floor":[110,67,87,87,87,107,125,125,125,125,150,180,180,211,227,256,256,332,332,347,222,222,239,239,270,285,295,295,322,339,56,56,56,56,56,56],"floor_reached":35,"playtime":1416,"items_purged":["Strike_S"],"score":601,"play_id":"f9d39609-317d-450e-8940-b281e2ee2c68","local_time":"25640106234337","is_ascension_mode":true,"campfire_choices":[{"data":"ShatteredReality","floor":8,"key":"SMITH"},{"data":"expansioncontent:QuickStudy","floor":10,"key":"SMITH"},{"data":"Comet","floor":17,"key":"SMITH"},{"floor":32,"key":"REST"},{"data":"ShatteredReality","floor":34,"key":"SMITH"}],"circlet_count":0,"master_deck":["AscendersBane","Defend_S","Defend_S","Defend_S","Defend_S","KidneyShot","ShatteredReality+1","FastForward+1","Ricochet","expansioncontent:QuickStudy+1","TimeWarp","Luminosity","Comet+1","Sunlight","Gouge","TheWorld","BottledTime","hubris:DuctTapeCard","Contraction","Alleviate+1","ShatteredReality+1","Replace","sneckomod:Bewildered"],"relics":["Uniform","Strawberry","Bottled Flame","Tiny Chest","jedi:cryingmask","Cursed Key","hubris:DuctTape","Smiling Mask","BargainBundle","Chemical X","Golden Egg"],"acts_visited":["Gensokyo:Gensokyo","Gensokyo:Gensokyoer"],"potions_floor_usage":[7,16,29,35],"damage_taken":[{"damage":8,"enemies":"Gensokyo:Gryphon","floor":1,"turns":4},{"damage":0,"enemies":"Gensokyo:3_Fairies","floor":3,"turns":3},{"damage":0,"enemies":"Gensokyo:2_Kodama","floor":6,"turns":2},{"damage":2,"enemies":"Gensokyo:VengefulSpirit","floor":7,"turns":5},{"damage":3,"enemies":"Gensokyo:Mamizou","floor":12,"turns":9},{"damage":2,"enemies":"Gensokyo:Aya","floor":14,"turns":4},{"damage":3,"enemies":"Gensokyo:Gryphon_and_Rabbit","floor":15,"turns":5},{"damage":0,"enemies":"Gensokyo:Mamizou","floor":16,"turns":5},{"damage":23,"enemies":"Gensokyo:Kokoro","floor":18,"turns":10},{"damage":0,"enemies":"Gensokyo:CosmicMonolith","floor":20,"turns":4},{"damage":0,"enemies":"Gensokyo:Chomper","floor":23,"turns":3},{"damage":31,"enemies":"Gensokyo:Tenshi","floor":25,"turns":6},{"damage":15,"enemies":"Gensokyo:Swordslinger","floor":26,"turns":6},{"damage":0,"enemies":"Gensokyo:3_Gloops","floor":27,"turns":3},{"damage":0,"enemies":"Gensokyo:Reisen","floor":29,"turns":5},{"damage":0,"enemies":"Gensokyo:Chomper_and_Gloop","floor":30,"turns":3},{"damage":58,"enemies":"Gensokyo:Kaguya","floor":35,"turns":8}],"seed_played":"-1675664985732803991","potions_obtained":[{"floor":1,"key":"Explosive Potion"},{"floor":3,"key":"blueLaboratory:PhilterOfMotion"},{"floor":12,"key":"BlessingOfTheForge"},{"floor":18,"key":"blueLaboratory:RememoryPotion"},{"floor":27,"key":"LiquidMemories"},{"floor":29,"key":"blueLaboratory:BottledHope"}],"is_trial":false,"path_per_floor":["M","$","M","PTL","PTL","M","M","R","?","R","T","E","?","?","M","E","R","B",null,"M","?","?","M","?","E","M","M","T","E","M","$","R","T","R","B"],"character_chosen":"THE_SERVANT","items_purchased":["FastForward+1","BargainBundle","Chemical X","ShatteredReality","Replace"],"campfire_rested":1,"item_purchase_floors":[2,31,31,31,31],"current_hp_per_floor":[46,46,46,46,46,46,44,44,44,44,51,48,48,46,43,43,43,20,55,55,55,55,55,55,24,9,9,9,17,17,17,37,37,37,0,0],"gold":56,"neow_bonus":"UPGRADE_CARD","is_daily":false,"chose_seed":false,"campfire_upgraded":4,"win_rate":0.0,"timestamp":1609951417,"path_taken":["M","?","M","PTL","PTL","M","M","R","?","R","T","E","?","?","M","E","R","BOSS","M","?","?","M","?","E","M","M","T","E","M","$","R","?","R","BOSS"],"items_purchased_type":["Card","Relic","Relic","Card","Card"],"build_version":"2020-12-22","purchased_purges":1,"victory":false,"max_hp_per_floor":[60,60,60,60,60,60,60,60,60,60,67,67,67,67,67,67,67,67,67,67,67,67,67,67,67,67,67,67,67,67,67,67,67,67,67,67],"relic_stats":{"counters":[17,85],"Tiny Chest":1,"Chemical X":[2],"Cursed Key":1,"Smiling Mask":0,"obtain_stats":[{"Golden Egg":33,"Bottled Flame":12,"BargainBundle":31,"hubris:DuctTape":25,"Strawberry":11,"Tiny Chest":14,"jedi:cryingmask":16,"Uniform":0,"Chemical X":31,"Cursed Key":19,"Smiling Mask":29},{"Golden Egg":16,"Bottled Flame":5,"BargainBundle":16,"hubris:DuctTape":12,"Strawberry":4,"Tiny Chest":6,"jedi:cryingmask":8,"Uniform":0,"Chemical X":16,"Cursed Key":9,"Smiling Mask":15},{"Golden Egg":77,"Bottled Flame":23,"BargainBundle":77,"hubris:DuctTape":60,"Strawberry":14,"Tiny Chest":27,"jedi:cryingmask":37,"Uniform":0,"Chemical X":77,"Cursed Key":47,"Smiling Mask":74}]},"card_choices":[{"not_picked":["Rewind","Unruled"],"picked":"ShatteredReality","floor":1},{"not_picked":["DoubleEdge","Barrier"],"picked":"Ricochet","floor":3},{"not_picked":["FastForward","Moondial","Ricochet"],"picked":"SKIP","floor":6},{"not_picked":["Starlight","ReturningBlade","DoubleEdge"],"picked":"SKIP","floor":7},{"not_picked":["Starlight","ReturningBlade","DoubleEdge"],"picked":"SKIP","floor":7},{"not_picked":["Mayhem","jedi:forcepull"],"picked":"expansioncontent:QuickStudy","floor":9},{"not_picked":["Unruled","Ricochet","Collapse"],"picked":"SKIP","floor":12},{"not_picked":["Alleviate","DoubleEdge"],"picked":"TimeWarp","floor":14},{"not_picked":["Deadline","Defy"],"picked":"Luminosity","floor":15},{"not_picked":["WasteNot","RealityMarble"],"picked":"Comet","floor":16},{"not_picked":["FloweringNight","LightFlow"],"picked":"Sunlight","floor":18},{"not_picked":["Rewind","Starlight","Sabotage"],"picked":"SKIP","floor":20},{"not_picked":["DancingSilver","Rewind"],"picked":"Gouge","floor":23},{"not_picked":["BestPractice","Alleviate"],"picked":"BottledTime","floor":25},{"not_picked":["Luminosity","Starlight+1"],"picked":"Contraction","floor":26},{"not_picked":["Deadline+1","Revamp"],"picked":"Alleviate+1","floor":27},{"not_picked":["Comet","ForgedInTime","Unruled"],"picked":"SKIP","floor":29},{"not_picked":["Spin","Revamp","Moondial"],"picked":"SKIP","floor":30}],"player_experience":1042905,"relics_obtained":[{"floor":11,"key":"Strawberry"},{"floor":12,"key":"Bottled Flame"},{"floor":14,"key":"Tiny Chest"},{"floor":16,"key":"jedi:cryingmask"},{"floor":25,"key":"hubris:DuctTape"},{"floor":29,"key":"Smiling Mask"},{"floor":33,"key":"Golden Egg"}],"event_choices":[{"damage_healed":0,"gold_gain":1,"player_choice":"1","damage_taken":0,"max_hp_gain":0,"max_hp_loss":0,"event_name":"betterStone:BetterStone","floor":9,"gold_loss":0},{"damage_healed":0,"gold_gain":0,"player_choice":"2","damage_taken":0,"max_hp_gain":0,"max_hp_loss":0,"event_name":"betterMatch:BetterMatch","floor":21,"gold_loss":0,"cards_obtained":["betterMatch:ColorlessRareCard"]}],"is_beta":false,"boss_relics":[{"not_picked":["Snecko Heart","Replay:Grab Bag"],"picked":"Cursed Key"}],"items_purged_floors":[31],"is_endless":false,"potions_floor_spawned":[1,3,12,15,18,23,27,29],"killed_by":"Gensokyo:Kaguya","ascension_level":16}}