{"host":"w2015cq1v71a9t6a","time":1609964760,"event":{"mods":["AchievementEnabler","BaseMod","BetterRewards","Colored Map","Colored Powertips","Dio Mod","Infinite Spire","Minty Spire (QoL Compilation)","Quick Restart","Replay The Spire","StSLib","Synergy Search","Td1madao Mod"],"gold_per_floor":[20,20,20,20,20,20,20,49,119,119,134,134,154,174,174,278,278,294,294,304,892,217,217,237,270,270,270,210,160,170,182,182,284,10000,10015,9400,9400,10000,10026,10026,10055,10071,10120,10151,10163,10181,10181,10194,10194,10194],"floor_reached":51,"playtime":3068,"items_purged":["Looming Evil","dioMod:Defend","Strike_C","dioMod:Strike"],"score":895,"play_id":"94f9acdb-344a-434d-9f7f-0fbd15c28e4c","local_time":"20210106212600","is_ascension_mode":true,"campfire_choices":[{"data":"dioMod:ZaWarudo","floor":6.0,"key":"SMITH"},{"floor":12.0,"key":"REST"},{"data":"dioMod:DoubleTime","floor":15.0,"key":"SMITH"},{"floor":23.0,"key":"REST"},{"floor":27.0,"key":"DIG"},{"data":"infinitespire:Collect","floor":32.0,"key":"SMITH"},{"floor":40.0,"key":"DIG"},{"floor":49,"key":"DIG"}],"circlet_count":0,"master_deck":["dioMod:Strike","dioMod:Strike","dioMod:Strike","Bite+1","dioMod:Defend+1","dioMod:Defend","dioMod:ZaWarudo+1","dioMod:DominatingPresence+1","dioMod:DoubleTime+1","dioMod:TripleThreat+1","dioMod:ZaWarudo+1","infinitespire:Collect+1","dioMod:Muda+1","dioMod:BloodSplash+1","dioMod:StreetSign","dioMod:CutDeep","dioMod:CutDeep","dioMod:Hiss+1","Injury","dioMod:SevenPageMuda","Dark Shackles","infinitespire:NeuralNetwork","dioMod:BloodSplash+1","dioMod:MudaMudaMuda+1","dioMod:Muda+1","infinitespire:Collect"],"relics":["dioMod:VampireBlood","ReplayTheSpireMod:Ring of Exchange","Ring of Fury","infinitespire:Lychee Nut","Mango","Gremlin Food","Shuriken","Guide Book","Replay:Multitool","Orrery","Kunai","OrangePellets","infinitespire:CursedDice","Lantern","Replay:Bottled Eggs","White Beast Statue","Bottled Lightning","Replay:Grab Bag","Philosopher\u0027s Stone","infinitespire:Cupcake","ReplayTheSpireMod:SealedPack","infinitespire:Lucky Rock","Replay:Bottled Flurry","BargainBundle","Red Mask","Toy Ornithopter","Bottled Tornado","Replay:Wax Seal","Anchor","War Paint","PrismaticShard","Meat on the Bone","Bag of Preparation"],"acts_visited":["Exordium","TheCity","TheBeyond"],"potions_floor_usage":[],"damage_taken":[{"damage":3.0,"enemies":"2 Louse","floor":1.0,"turns":4.0},{"damage":40.0,"enemies":"Replay:BlueRogue","floor":8.0,"turns":8.0},{"damage":0.0,"enemies":"Cultist","floor":11.0,"turns":3.0},{"damage":4.0,"enemies":"Jaw Worm","floor":13.0,"turns":3.0},{"damage":0.0,"enemies":"2 Fungi Beasts","floor":14.0,"turns":3.0},{"damage":59.0,"enemies":"Fading Forest","floor":16.0,"turns":12.0},{"damage":8.0,"enemies":"Chosen","floor":18.0,"turns":4.0},{"damage":6.0,"enemies":"Shell Parasite","floor":20.0,"turns":3.0},{"damage":1.0,"enemies":"Snake Plant","floor":24.0,"turns":2.0},{"damage":25.0,"enemies":"Slavers","floor":25.0,"turns":4.0},{"damage":1.0,"enemies":"Snecko","floor":30.0,"turns":3.0},{"damage":4.0,"enemies":"Cultist and Chosen","floor":31.0,"turns":4.0},{"damage":24.0,"enemies":"Champ","floor":33.0,"turns":6.0},{"damage":2.0,"enemies":"3 Darklings","floor":35.0,"turns":4.0},{"damage":2.0,"enemies":"R_Hoarder","floor":41.0,"turns":6.0},{"damage":0.0,"enemies":"Orb Walker","floor":42.0,"turns":2.0},{"damage":2.0,"enemies":"Giant Head","floor":44.0,"turns":4.0},{"damage":25.0,"enemies":"4 Shapes","floor":45.0,"turns":5.0},{"damage":7.0,"enemies":"Transient","floor":46.0,"turns":7.0},{"damage":0.0,"enemies":"Maw","floor":48.0,"turns":3.0},{"damage":9,"enemies":"Time Eater","floor":50,"turns":4}],"seed_played":"3877467173787772129","potions_obtained":[{"floor":8.0,"key":"AttackPotion"},{"floor":14.0,"key":"EssenceOfSteel"},{"floor":16.0,"key":"SneckoOil"},{"floor":18.0,"key":"Languid Potion"},{"floor":25.0,"key":"Fire Potion"},{"floor":31.0,"key":"Strength Potion"},{"floor":33.0,"key":"FearPotion"},{"floor":35.0,"key":"LiquidBronze"}],"is_trial":false,"path_per_floor":["M","?","$","T","?","R","$","E","T","?","M","R","M","M","R","B",null,"M","AVR","M","?","$","R","M","E","T","R","?","?","M","M","R","B",null,"M","$","?","?","T","R","E","M","T","E","M","M","AVR","M","R","B",null],"character_chosen":"THE_DEFAULT","items_purchased":["OrangePellets","infinitespire:CursedDice","Lantern","infinitespire:Lucky Rock","Replay:Bottled Flurry","BargainBundle"],"campfire_rested":2,"item_purchase_floors":[22,22,22,36,36,36],"current_hp_per_floor":[75,75,75,56,70,70,70,38,38,38,50,70,70,70,70,46,70,70,70,68,68,68,70,70,55,55,55,55,55,65,70,70,53,70,70,70,70,70,70,70,70,70,70,70,67,70,70,70,70,70],"gold":10194,"neow_bonus":"THREE_RARE_CARDS","is_daily":false,"chose_seed":false,"campfire_upgraded":3,"win_rate":0.0,"timestamp":1609964760,"path_taken":["M","?","?","?","?","R","$","E","T","?","?","R","M","M","R","BOSS","M","AVR","M","?","?","R","?","E","T","R","?","?","M","?","R","BOSS","M","$","?","?","?","R","E","M","T","E","?","M","AVR","M","R","BOSS"],"items_purchased_type":["Relic","Relic","Relic","Relic","Relic","Relic"],"build_version":"2020-12-22","purchased_purges":4,"victory":true,"max_hp_per_floor":[75,75,75,56,70,70,70,70,70,70,70,70,70,70,70,70,70,70,70,70,70,70,70,70,70,70,70,70,70,70,70,70,70,70,70,70,70,70,70,70,70,70,70,70,70,70,70,70,70,70],"card_choices":[{"not_picked":["dioMod:RoadRoller","dioMod:Refresh"],"picked":"dioMod:ZaWarudo","floor":0.0},{"not_picked":["dioMod:BloodTransfusion","dioMod:Donut"],"picked":"dioMod:DominatingPresence","floor":1.0},{"not_picked":["dioMod:Hiss","dioMod:SecretPlan"],"picked":"dioMod:DoubleTime","floor":8.0},{"not_picked":["dioMod:VengefulMuda","dioMod:BloodSplash","dioMod:Pluck"],"picked":"SKIP","floor":11.0},{"not_picked":["dioMod:CautiousMuda","dioMod:TripleThreat","dioMod:BloodShield"],"picked":"SKIP","floor":13.0},{"not_picked":["dioMod:StreetSign","dioMod:Refresh"],"picked":"dioMod:TripleThreat","floor":14.0},{"not_picked":["dioMod:Refresh","dioMod:UltimateSacrifice"],"picked":"dioMod:ZaWarudo","floor":16.0},{"not_picked":["dioMod:Donut","dioMod:ComposedMuda","dioMod:DaggerSpree"],"picked":"SKIP","floor":18.0},{"not_picked":["dioMod:ComposedMuda+1","dioMod:ComboFever+1"],"picked":"dioMod:Muda","floor":19.0},{"not_picked":["dioMod:StreetSign","dioMod:BloodShield"],"picked":"dioMod:BloodSplash","floor":19.0},{"not_picked":["dioMod:DaggerSpree","dioMod:BloodTransfusion"],"picked":"dioMod:StreetSign","floor":19.0},{"not_picked":["dioMod:Diversion","dioMod:VengefulMuda"],"picked":"dioMod:CutDeep","floor":20.0},{"not_picked":["dioMod:Regeneration","dioMod:BloodShield"],"picked":"dioMod:CutDeep","floor":24.0},{"not_picked":["dioMod:SecretPlan","dioMod:PhantomBlood","dioMod:Roundabout"],"picked":"SKIP","floor":25.0},{"not_picked":["dioMod:BloodSplash","dioMod:ComposedMuda"],"picked":"dioMod:Hiss+1","floor":30.0},{"not_picked":["dioMod:BlendIn+1","dioMod:Pluck","dioMod:DaggerSpree"],"picked":"SKIP","floor":31.0},{"not_picked":["Survivor","Bash"],"picked":"Strike_C","floor":34.0},{"not_picked":["dioMod:KonoDioDa","dioMod:Refresh"],"picked":"dioMod:SevenPageMuda","floor":34.0},{"not_picked":["Deep Breath","Madness"],"picked":"Dark Shackles","floor":34.0},{"not_picked":["infinitespire:UltimateForm","infinitespire:FinalStrike"],"picked":"infinitespire:NeuralNetwork","floor":34.0},{"not_picked":["dioMod:SecretPlan","dioMod:WRYYY","dioMod:ComboFever"],"picked":"SKIP","floor":35.0},{"not_picked":["dioMod:Donut+1","dioMod:LaserVision+1"],"picked":"dioMod:BloodSplash+1","floor":41.0},{"not_picked":["dioMod:BlendIn","dioMod:DaggerToss","dioMod:SecretPlan"],"picked":"SKIP","floor":42.0},{"not_picked":["dioMod:SevenPageMuda","dioMod:GoodbyeJojo+1"],"picked":"dioMod:MudaMudaMuda+1","floor":44.0},{"not_picked":["dioMod:Diversion+1","dioMod:BlendIn+1","dioMod:LaserVision"],"picked":"SKIP","floor":45.0},{"not_picked":["dioMod:VengefulMuda","dioMod:MudaMudaMuda"],"picked":"dioMod:Muda+1","floor":46.0},{"not_picked":["Sanctity+1","Thunderclap+1","Panic Button+1"],"picked":"SKIP","floor":48.0}],"player_experience":31370,"relics_obtained":[{"floor":2.0,"key":"ReplayTheSpireMod:Ring of Exchange"},{"floor":2.0,"key":"Ring of Fury"},{"floor":4.0,"key":"infinitespire:Lychee Nut"},{"floor":5.0,"key":"Mango"},{"floor":8.0,"key":"Gremlin Food"},{"floor":9.0,"key":"Shuriken"},{"floor":25.0,"key":"Replay:Bottled Eggs"},{"floor":26.0,"key":"White Beast Statue"},{"floor":27.0,"key":"Bottled Lightning"},{"floor":39.0,"key":"Toy Ornithopter"},{"floor":40.0,"key":"Bottled Tornado"},{"floor":41.0,"key":"Replay:Wax Seal"},{"floor":43.0,"key":"Anchor"},{"floor":44.0,"key":"War Paint"},{"floor":49,"key":"Bag of Preparation"}],"event_choices":[{"damage_healed":0.0,"max_hp_gain":0.0,"max_hp_loss":0.0,"gold_gain":0.0,"event_name":"WeMeetAgain","player_choice":"Paid Gold","floor":21.0,"gold_loss":108.0,"damage_taken":0.0,"relics_obtained":["Kunai"]},{"damage_healed":0.0,"max_hp_gain":0.0,"max_hp_loss":0.0,"gold_gain":0.0,"event_name":"The Joust","player_choice":"Bet on Murderer","floor":29.0,"gold_loss":50.0,"damage_taken":0.0},{"damage_healed":0.0,"max_hp_gain":0.0,"max_hp_loss":0.0,"gold_gain":0.0,"event_name":"Tomb of Lord Red Mask","player_choice":"Paid","floor":38.0,"gold_loss":9400.0,"damage_taken":0.0,"relics_obtained":["Red Mask"]}],"is_beta":false,"boss_relics":[{"not_picked":["HandDrill","SacredBark"],"picked":"Guide Book"},{"not_picked":["Membership Card","Snecko Eye"],"picked":"Replay:Grab Bag"},{"not_picked":["Sozu","ChewingGum"],"picked":"Philosopher\u0027s Stone"},{"not_picked":["ReplayTheSpireMod:Onyx Gauntlets","Painkiller Herb"],"picked":"infinitespire:Cupcake"},{"not_picked":["Kintsugi","SlaversCollar"],"picked":"ReplayTheSpireMod:SealedPack"}],"items_purged_floors":[19,22,36,47],"is_endless":false,"potions_floor_spawned":[8,14,16,18,20,25,30,31,33,35,41,42,44,45,46,48],"ascension_level":2}}