{"host":"ng8aq1q5gznbd93k","time":1609973776,"event":{"mods":["AchievementEnabler","BaseMod","Colored Map","Downfall","Minty Spire (QoL Compilation)","StSLib","SuperFastMode"],"gold_per_floor":[111,111,386,397,410,443,443,474,501,515,480,5,35,52,52,52,52],"floor_reached":16,"playtime":3090,"items_purged":["Regret"],"score":126,"play_id":"e688548b-870d-4b3e-bf3e-99deb53ceb3b","local_time":"20210106165616","is_ascension_mode":true,"campfire_choices":[{"floor":7,"key":"REST"},{"floor":15,"key":"REST"}],"circlet_count":0,"master_deck":["Strike_G","Strike_G","Strike_G","Strike_G","Strike_G","Defend_G","Defend_G","Defend_G","Defend_G","Defend_G","Survivor","Neutralize","Crippling Poison","Underhanded Strike","Backstab","Dodge and Roll","Reflex","PiercingWail","expansioncontent:DarkVoid","Poisoned Stab","Dagger Spray","Masterful Stab"],"relics":["Ring of the Snake","NeowsBlessing","Bag of Preparation","Anchor","Bottled Flame","Oddly Smooth Stone","Mercury Hourglass","HornCleat"],"acts_visited":["Exordium"],"potions_floor_usage":[13,13,16],"damage_taken":[{"damage":0,"enemies":"2 Louse","floor":1,"turns":1},{"damage":0,"enemies":"Small Slimes","floor":4,"turns":1},{"damage":0,"enemies":"Cultist","floor":5,"turns":1},{"damage":42,"enemies":"3 Sentries","floor":6,"turns":12},{"damage":25,"enemies":"Gremlin Nob","floor":8,"turns":5},{"damage":2,"enemies":"3 Louse","floor":10,"turns":5},{"damage":14,"enemies":"Lagavulin","floor":13,"turns":6},{"damage":0,"enemies":"Blue Slaver","floor":14,"turns":3},{"damage":37,"enemies":"The Guardian","floor":16,"turns":10}],"seed_played":"-3376201268258196844","potions_obtained":[{"floor":1,"key":"DistilledChaos"},{"floor":10,"key":"BlessingOfTheForge"},{"floor":14,"key":"BlessingOfTheForge"}],"is_trial":false,"path_per_floor":["M","?","?","M","M","E","R","E","T","M","?","$","E","M","R","B"],"character_chosen":"THE_SILENT","items_purchased":["Mercury Hourglass","expansioncontent:DarkVoid","Poisoned Stab"],"campfire_rested":2,"item_purchase_floors":[12,12,12],"current_hp_per_floor":[70,52,52,52,52,10,31,6,6,4,21,21,7,7,28,0,0],"gold":52,"neow_bonus":"THREE_ENEMY_KILL","is_daily":false,"chose_seed":false,"campfire_upgraded":0,"win_rate":0.0,"timestamp":1609973776,"path_taken":["M","?","?","M","M","E","R","E","T","?","?","$","E","M","R","BOSS"],"items_purchased_type":["Relic","Card","Card"],"build_version":"2020-12-22","purchased_purges":1,"victory":false,"max_hp_per_floor":[70,70,70,70,70,70,70,70,70,70,70,70,70,70,70,70,70],"card_choices":[{"not_picked":["Dagger Spray","Noxious Fumes"],"picked":"Crippling Poison","floor":1},{"not_picked":["Sucker Punch","Flying Knee"],"picked":"Underhanded Strike","floor":4},{"not_picked":["Slice","Venomology"],"picked":"Backstab","floor":5},{"not_picked":["Bane","Flechettes"],"picked":"Dodge and Roll","floor":6},{"not_picked":["Acrobatics","Caltrops"],"picked":"Reflex","floor":8},{"not_picked":["Underhanded Strike","Expertise"],"picked":"PiercingWail","floor":10},{"not_picked":["Bane","Distraction"],"picked":"Dagger Spray","floor":13},{"not_picked":["Prepared","Crippling Poison"],"picked":"Masterful Stab","floor":14}],"player_experience":100118,"relics_obtained":[{"floor":6,"key":"Anchor"},{"floor":8,"key":"Bottled Flame"},{"floor":9,"key":"Oddly Smooth Stone"},{"floor":13,"key":"HornCleat"}],"event_choices":[{"damage_healed":0,"gold_gain":0,"player_choice":"Success","damage_taken":18,"relics_obtained":["Bag of Preparation"],"max_hp_gain":0,"max_hp_loss":0,"event_name":"Scrap Ooze","floor":2,"gold_loss":0},{"damage_healed":0,"gold_gain":275,"player_choice":"Desecrate","damage_taken":0,"max_hp_gain":0,"max_hp_loss":0,"event_name":"Golden Shrine","floor":3,"gold_loss":0,"cards_obtained":["Regret"]},{"damage_healed":17,"gold_gain":0,"player_choice":"Healed","damage_taken":0,"max_hp_gain":0,"max_hp_loss":0,"event_name":"The Cleric","floor":11,"gold_loss":35}],"is_beta":false,"boss_relics":[],"items_purged_floors":[12],"is_endless":false,"potions_floor_spawned":[1,10,14],"killed_by":"The Guardian","ascension_level":1}}