{"host":"qmufev141yub3yf0","time":1609944868,"event":{"mods":["BaseMod","Minty Spire (QoL Compilation)","Quick Restart","StSLib","SuperFastMode"],"gold_per_floor":[109,120,295,295,101,135,135,146,224,240,251,212,212,225,225,225,225],"floor_reached":16,"playtime":548,"items_purged":["Doubt"],"score":117,"play_id":"bba6e9a2-1f11-4092-9ffe-c3dec188c62b","local_time":"20210106225428","is_ascension_mode":true,"campfire_choices":[{"floor":13,"key":"REST"},{"floor":15,"key":"REST"}],"circlet_count":0,"master_deck":["Strike_R","Strike_R","Strike_R","Defend_R","Defend_R","Defend_R","Defend_R","Bash","Thunderclap","Metallicize","Swift Strike","Shrug It Off"],"relics":["Burning Blood","Blood Vial","MealTicket","Paper Frog"],"acts_visited":["Exordium"],"potions_floor_usage":[6,16,16],"damage_taken":[{"damage":17,"enemies":"Jaw Worm","floor":1,"turns":7},{"damage":0,"enemies":"Small Slimes","floor":2,"turns":3},{"damage":39,"enemies":"Lagavulin","floor":6,"turns":10},{"damage":5,"enemies":"2 Louse","floor":8,"turns":3},{"damage":10,"enemies":"2 Fungi Beasts","floor":10,"turns":5},{"damage":18,"enemies":"Large Slime","floor":11,"turns":7},{"damage":44,"enemies":"Gremlin Gang","floor":14,"turns":6},{"damage":47,"enemies":"Hexaghost","floor":16,"turns":14}],"seed_played":"-2363766801159365757","potions_obtained":[{"floor":1,"key":"AttackPotion"},{"floor":10,"key":"SneckoOil"},{"floor":11,"key":"SkillPotion"}],"is_trial":false,"path_per_floor":["M","M","?","?","$","E","?","M","T","M","M","?","R","M","R","B"],"character_chosen":"IRONCLAD","items_purchased":["Metallicize","Swift Strike"],"campfire_rested":2,"item_purchase_floors":[5,5],"current_hp_per_floor":[69,75,75,68,68,37,37,40,40,38,28,28,52,16,40,0,0],"gold":225,"neow_bonus":"REMOVE_CARD","is_daily":false,"chose_seed":false,"campfire_upgraded":0,"win_rate":0.0,"timestamp":1609944868,"path_taken":["M","M","?","?","$","E","?","M","T","M","M","?","R","M","R","BOSS"],"items_purchased_type":["Card","Card"],"build_version":"2020-12-22","purchased_purges":1,"victory":false,"max_hp_per_floor":[80,80,80,80,80,80,80,80,80,80,80,80,80,80,80,80,80],"card_choices":[{"not_picked":["Whirlwind","Havoc"],"picked":"Thunderclap","floor":1},{"not_picked":["Sentinel","Armaments","Warcry"],"picked":"SKIP","floor":2},{"not_picked":["Shockwave","Seeing Red","True Grit"],"picked":"SKIP","floor":6},{"not_picked":["Anger","Clothesline"],"picked":"Shrug It Off","floor":8},{"not_picked":["Thunderclap","Ghostly Armor","Heavy Blade"],"picked":"SKIP","floor":10},{"not_picked":["Sentinel","Clothesline","Flex"],"picked":"SKIP","floor":11},{"not_picked":["Evolve","Ghostly Armor","Clothesline"],"picked":"SKIP","floor":14}],"player_experience":235812,"relics_obtained":[{"floor":6,"key":"MealTicket"},{"floor":9,"key":"Paper Frog"}],"event_choices":[{"damage_healed":0,"gold_gain":175,"player_choice":"AGREE","damage_taken":0,"max_hp_gain":0,"max_hp_loss":0,"event_name":"Liars Game","floor":3,"gold_loss":0,"cards_obtained":["Doubt"]},{"damage_healed":0,"gold_gain":0,"player_choice":"Success","damage_taken":7,"relics_obtained":["Blood Vial"],"max_hp_gain":0,"max_hp_loss":0,"event_name":"Scrap Ooze","floor":4,"gold_loss":0},{"cards_removed":["Strike_R"],"damage_healed":0,"gold_gain":0,"player_choice":"Forget","damage_taken":0,"max_hp_gain":0,"max_hp_loss":0,"event_name":"Living Wall","floor":7,"gold_loss":0},{"damage_healed":0,"gold_gain":0,"player_choice":"Left Gold","damage_taken":0,"max_hp_gain":0,"max_hp_loss":0,"event_name":"World of Goop","floor":12,"gold_loss":39}],"is_beta":false,"boss_relics":[],"items_purged_floors":[5],"is_endless":false,"potions_floor_spawned":[1,10,11],"killed_by":"Hexaghost","ascension_level":3}}