{"host":"rz01j32460kf2mtw","time":1609941595,"event":{"mods":["BaseMod","Downfall","Minty Spire (QoL Compilation)","Prisma Mod","Quick Restart","StSLib"],"gold_per_floor":[99,115,5,5,105,136,163,175,213,225,250,262,287,449,473,485,485,485],"floor_reached":16,"playtime":937,"items_purged":[],"score":108,"play_id":"02c7ff54-b8f8-412c-8685-6f3c9c18cd17","local_time":"20210106065955","is_ascension_mode":false,"campfire_choices":[{"data":"hexamod:Sear","floor":1,"key":"SMITH"},{"data":"hexamod:Incineration","floor":10,"key":"SMITH"},{"floor":12,"key":"REST"}],"circlet_count":0,"master_deck":["hexamod:Strike+1","hexamod:Strike","hexamod:Defend","hexamod:Defend+1","hexamod:Defend","hexamod:Sear+1","hexamod:Float","hexamod:NecessarySacrifice+1","hexamod:FourthSeal","hexamod:RadiantFlame+1","hexamod:Rewind","hexamod:GhostflameBarrier","hexamod:Incineration+1","hexamod:Firestarter","hexamod:FirstSeal","hexamod:FifthSeal","Parasite","hexamod:ThirdSeal","hexamod:InspiringFlames","hexamod:SixthSeal","hexamod:TimeWarp","hexamod:SixthSeal","downfall:Icky"],"relics":["Astrolabe","Tiny Chest","MawBank","Vajra"],"acts_visited":["Exordium"],"potions_floor_usage":[9,9,9,11],"damage_taken":[{"damage":6,"enemies":"Cultist","floor":2,"turns":3},{"damage":10,"enemies":"downfall:FleeingMerchant","floor":3,"turns":4},{"damage":19,"enemies":"Lagavulin","floor":6,"turns":6},{"damage":19,"enemies":"Gremlin Nob","floor":9,"turns":4},{"damage":7,"enemies":"2 Louse","floor":11,"turns":3},{"damage":8,"enemies":"Small Slimes","floor":13,"turns":5},{"damage":41,"enemies":"Exordium Thugs","floor":15,"turns":6},{"damage":47,"enemies":"downfall:Defect","floor":16,"turns":8}],"seed_played":"-7665119619284324079","potions_obtained":[{"floor":2,"key":"GamblersBrew"},{"floor":3,"key":"bronze:BurnAndBuffPotion"},{"floor":6,"key":"EssenceOfSteel"},{"floor":6,"key":"Fire Potion"},{"floor":9,"key":"Explosive Potion"},{"floor":13,"key":"FairyPotion"}],"is_trial":false,"path_per_floor":["R","M","$","?","?","E","T","?","E","R","M","R","M","?","M","B"],"character_chosen":"THE_SPIRIT","items_purchased":["hexamod:Incineration","hexamod:Firestarter"],"campfire_rested":1,"item_purchase_floors":[3,3],"current_hp_per_floor":[70,64,54,47,47,35,35,52,33,33,33,54,46,46,12,0,0,0],"gold":485,"neow_bonus":"BOSS_RELIC","is_daily":false,"chose_seed":false,"campfire_upgraded":2,"win_rate":0.0,"timestamp":1609941595,"path_taken":["R","M","$","?","?","E","T","?","E","R","?","R","M","?","M","BOSS"],"items_purchased_type":["Card","Card"],"build_version":"2020-12-22","purchased_purges":0,"victory":false,"max_hp_per_floor":[70,70,70,70,70,70,70,70,70,70,70,70,70,70,70,70,70,70],"card_choices":[{"not_picked":["hexamod:AdvancingGuard","hexamod:EtherealExpedition"],"picked":"hexamod:Rewind","floor":2},{"not_picked":["hexamod:HauntingEcho","hexamod:PhantomFireball"],"picked":"hexamod:GhostflameBarrier","floor":3},{"not_picked":["hexamod:NightmareGuise","hexamod:FastForward"],"picked":"hexamod:FifthSeal","floor":6},{"not_picked":["hexamod:FourthSeal","hexamod:FirstSeal"],"picked":"hexamod:ThirdSeal","floor":9},{"not_picked":["hexamod:AdvancingGuard","hexamod:NightmareGuise"],"picked":"hexamod:InspiringFlames","floor":9},{"not_picked":["hexamod:SecondSeal","hexamod:FirstSeal"],"picked":"hexamod:SixthSeal","floor":11},{"not_picked":["hexamod:Firestarter","hexamod:FastForward"],"picked":"hexamod:TimeWarp","floor":11},{"not_picked":["hexamod:FirstSeal","hexamod:FourthSeal"],"picked":"hexamod:SixthSeal","floor":13},{"not_picked":["hexamod:FastForward","hexamod:GhostflameBarrier","hexamod:RecurringNightmare"],"picked":"SKIP","floor":13},{"not_picked":["hexamod:SixthSeal","hexamod:FirstSeal","hexamod:FourthSeal"],"picked":"SKIP","floor":15},{"not_picked":["hexamod:StepThrough","hexamod:GhostShield","hexamod:ThermalTransfer"],"picked":"SKIP","floor":15}],"player_experience":881687,"relics_obtained":[{"floor":6,"key":"Tiny Chest"},{"floor":7,"key":"MawBank"},{"floor":9,"key":"Vajra"}],"event_choices":[{"damage_healed":17,"gold_gain":0,"player_choice":"Healed and dodged fight","damage_taken":0,"max_hp_gain":0,"max_hp_loss":0,"event_name":"Mushrooms","floor":8,"gold_loss":0,"cards_obtained":["Parasite"]}],"is_beta":false,"boss_relics":[],"items_purged_floors":[],"is_endless":false,"potions_floor_spawned":[6,9],"killed_by":"downfall:Defect","ascension_level":0}}