{"host":"7yela8q99r8dgl9y","time":1609915824,"event":{"mods":["AchievementEnabler","Act Like it!","Aspiration","BaseMod","BetterRewards","Challenge The Spire","Colored Map","Colored Powertips","Conspire","DeckTracker","GifTheSpireLib","Googly Eyes","Halation","Highlight Path","Hubris","Infinite Spire","Jorbs\u0027s Wanderer Trilogy","Minty Spire (QoL Compilation)","Quick Restart","Rare Cards Sparkle","Replay The Spire","Spikes Relics","StSLib","Stuff the Spire","The Jungle","vexMod"],"gold_per_floor":[118,118,118,118,184,217,242,267,267,31,41,56,56,76,76,171,171,183,197,197,217,231,231,281,281,350,400,429,429,76,89,89,89,89],"floor_reached":33,"playtime":4568,"items_purged":[],"score":390,"play_id":"aec897a8-5916-4862-be6b-9cff3395e2d2","local_time":"20210105225024","is_ascension_mode":true,"campfire_choices":[{"floor":13.0,"key":"REST"},{"floor":15.0,"key":"REST"},{"floor":23,"key":"REST"},{"floor":25,"key":"REST"},{"floor":29,"key":"REST"},{"floor":32,"key":"REST"}],"circlet_count":0,"master_deck":["Strike_P","Strike_P","Strike_P","Strike_P","Defend_P","Defend_P","Defend_P","Defend_P","Eruption","Vigilance","PathToVictory","PathToVictory","BattleHymn+1","Replay:ManipulateFuture","Survey Options","CutThroughFate","PathToVictory","MasterReality+1","DeusExMachina","Halt+1","FollowUp","Replay:ManipulateFuture+1","Replay:ManipulateFuture+1","Replay:AtTheReady","Devotion+1","Brilliance","Brilliance","Replay:LoomingThreat"],"relics":["PureWater","NeowsBlessing","SsserpentHead","Oddly Smooth Stone","conspire:TopHat","Simple Rune","Anchor","Blue Doll","Runic Pyramid","StuffTheSpire:PointBlank","Chameleon Ring","StuffTheSpire:GrapeVine","vexMod:PaidLearning"],"acts_visited":["Exordium","Exordium"],"potions_floor_usage":[21,28],"damage_taken":[{"damage":0.0,"enemies":"Cultist","floor":1.0,"turns":1.0},{"damage":0.0,"enemies":"Jaw Worm","floor":5.0,"turns":1.0},{"damage":0.0,"enemies":"3 Sentries","floor":6.0,"turns":2.0},{"damage":28.0,"enemies":"Lagavulin","floor":8.0,"turns":6.0},{"damage":5.0,"enemies":"infinitespire:Voidling","floor":11.0,"turns":3.0},{"damage":0.0,"enemies":"Large Slime","floor":12.0,"turns":3.0},{"damage":2.0,"enemies":"2 Fungi Beasts","floor":14.0,"turns":4.0},{"damage":30.0,"enemies":"The Guardian","floor":16.0,"turns":5.0},{"damage":9.0,"enemies":"theJungle:5_Spyders","floor":18.0,"turns":5.0},{"damage":3.0,"enemies":"theJungle:GiantWrat","floor":19.0,"turns":3.0},{"damage":21,"enemies":"theJungle:Lyon","floor":21,"turns":4},{"damage":13,"enemies":"Snake Plant","floor":22,"turns":4},{"damage":33,"enemies":"theJungle:Cassacara","floor":28,"turns":5},{"damage":31,"enemies":"theJungle:SlimyTreeVines","floor":31,"turns":4},{"damage":36,"enemies":"theJungle:FunGuy","floor":33,"turns":6}],"seed_played":"5690590878752094248","potions_obtained":[{"floor":6.0,"key":"Toxic Potion"},{"floor":11.0,"key":"BottledMiracle"},{"floor":14.0,"key":"Weak Potion"},{"floor":22,"key":"SpeedPotion"},{"floor":31,"key":"Dexterity Potion"}],"is_trial":false,"path_per_floor":["M","$","?","$","M","E","?","E","T","$","M","M","R","M","R","B",null,"M","M","AVR","M","M","R","?","R","T","?","E","R","$","M","R","B"],"character_chosen":"WATCHER","items_purchased":["Blue Doll","Survey Options","Devotion+1","Brilliance","vexMod:PaidLearning"],"campfire_rested":6,"item_purchase_floors":[10,10,30,30,30],"current_hp_per_floor":[65,65,65,65,65,65,65,37,37,37,37,37,58,56,72,42,65,56,53,53,32,19,40,47,68,68,53,20,41,41,15,36,0,0],"gold":89,"neow_bonus":"THREE_ENEMY_KILL","is_daily":false,"chose_seed":false,"campfire_upgraded":0,"win_rate":0.0,"timestamp":1609915824,"path_taken":["M","?","?","$","?","E","?","E","T","$","M","M","R","M","R","BOSS","M","M","AVR","M","M","R","?","R","T","?","E","R","$","M","R","BOSS"],"items_purchased_type":["Relic","Card","Card","Card","Relic"],"build_version":"2020-12-22","purchased_purges":0,"victory":false,"max_hp_per_floor":[72,72,72,72,72,72,72,72,72,72,72,72,72,72,72,72,72,72,72,72,72,72,72,72,72,72,72,72,72,72,72,72,72,72],"card_choices":[{"not_picked":["Crescendo","Fasting2"],"picked":"PathToVictory","floor":1.0},{"not_picked":["Wireheading","FlurryOfBlows"],"picked":"PathToVictory","floor":5.0},{"not_picked":["SandsOfTime","FlurryOfBlows"],"picked":"BattleHymn","floor":6.0},{"not_picked":["Indignation","Replay:Hum"],"picked":"Replay:ManipulateFuture","floor":8.0},{"not_picked":["Replay:Anticipation","Replay:ManipulateFuture"],"picked":"CutThroughFate","floor":11.0},{"not_picked":["Prostrate","Crescendo"],"picked":"PathToVictory","floor":12.0},{"not_picked":["CrushJoints","CutThroughFate"],"picked":"MasterReality","floor":14.0},{"not_picked":["MasterReality","Scrawl"],"picked":"DeusExMachina","floor":16.0},{"not_picked":["BowlingBash","Weave"],"picked":"Halt+1","floor":18.0},{"not_picked":["Replay:BluntJabs","EmptyBody"],"picked":"FollowUp","floor":19.0},{"not_picked":["FlurryOfBlows","SashWhip"],"picked":"Replay:ManipulateFuture+1","floor":21},{"not_picked":["Replay:BluntJabs","BowlingBash+1"],"picked":"Replay:ManipulateFuture+1","floor":22},{"not_picked":["Halt","Evaluate"],"picked":"Replay:AtTheReady","floor":28},{"not_picked":["JustLucky","FlyingSleeves"],"picked":"Replay:LoomingThreat","floor":31}],"player_experience":656589,"relics_obtained":[{"floor":6.0,"key":"Oddly Smooth Stone"},{"floor":8.0,"key":"Simple Rune"},{"floor":9.0,"key":"Anchor"},{"floor":26,"key":"Chameleon Ring"},{"floor":28,"key":"StuffTheSpire:GrapeVine"}],"event_choices":[{"damage_healed":0.0,"max_hp_gain":0.0,"max_hp_loss":0.0,"gold_gain":0.0,"event_name":"FaceTrader","player_choice":"Trade","floor":3.0,"gold_loss":0.0,"damage_taken":0.0,"relics_obtained":["SsserpentHead"]}],"is_beta":false,"boss_relics":[{"not_picked":["infinitespire:Cupcake","hubris:RunicObelisk"],"picked":"Runic Pyramid"}],"items_purged_floors":[],"is_endless":false,"potions_floor_spawned":[6,11,14,22,31],"killed_by":"theJungle:FunGuy","ascension_level":6}}