{"host":"08sn1703g14rasc1","time":1609928463,"event":{"mods":["AchievementEnabler","BaseMod","Colored Map","Colored Powertips","Hermit","Minty Spire (QoL Compilation)","StSLib"],"gold_per_floor":[112,112,112,54,77,117,117,392,392,407,407,36,36,71,71,195,195,209,236,269,19,38,38,71,71,96,116,116,130,164,164,164,288,288,304,304,373,391,414,414,433,433,433,433,453,453,453,472,472,472],"floor_reached":51,"playtime":1666,"items_purged":[],"score":1024,"play_id":"ad21b12e-a646-4bc3-9a92-26244b862b01","local_time":"20210106022103","is_ascension_mode":true,"campfire_choices":[{"data":"hermit:CursedWeapon","floor":7,"key":"SMITH"},{"floor":11,"key":"REST"},{"data":"hermit:Spite","floor":15,"key":"SMITH"},{"floor":23,"key":"REST"},{"data":"hermit:LoneWolf","floor":25,"key":"SMITH"},{"floor":28,"key":"REST"},{"floor":32,"key":"REST"},{"floor":40,"key":"REST"},{"floor":42,"key":"REST"},{"floor":44,"key":"REST"},{"floor":49,"key":"REST"}],"circlet_count":0,"master_deck":["hermit:Strike_Hermit","hermit:Strike_Hermit","hermit:Defend_Hermit","hermit:Defend_Hermit","hermit:Snapshot","hermit:Covet","hermit:HighCaliber","Injury","hermit:CursedWeapon+1","hermit:BodyArmor","Regret","hermit:Misfire","hermit:Glare","Panache+1","hermit:TakeAim+1","hermit:Spite+1","hermit:Roughhouse","hermit:NoHoldsBarred+1","hermit:Enervate+1","hermit:Misfire+1","hermit:TrackingShot","hermit:Quickdraw","hermit:LoneWolf+1","hermit:BigShot+1","hermit:FinalCanter","hermit:HighCaliber+1","hermit:Spite+1","hermit:WideOpen","hermit:Spite","hermit:Grudge+1","hermit:FinalCanter","hermit:Gestalt","hermit:Reprieve","hermit:Misfire+1","hermit:EyeOfTheStorm+1","hermit:Manifest+1","hermit:Desperado","hermit:Desperado+1","hermit:FlashPowder+1","hermit:FullyLoaded+1","Regret","hermit:SprayPray+1","hermit:TrackingShot+1","Madness","Madness","Madness","hermit:Dive+1"],"relics":["hermit:Momento","NeowsBlessing","Centennial Puzzle","Golden Idol","Frozen Egg 2","Dream Catcher","hermit:CharredGlove","Sling","FaceOfCleric","Juzu Bracelet","Astrolabe","Vajra","Red Mask","Blood Vial","MealTicket","Akabeko","Bottled Lightning","Cursed Key","Dead Branch","Pocketwatch"],"acts_visited":["Exordium","TheCity","TheBeyond"],"potions_floor_usage":[16,24,24,33,50,50,50],"damage_taken":[{"damage":0,"enemies":"2 Louse","floor":1,"turns":1},{"damage":0,"enemies":"Cultist","floor":5,"turns":1},{"damage":0,"enemies":"Gremlin Nob","floor":6,"turns":1},{"damage":7,"enemies":"Small Slimes","floor":10,"turns":3},{"damage":15,"enemies":"Lagavulin","floor":14,"turns":6},{"damage":10,"enemies":"Slime Boss","floor":16,"turns":8},{"damage":3,"enemies":"3 Byrds","floor":18,"turns":3},{"damage":11,"enemies":"Masked Bandits","floor":20,"turns":3},{"damage":3,"enemies":"Chosen","floor":22,"turns":3},{"damage":21,"enemies":"Gremlin Leader","floor":24,"turns":5},{"damage":19,"enemies":"Centurion and Healer","floor":27,"turns":3},{"damage":7,"enemies":"Snecko","floor":29,"turns":3},{"damage":15,"enemies":"Book of Stabbing","floor":30,"turns":3},{"damage":46,"enemies":"Automaton","floor":33,"turns":7},{"damage":20,"enemies":"3 Darklings","floor":35,"turns":6},{"damage":24,"enemies":"2 Orb Walkers","floor":37,"turns":3},{"damage":12,"enemies":"3 Shapes","floor":38,"turns":1},{"damage":8,"enemies":"Spire Growth","floor":39,"turns":3},{"damage":2,"enemies":"Transient","floor":41,"turns":5},{"damage":5,"enemies":"Writhing Mass","floor":45,"turns":6},{"damage":0,"enemies":"Jaw Worm Horde","floor":48,"turns":2},{"damage":76,"enemies":"Time Eater","floor":50,"turns":10}],"seed_played":"1093568134079611182","potions_obtained":[{"floor":5,"key":"SteroidPotion"},{"floor":10,"key":"BlessingOfTheForge"},{"floor":20,"key":"ColorlessPotion"},{"floor":29,"key":"LiquidBronze"},{"floor":30,"key":"SteroidPotion"},{"floor":33,"key":"hermit:Tonic"},{"floor":36,"key":"hermit:Tonic"}],"is_trial":false,"path_per_floor":["M","?","?","?","M","E","R","?","T","M","R","$","?","E","R","B",null,"M","T","?","$","M","R","E","R","T","M","R","M","E","?","R","B",null,"M","?","?","M","M","R","M","R","T","R","M","?","?","M","R","B",null],"character_chosen":"HERMIT","items_purchased":["Panache+1","Sling","hermit:TakeAim+1","Blood Vial","hermit:LoneWolf","hermit:BigShot+1"],"campfire_rested":8,"item_purchase_floors":[12,12,12,21,21,21],"current_hp_per_floor":[68,56,56,56,56,56,56,56,56,49,71,71,71,57,57,48,70,68,68,58,58,58,80,60,60,60,44,68,64,52,52,77,34,72,55,55,34,25,20,46,47,74,74,90,86,75,75,78,92,17],"gold":472,"neow_bonus":"THREE_ENEMY_KILL","is_daily":false,"chose_seed":false,"campfire_upgraded":3,"win_rate":0.0,"timestamp":1609928463,"path_taken":["M","?","?","?","?","E","R","?","T","?","R","$","?","E","R","BOSS","M","?","?","$","M","R","E","R","T","M","R","M","E","?","R","BOSS","M","?","?","M","M","R","M","R","T","R","M","?","?","M","R","BOSS"],"items_purchased_type":["Card","Relic","Card","Relic","Card","Card"],"build_version":"2020-12-22","purchased_purges":0,"victory":true,"max_hp_per_floor":[75,75,75,75,75,75,75,75,75,75,75,75,75,76,76,77,77,78,78,79,79,80,80,81,81,81,82,82,83,84,84,84,85,85,86,86,87,88,89,89,90,90,90,90,91,91,91,92,92,93],"card_choices":[{"not_picked":["hermit:Glare","hermit:Coalescence"],"picked":"hermit:HighCaliber","floor":1},{"not_picked":["hermit:BodyArmor","hermit:WideOpen"],"picked":"hermit:CursedWeapon","floor":5},{"not_picked":["hermit:Misfire","hermit:Headshot"],"picked":"hermit:BodyArmor","floor":6},{"not_picked":["hermit:LowProfile","hermit:LuckOfTheDraw"],"picked":"hermit:Misfire","floor":10},{"not_picked":["hermit:Ricochet","hermit:Dive"],"picked":"hermit:Glare","floor":11},{"not_picked":["hermit:Misfire","hermit:Feint"],"picked":"hermit:Spite","floor":14},{"not_picked":["hermit:Purgatory","hermit:Adapt+1"],"picked":"hermit:Roughhouse","floor":16},{"not_picked":["hermit:Feint","hermit:LowProfile"],"picked":"hermit:TrackingShot","floor":18},{"not_picked":["hermit:TrackingShot","hermit:Manifest"],"picked":"hermit:Quickdraw","floor":20},{"not_picked":["hermit:DeadMansHand","hermit:Headshot"],"picked":"hermit:FinalCanter","floor":22},{"not_picked":["hermit:Desperado","hermit:WideOpen"],"picked":"hermit:HighCaliber+1","floor":23},{"not_picked":["hermit:HighNoon+1","hermit:Scavenge+1"],"picked":"hermit:Spite+1","floor":24},{"not_picked":["hermit:Headshot","hermit:FullyLoaded"],"picked":"hermit:WideOpen","floor":27},{"not_picked":["hermit:Maintenance","hermit:Enervate"],"picked":"hermit:Spite","floor":28},{"not_picked":["hermit:PistolWhip","hermit:GhostlyPresence"],"picked":"hermit:Grudge+1","floor":29},{"not_picked":["hermit:PistolWhip","hermit:Desperado"],"picked":"hermit:FinalCanter","floor":30},{"not_picked":["hermit:Manifest","hermit:LowProfile"],"picked":"hermit:Gestalt","floor":32},{"not_picked":["hermit:OverwhelmingPower+1","hermit:Adapt+1"],"picked":"hermit:Reprieve","floor":33},{"not_picked":["hermit:Showdown","hermit:Shortfuse"],"picked":"hermit:Misfire+1","floor":35},{"not_picked":["hermit:WideOpen+1","hermit:Misfire"],"picked":"hermit:EyeOfTheStorm+1","floor":37},{"not_picked":["hermit:LowProfile+1","hermit:TrackingShot"],"picked":"hermit:Manifest+1","floor":38},{"not_picked":["hermit:Coalescence","hermit:Vantage+1"],"picked":"hermit:Desperado","floor":39},{"not_picked":["hermit:Roulette+1","hermit:Snipe"],"picked":"hermit:Desperado+1","floor":40},{"not_picked":["hermit:FromBeyond","hermit:HighCaliber"],"picked":"hermit:FlashPowder+1","floor":41},{"not_picked":["hermit:Snipe","hermit:WideOpen"],"picked":"hermit:FullyLoaded+1","floor":42},{"not_picked":["hermit:Dive","hermit:Ricochet+1"],"picked":"hermit:SprayPray+1","floor":44},{"not_picked":["hermit:Roulette","hermit:WideOpen"],"picked":"hermit:TrackingShot+1","floor":45},{"not_picked":["Blind","Jack Of All Trades"],"picked":"Madness","floor":47},{"not_picked":["hermit:TakeAim+1","hermit:Snipe"],"picked":"hermit:Dive+1","floor":48}],"player_experience":462134,"relics_obtained":[{"floor":6,"key":"Dream Catcher"},{"floor":9,"key":"hermit:CharredGlove"},{"floor":14,"key":"Juzu Bracelet"},{"floor":19,"key":"Vajra"},{"floor":20,"key":"Red Mask"},{"floor":24,"key":"MealTicket"},{"floor":26,"key":"Akabeko"},{"floor":30,"key":"Bottled Lightning"},{"floor":37,"key":"Dead Branch"},{"floor":43,"key":"Pocketwatch"}],"event_choices":[{"damage_healed":0,"gold_gain":0,"player_choice":"Success","damage_taken":12,"relics_obtained":["Centennial Puzzle"],"max_hp_gain":0,"max_hp_loss":0,"event_name":"Scrap Ooze","floor":2,"gold_loss":0},{"damage_healed":0,"gold_gain":0,"player_choice":"Take Wound","damage_taken":0,"relics_obtained":["Golden Idol"],"max_hp_gain":0,"max_hp_loss":0,"event_name":"Golden Idol","floor":3,"gold_loss":0,"cards_obtained":["Injury"]},{"damage_healed":0,"gold_gain":0,"player_choice":"Paid Gold","damage_taken":0,"relics_obtained":["Frozen Egg 2"],"max_hp_gain":0,"max_hp_loss":0,"event_name":"WeMeetAgain","floor":4,"gold_loss":58},{"damage_healed":0,"gold_gain":275,"player_choice":"Desecrate","damage_taken":0,"max_hp_gain":0,"max_hp_loss":0,"event_name":"Golden Shrine","floor":8,"gold_loss":0,"cards_obtained":["Regret"]},{"damage_healed":0,"gold_gain":0,"player_choice":"Trade","damage_taken":0,"relics_obtained":["FaceOfCleric"],"max_hp_gain":0,"max_hp_loss":0,"event_name":"FaceTrader","floor":13,"gold_loss":0},{"damage_healed":0,"gold_gain":0,"player_choice":"Fought Bandits","damage_taken":0,"max_hp_gain":0,"max_hp_loss":0,"event_name":"Masked Bandits","floor":20,"gold_loss":0},{"cards_removed":["hermit:Defend_Hermit"],"damage_healed":0,"gold_gain":0,"player_choice":"Elegance","damage_taken":0,"max_hp_gain":0,"max_hp_loss":0,"event_name":"Back to Basics","floor":31,"gold_loss":0},{"damage_healed":0,"gold_gain":0,"player_choice":"Got Potions","damage_taken":0,"max_hp_gain":0,"max_hp_loss":0,"event_name":"Lab","floor":36,"gold_loss":0},{"damage_healed":0,"gold_gain":0,"player_choice":"Fight","damage_taken":0,"max_hp_gain":0,"max_hp_loss":0,"event_name":"Mysterious Sphere","floor":37,"gold_loss":0},{"damage_healed":0,"gold_gain":0,"player_choice":"Embrace Madness","damage_taken":11,"max_hp_gain":0,"max_hp_loss":0,"event_name":"Winding Halls","floor":46,"gold_loss":0,"cards_obtained":["Madness","Madness"]},{"damage_healed":0,"gold_gain":0,"player_choice":"Memory 1","damage_taken":0,"max_hp_gain":0,"max_hp_loss":0,"event_name":"SensoryStone","floor":47,"gold_loss":0}],"is_beta":false,"boss_relics":[{"not_picked":["Black Star","SlaversCollar"],"picked":"Astrolabe"},{"not_picked":["Coffee Dripper","hermit:DentedPlate"],"picked":"Cursed Key"}],"items_purged_floors":[],"is_endless":false,"potions_floor_spawned":[5,10,20,29,30,33,38,41,45],"ascension_level":7}}