{"host":"ymmeoa1x24ihslbm","time":1609895683,"event":{"mods":["AchievementEnabler","BaseMod","Colored Map","Colored Powertips","Defuse TimeMaze Blight","Highlight Path","Minty Spire (QoL Compilation)","Permanent Neow","Quick Restart","StSLib","Unceasing Turn Reminder"],"gold_per_floor":[112,112,129,142,159,159,159,189,189,189,200,200,214,234,234,336,336,355,367,367,379,398,398,414,445,445],"floor_reached":25,"playtime":905,"items_purged":[],"score":349,"play_id":"11f63736-17aa-4995-ae59-e71aca1f0a4e","local_time":"20210106021443","is_ascension_mode":true,"campfire_choices":[{"data":"Eruption","floor":6,"key":"SMITH"},{"floor":10,"key":"REST"},{"data":"FlurryOfBlows","floor":12,"key":"SMITH"},{"data":"SignatureMove","floor":15,"key":"SMITH"},{"data":"Vigilance","floor":23,"key":"SMITH"}],"circlet_count":0,"master_deck":["Strike_P","Strike_P","Strike_P","Strike_P","Defend_P","Defend_P","Defend_P","Eruption+1","Vigilance+1","WheelKick+1","Weave+1","FollowUp","FlurryOfBlows+1","FearNoEvil","SignatureMove+1","Consecrate","Tantrum","DevaForm","Worship+1","DeusExMachina"],"relics":["PureWater","Ginger","Bottled Flame","VioletLotus","Toxic Egg 2"],"acts_visited":["Exordium","TheCity"],"potions_floor_usage":[18,21,22,25],"damage_taken":[{"damage":0,"enemies":"Small Slimes","floor":1,"turns":2},{"damage":7,"enemies":"Jaw Worm","floor":3,"turns":2},{"damage":0,"enemies":"Cultist","floor":4,"turns":2},{"damage":13,"enemies":"Exordium Wildlife","floor":5,"turns":3},{"damage":30,"enemies":"Lagavulin","floor":8,"turns":3},{"damage":0,"enemies":"Exordium Thugs","floor":11,"turns":2},{"damage":0,"enemies":"Gremlin Gang","floor":13,"turns":3},{"damage":0,"enemies":"2 Fungi Beasts","floor":14,"turns":1},{"damage":0,"enemies":"Slime Boss","floor":16,"turns":3},{"damage":19,"enemies":"Shell Parasite","floor":18,"turns":3},{"damage":12,"enemies":"Chosen","floor":19,"turns":2},{"damage":0,"enemies":"Snake Plant","floor":21,"turns":2},{"damage":7,"enemies":"Chosen and Byrds","floor":22,"turns":3},{"damage":0,"enemies":"Snecko","floor":24,"turns":2},{"damage":21,"enemies":"Slavers","floor":25,"turns":3}],"seed_played":"9220363483382570317","potions_obtained":[{"floor":1,"key":"LiquidBronze"},{"floor":5,"key":"Explosive Potion"},{"floor":16,"key":"Strength Potion"},{"floor":19,"key":"Fire Potion"},{"floor":20,"key":"FairyPotion"},{"floor":21,"key":"AttackPotion"}],"is_trial":false,"path_per_floor":["M","?","M","M","M","R","?","E","T","R","M","R","M","M","R","B",null,"M","M","?","M","M","R","M","E"],"character_chosen":"WATCHER","items_purchased":[],"campfire_rested":1,"item_purchase_floors":[],"current_hp_per_floor":[72,58,51,51,38,38,38,8,8,29,29,29,29,29,29,29,61,42,30,30,30,23,23,23,2,2],"gold":445,"neow_bonus":"THREE_CARDS","is_daily":false,"chose_seed":false,"campfire_upgraded":4,"win_rate":0.0,"timestamp":1609895683,"path_taken":["M","?","M","M","M","R","?","E","T","R","M","R","M","M","R","BOSS","M","?","?","M","?","R","M","E"],"items_purchased_type":[],"build_version":"2020-12-22","purchased_purges":0,"victory":false,"max_hp_per_floor":[72,72,72,72,72,72,72,72,72,72,72,72,72,72,72,72,72,72,72,72,72,72,72,72,72,72],"card_choices":[{"not_picked":["SandsOfTime","CutThroughFate"],"picked":"WheelKick","floor":0},{"not_picked":["Fasting2","Prostrate"],"picked":"Weave","floor":1},{"not_picked":["Collect","Halt","LikeWater"],"picked":"SKIP","floor":3},{"not_picked":["Evaluate","ForeignInfluence"],"picked":"FollowUp","floor":4},{"not_picked":["Prostrate","FearNoEvil"],"picked":"FlurryOfBlows","floor":5},{"not_picked":["WindmillStrike","Crescendo"],"picked":"FearNoEvil","floor":8},{"not_picked":["SashWhip","SandsOfTime"],"picked":"SignatureMove","floor":11},{"not_picked":["EmptyBody","BowlingBash"],"picked":"Consecrate","floor":13},{"not_picked":["SpiritShield","PathToVictory"],"picked":"Tantrum","floor":14},{"not_picked":["Blasphemy","Brilliance"],"picked":"DevaForm","floor":16},{"not_picked":["Consecrate","EmptyMind","Prostrate"],"picked":"SKIP","floor":18},{"not_picked":["CrushJoints","Swivel+1"],"picked":"Worship+1","floor":19},{"not_picked":["SashWhip","CarveReality","WaveOfTheHand"],"picked":"SKIP","floor":21},{"not_picked":["CutThroughFate","CrushJoints+1","BowlingBash"],"picked":"SKIP","floor":22},{"not_picked":["Weave","Vengeance+1"],"picked":"DeusExMachina","floor":24}],"player_experience":700937,"relics_obtained":[{"floor":8,"key":"Ginger"},{"floor":9,"key":"Bottled Flame"},{"floor":25,"key":"Toxic Egg 2"}],"event_choices":[{"damage_healed":0,"gold_gain":0,"player_choice":"Entered Light","damage_taken":14,"max_hp_gain":0,"max_hp_loss":0,"event_name":"Shining Light","floor":2,"gold_loss":0,"cards_upgraded":["WheelKick","Weave"]},{"cards_removed":["Defend_P"],"damage_healed":0,"gold_gain":0,"player_choice":"Offered Basic","damage_taken":0,"max_hp_gain":0,"max_hp_loss":0,"event_name":"Bonfire Elementals","floor":7,"gold_loss":0},{"damage_healed":0,"gold_gain":0,"player_choice":"Got Potions","damage_taken":0,"max_hp_gain":0,"max_hp_loss":0,"event_name":"Lab","floor":20,"gold_loss":0}],"is_beta":false,"boss_relics":[{"not_picked":["Busted Crown","Tiny House"],"picked":"VioletLotus"}],"items_purged_floors":[],"is_endless":false,"potions_floor_spawned":[1,5,16,19,21],"killed_by":"Slavers","ascension_level":5}}