{"host":"7rmsgc3rayi00cdt","time":1609955991,"event":{"mods":["BaseMod","Minty Spire (QoL Compilation)"],"gold_per_floor":[117,117,170,201,223,235,264,288,353,365,395,407,451,475,487,575,637,668,579,601,624,636,636],"floor_reached":22,"playtime":849,"items_purged":[],"score":430,"play_id":"ee87e43f-15a7-4c91-a212-ac7ec1cb102d","local_time":"20210106175951","is_ascension_mode":true,"campfire_choices":[{"data":"Neutralize","floor":6,"key":"SMITH"},{"data":"Survivor","floor":10,"key":"SMITH"},{"floor":12,"key":"REST"},{"data":"Blade Dance","floor":15,"key":"SMITH"}],"circlet_count":0,"master_deck":["AscendersBane","Strike_G","Strike_G","Strike_G","Strike_G","Strike_G","Defend_G","Defend_G","Defend_G","Defend_G","Defend_G","Survivor+1","Neutralize+1","Terror+1","Blade Dance+1","Heel Hook","Dagger Throw","Masterful Stab","Acrobatics+1","Endless Agony","Blade Dance","Envenom","Cloak And Dagger","Expertise+1"],"relics":["Ring of the Snake","MawBank","Centennial Puzzle","Mercury Hourglass","Tiny House","Tiny Chest"],"acts_visited":["Exordium","TheCity"],"potions_floor_usage":[11,13,18,18],"damage_taken":[{"damage":8,"enemies":"Jaw Worm","floor":1,"turns":7},{"damage":2,"enemies":"Small Slimes","floor":4,"turns":4},{"damage":0,"enemies":"Cultist","floor":5,"turns":4},{"damage":2,"enemies":"2 Fungi Beasts","floor":7,"turns":4},{"damage":1,"enemies":"Looter","floor":8,"turns":2},{"damage":14,"enemies":"3 Louse","floor":11,"turns":2},{"damage":0,"enemies":"Gremlin Nob","floor":13,"turns":3},{"damage":0,"enemies":"Exordium Thugs","floor":14,"turns":3},{"damage":10,"enemies":"The Guardian","floor":16,"turns":13},{"damage":4,"enemies":"Shell Parasite","floor":18,"turns":3},{"damage":0,"enemies":"Chosen","floor":20,"turns":3},{"damage":66,"enemies":"Sentry and Sphere","floor":21,"turns":12},{"damage":2,"enemies":"Snecko","floor":22,"turns":2}],"seed_played":"-2484201017448228481","potions_obtained":[{"floor":1,"key":"SteroidPotion"},{"floor":7,"key":"AttackPotion"},{"floor":11,"key":"SkillPotion"},{"floor":14,"key":"Block Potion"},{"floor":20,"key":"Ancient Potion"}],"is_trial":false,"path_per_floor":["M","?","T","M","M","R","M","M","T","R","M","R","E","M","R","B",null,"M","?","M","M","M"],"character_chosen":"THE_SILENT","items_purchased":[],"campfire_rested":1,"item_purchase_floors":[],"current_hp_per_floor":[57,57,57,55,55,55,53,52,52,52,38,59,59,59,59,49,71,67,67,67,1,0,0],"gold":636,"neow_bonus":"TEN_PERCENT_HP_BONUS","is_daily":false,"chose_seed":false,"campfire_upgraded":3,"win_rate":0.0,"timestamp":1609955991,"path_taken":["M","?","?","?","M","R","M","M","T","R","M","R","E","M","R","BOSS","M","?","M","?","M"],"items_purchased_type":[],"build_version":"2020-12-22","purchased_purges":0,"victory":false,"max_hp_per_floor":[72,72,72,72,72,72,72,72,72,72,72,72,72,72,72,72,77,77,77,77,77,77,77],"card_choices":[{"not_picked":["Setup","Prepared"],"picked":"Terror","floor":1},{"not_picked":["Crippling Poison","All Out Attack"],"picked":"Blade Dance","floor":4},{"not_picked":["Prepared","Dagger Spray"],"picked":"Heel Hook","floor":5},{"not_picked":["Terror","PiercingWail"],"picked":"Dagger Throw","floor":7},{"not_picked":["Predator","Deflect"],"picked":"Masterful Stab","floor":8},{"not_picked":["Deflect","PiercingWail"],"picked":"Acrobatics","floor":11},{"not_picked":["Terror","Wraith Form v2"],"picked":"Endless Agony","floor":13},{"not_picked":["Acrobatics","Outmaneuver"],"picked":"Blade Dance","floor":14},{"not_picked":["Corpse Explosion","Venomology"],"picked":"Envenom","floor":16},{"not_picked":["Deflect","Flying Knee"],"picked":"Cloak And Dagger","floor":18},{"not_picked":["Calculated Gamble","Cloak And Dagger+1"],"picked":"Expertise+1","floor":20},{"not_picked":["Acrobatics+1","Well Laid Plans","Terror"],"picked":"SKIP","floor":21}],"player_experience":751610,"relics_obtained":[{"floor":3,"key":"MawBank"},{"floor":9,"key":"Centennial Puzzle"},{"floor":13,"key":"Mercury Hourglass"}],"event_choices":[{"damage_healed":0,"gold_gain":0,"player_choice":"Grow","damage_taken":0,"max_hp_gain":0,"max_hp_loss":0,"event_name":"Living Wall","floor":2,"gold_loss":0,"cards_upgraded":["Terror"]},{"damage_healed":0,"gold_gain":0,"player_choice":"Paid Gold","damage_taken":0,"relics_obtained":["Tiny Chest"],"max_hp_gain":0,"max_hp_loss":0,"event_name":"WeMeetAgain","floor":19,"gold_loss":101}],"is_beta":false,"boss_relics":[{"not_picked":["Snecko Eye","Empty Cage"],"picked":"Tiny House"}],"items_purged_floors":[],"is_endless":false,"potions_floor_spawned":[1,7,11,14,16,20],"killed_by":"Snecko","ascension_level":20}}