{"host":"qswkx8hggytna0kc","time":1609941105,"event":{"mods":["ATMod(∞¢Ë™Mod)","Aspiration","BaseMod","BetterRewards","Colored Map","Colored Powertips","Dota2Spire","Downfall","Highlight Path","Hubris","Infinite Spire","Marisa£®ÏF”Í°°ƒß¿Ì…≥£©","Mimic Mod","Minty Spire (QoL Compilation)","MostiFishMod","Quick Restart","READ ME - Guardian Mod","Rare Cards Sparkle","Remilia£®¿Ÿ√◊¿Ú—«£©","Replay The Spire","SIMod","Spicy Shops","StSLib","SuperFastMode","The Administrix","The Animator","The Construct","The Cursed","The Hierophant","The Servant 0.9.4"],"gold_per_floor":[99,117,136,136,151,168,168,53,86,83,128,125,137,162,193,308,320,332,354,380,411,441,453,465,510,522,634,646,678,724,754,780,887,899,911,933,955,984,803,903,927,962,978,992,992,1042,1058,728,744,744],"floor_reached":51,"playtime":2302,"items_purged":["Guardian:Strike_Guardian","Guardian:Strike_Guardian","Guardian:Strike_Guardian"],"score":1157,"play_id":"8bca9f2d-c6ce-4d77-862c-00202d0b8f4e","local_time":"20210106215145","is_ascension_mode":true,"campfire_choices":[{"data":"AT_KingSlayer","floor":1.0,"key":"SMITH"},{"data":"Guardian:SentryBeam","floor":18,"key":"SMITH"},{"data":"Guardian:Suspension","floor":23,"key":"SMITH"},{"data":"Guardian:GemFinder","floor":28,"key":"SMITH"},{"data":"Guardian:StasisEngine","floor":45,"key":"SMITH"}],"circlet_count":0,"master_deck":["Guardian:Strike_Guardian","Guardian:Defend_Guardian","Guardian:Defend_Guardian","Guardian:Defend_Guardian","Guardian:CurlUp","Guardian:TwinSlam","AT_KingSlayer+1","Guardian:Gem_Lightblue","Guardian:RefractedBeam","Guardian:Preprogram","Guardian:BronzeOrb","Guardian:GemFinder+1","Guardian:StasisField","Guardian:SentryBeam+1","Guardian:PrismaticBeam+1","Guardian:Suspension+1","Guardian:StasisStrike+1","Guardian:Reroute","Guardian:Gem_Cyan","Guardian:Gem_Cyan","Guardian:Gem_Blue","Guardian:PrismaticBeam","Guardian:StasisEngine+1","Guardian:VentSteam+1","Guardian:Gem_Green","Guardian:ShieldSpikes","Guardian:Gem_Cyan","Guardian:Incinerate+1","Guardian:Incinerate+1","Guardian:Incinerate+1","Guardian:ExploitGems+1","Guardian:Gem_Cyan","Guardian:Emergency"],"relics":["Guardian:ModeShifter","AT_ATBox","DaveBox","RhineSuit","Boot","MawBank","Orichalcum","Quantum Egg","Honey Jar","infinitespire:FocusingShard","AT_TimeSand","downfall:CloakOfManyFaces","CultistMask","FaceOfCleric","NlothsMask","GremlinMask","SsserpentHead","Toy Ornithopter","Replay:Grab Bag","infinitespire:Cupcake","SlaversCollar","Black Star","infinitespire:Bottled Soul","Replay:Kaleidoscope","aspiration:Nostalgia","m_SlimeRing","DaCapo","MealTicket","Replay:Multitool","Guide Book"],"acts_visited":["Exordium","TheCity","TheBeyond"],"potions_floor_usage":[],"damage_taken":[{"damage":0.0,"enemies":"Jaw Worm","floor":2.0,"turns":3.0},{"damage":0.0,"enemies":"Cultist","floor":3.0,"turns":2.0},{"damage":0.0,"enemies":"2 Louse","floor":5.0,"turns":2.0},{"damage":4.0,"enemies":"Blue Slaver","floor":6.0,"turns":3.0},{"damage":1.0,"enemies":"downfall:FleeingMerchant","floor":8.0,"turns":4.0},{"damage":0.0,"enemies":"Lagavulin","floor":9.0,"turns":2.0},{"damage":6.0,"enemies":"downfall:FleeingMerchant","floor":10.0,"turns":4.0},{"damage":6.0,"enemies":"Gremlin Nob","floor":11.0,"turns":3.0},{"damage":7.0,"enemies":"downfall:FleeingMerchant","floor":12.0,"turns":4.0},{"damage":0.0,"enemies":"Red Slaver","floor":14.0,"turns":2.0},{"damage":0.0,"enemies":"2 Fungi Beasts","floor":15.0,"turns":3.0},{"damage":14.0,"enemies":"downfall:Ironclad","floor":16.0,"turns":5.0},{"damage":0,"enemies":"3 Byrds","floor":19,"turns":3},{"damage":2,"enemies":"3 Cultists","floor":20,"turns":3},{"damage":0,"enemies":"Centurion and Healer","floor":21,"turns":2},{"damage":0,"enemies":"Snecko","floor":22,"turns":3},{"damage":0,"enemies":"Book of Stabbing","floor":25,"turns":2},{"damage":0,"enemies":"downfall:FaceTrader","floor":27,"turns":2},{"damage":0,"enemies":"Chosen and Byrds","floor":29,"turns":3},{"damage":0,"enemies":"Replay:Snechameleon","floor":30,"turns":3},{"damage":0,"enemies":"Shelled Parasite and Fungi","floor":31,"turns":3},{"damage":9,"enemies":"Snake Plant","floor":32,"turns":3},{"damage":0,"enemies":"downfall:Defect","floor":33,"turns":4},{"damage":0,"enemies":"3 Darklings","floor":36,"turns":3},{"damage":0,"enemies":"3 Shapes","floor":37,"turns":3},{"damage":0,"enemies":"Transient","floor":38,"turns":5},{"damage":0,"enemies":"downfall:FleeingMerchant","floor":39,"turns":2},{"damage":0,"enemies":"2 Orb Walkers","floor":40,"turns":3},{"damage":0,"enemies":"Reptomancer","floor":42,"turns":4},{"damage":0,"enemies":"Jaw Worm Horde","floor":43,"turns":2},{"damage":0,"enemies":"4 Shapes","floor":44,"turns":4},{"damage":0,"enemies":"Writhing Mass","floor":47,"turns":2},{"damage":0,"enemies":"Maw","floor":49,"turns":3},{"damage":5,"enemies":"downfall:Silent","floor":50,"turns":2}],"seed_played":"6055410385601258937","potions_obtained":[{"floor":2.0,"key":"LifebloodPotion"},{"floor":3.0,"key":"Explosive Potion"},{"floor":4.0,"key":"Explosive Potion"},{"floor":4.0,"key":"Fire Potion"},{"floor":20,"key":"SteroidPotion"},{"floor":27,"key":"FearPotion"},{"floor":30,"key":"PowerPotion"},{"floor":32,"key":"Weak Potion"},{"floor":33,"key":"BlessingOfTheForge"},{"floor":36,"key":"FairyPotion"},{"floor":47,"key":"Slimebound:ThreeZeroPotion"}],"is_trial":false,"path_per_floor":["R","M","M","?","M","M","T","$","E","$","E","$","T","M","M","B",null,"R","M","M","M","M","R","T","E","?","?","R","M","E","M","M","B",null,"R_BF","M","M","M","$","?","T","E","M","M","R","?","M","$","M","B",null],"character_chosen":"GUARDIAN","items_purchased":["Guardian:BronzeOrb","infinitespire:Bottled Soul","Replay:Kaleidoscope","aspiration:Nostalgia","Guide Book"],"campfire_rested":0,"item_purchase_floors":[8,39,39,39,48],"current_hp_per_floor":[88,88,88,88,88,84,84,83,83,77,71,64,64,64,64,50,88,88,88,86,86,86,86,86,86,86,86,86,87,88,89,81,82,93,93,94,95,96,97,98,98,99,100,101,101,101,102,102,103,99],"gold":744,"neow_bonus":"TEN_PERCENT_HP_BONUS","is_daily":false,"chose_seed":false,"campfire_upgraded":5,"win_rate":0.0,"timestamp":1609941105,"path_taken":["R","M","M","?","M","M","T","$","E","?","E","$","?","M","M","BOSS","R","M","M","M","M","R","T","E","?","?","R","M","E","M","M","BOSS","R_BF","M","M","M","$","?","T","E","M","M","R","?","M","?","M","BOSS"],"items_purchased_type":["Card","Relic","Relic","Relic","Relic"],"build_version":"2020-12-22","purchased_purges":3,"victory":true,"max_hp_per_floor":[88,88,88,88,88,88,88,88,88,88,88,88,88,88,88,88,88,88,88,88,88,88,88,88,88,88,88,88,89,90,91,92,93,93,93,94,95,96,97,98,98,99,100,101,101,101,102,102,103,104],"card_choices":[{"not_picked":["Guardian:ChargeUp","Guardian:PrismaticBarrier"],"picked":"Guardian:Gem_Lightblue","floor":2.0},{"not_picked":["Guardian:SpikerProtocol","Guardian:TimeCapacitor"],"picked":"Guardian:RefractedBeam","floor":3.0},{"not_picked":["Guardian:Gem_Blue","Guardian:PiercingHide"],"picked":"Guardian:Preprogram","floor":5.0},{"not_picked":["Guardian:TemporalShield","Guardian:PiercingHide","Guardian:Recover"],"picked":"SKIP","floor":6.0},{"not_picked":["Guardian:RollAttack","Guardian:Recover"],"picked":"Guardian:Gem_Red","floor":8.0},{"not_picked":["Guardian:PrimingBeam","Guardian:SpikerProtocol"],"picked":"Guardian:Gem_Yellow","floor":9.0},{"not_picked":["Guardian:Reroute","Guardian:SphericShield"],"picked":"Guardian:GemFinder","floor":10.0},{"not_picked":["Guardian:Gem_Green","Guardian:Gem_Lightblue"],"picked":"Guardian:Gem_Red","floor":11.0},{"not_picked":["Guardian:Gem_Green","Guardian:PrimingBeam"],"picked":"Guardian:Gem_Cyan","floor":11.0},{"not_picked":["Guardian:Gem_Green","Guardian:FuturePlans"],"picked":"Guardian:StasisField","floor":12.0},{"not_picked":["Guardian:RollAttack","Guardian:TemporalStrike","Guardian:CrystalBeam"],"picked":"SKIP","floor":14.0},{"not_picked":["Guardian:RollAttack","Guardian:TemporalStrike","Guardian:CrystalBeam"],"picked":"SKIP","floor":14.0},{"not_picked":["Guardian:PrismaticBeam","Guardian:WalkerClaw"],"picked":"Guardian:SentryBeam","floor":15.0},{"not_picked":["Guardian:Gem_Cyan","Guardian:Gem_Green"],"picked":"Guardian:Gem_Red","floor":16.0},{"not_picked":["Guardian:HyperBeam_Guardian","Guardian:GemFire"],"picked":"Guardian:Gem_Orange","floor":16.0},{"not_picked":["Guardian:Gem_Red","Guardian:Gem_Green"],"picked":"Guardian:Gem_Cyan","floor":19},{"not_picked":["Guardian:Gem_Blue","Guardian:RefractedBeam","Guardian:RollAttack"],"picked":"Guardian:PrismaticBeam+1","floor":19},{"not_picked":["Guardian:Gem_Red","Guardian:Gem_Lightblue"],"picked":"Guardian:Gem_Cyan","floor":20},{"not_picked":["Guardian:TemporalShield","Guardian:Recover","Guardian:CrystalBeam+1"],"picked":"Guardian:Gem_Fragmented","floor":20},{"not_picked":["Guardian:VentSteam","Guardian:EvasiveProtocol+1","Guardian:Gem_Blue"],"picked":"Guardian:Suspension","floor":21},{"not_picked":["Guardian:TemporalShield","Guardian:Emergency","Guardian:Gem_Lightblue"],"picked":"Guardian:StasisStrike","floor":22},{"not_picked":["Guardian:AncientConstruct","Guardian:FuturePlans","Guardian:Planning"],"picked":"Guardian:Gem_Cyan","floor":25},{"not_picked":["Guardian:RollAttack","Guardian:VentSteam","Guardian:ShieldCharger"],"picked":"Guardian:Reroute","floor":27},{"not_picked":["Guardian:Gem_Red","Guardian:Gem_Lightblue"],"picked":"Guardian:Gem_Cyan","floor":29},{"not_picked":["Guardian:EvasiveProtocol","Guardian:PiercingHide","Guardian:Gem_Lightblue"],"picked":"Guardian:Gem_Cyan","floor":29},{"not_picked":["Guardian:Gem_Lightblue","Guardian:Gem_Green"],"picked":"Guardian:Gem_Red","floor":30},{"not_picked":["Guardian:PiercingHide","Guardian:RefractedBeam","Guardian:ShieldSpikes"],"picked":"Guardian:Gem_Blue","floor":30},{"not_picked":["Guardian:Gem_Green","Guardian:Gem_Red"],"picked":"Guardian:Gem_Cyan","floor":31},{"not_picked":["Guardian:TemporalShield+1","Guardian:BronzeArmor","Guardian:HyperBeam_Guardian"],"picked":"Guardian:Gem_Blue","floor":31},{"not_picked":["Guardian:PiercingHide","Guardian:RefractedBeam+1","Guardian:SpikerProtocol+1"],"picked":"Guardian:PrismaticBeam","floor":32},{"not_picked":["Guardian:Gem_Lightblue","Guardian:Gem_Red"],"picked":"Guardian:Gem_Cyan","floor":33},{"not_picked":["Guardian:GemFire","Guardian:CompilePackage","Guardian:Gem_Orange"],"picked":"Guardian:StasisEngine","floor":33},{"not_picked":["Guardian:Gem_Red","Guardian:Gem_Lightblue"],"picked":"Guardian:Gem_Cyan","floor":36},{"not_picked":["Guardian:PiercingHide+1","Guardian:ChargeUp+1","Guardian:Gem_Cyan"],"picked":"Guardian:VentSteam+1","floor":36},{"not_picked":["Guardian:Gem_Cyan","Guardian:Gem_Lightblue"],"picked":"Guardian:Gem_Green","floor":37},{"not_picked":["Guardian:PiercingHide+1","Guardian:TemporalShield","Guardian:Emergency+1"],"picked":"Guardian:ShieldSpikes","floor":37},{"not_picked":["Guardian:Gem_Lightblue","Guardian:Gem_Green"],"picked":"Guardian:Gem_Cyan","floor":38},{"not_picked":["Guardian:PiercingHide","Guardian:Gem_Orange","Guardian:Reroute"],"picked":"Guardian:Incinerate+1","floor":38},{"not_picked":["Guardian:GemFire","Guardian:FuturePlans","Guardian:TemporalShield+1","Guardian:Orbwalk+1"],"picked":"SKIP","floor":39},{"not_picked":["Guardian:SpikerProtocol","Guardian:TemporalShield","Slimebound:SlimeSpikes"],"picked":"Guardian:Incinerate+1","floor":40},{"not_picked":["Guardian:Gem_Cyan","Guardian:Gem_Lightblue"],"picked":"Guardian:Gem_Red","floor":42},{"not_picked":["Guardian:RefractedBeam","Guardian:TemporalShield","Guardian:SpikerProtocol","Guardian:Gem_Lightblue"],"picked":"SKIP","floor":42},{"not_picked":["Guardian:Gem_Green","Guardian:Gem_Cyan"],"picked":"Guardian:Gem_Red","floor":43},{"not_picked":["Guardian:TimeBomb+1","Guardian:ConstructionForm","Blade Dance"],"picked":"Guardian:Incinerate+1","floor":43},{"not_picked":["Guardian:Gem_Lightblue","Guardian:Gem_Green"],"picked":"Guardian:Gem_Cyan","floor":44},{"not_picked":["Guardian:RollAttack+1","Guardian:Orbwalk","Hidden Blade","Cloak And Dagger"],"picked":"SKIP","floor":44},{"not_picked":["Guardian:TemporalShield","Guardian:ChargeCore+1","Hidden Blade"],"picked":"Guardian:ExploitGems","floor":47},{"not_picked":["Guardian:Gem_Red","Guardian:Gem_Green"],"picked":"Guardian:Gem_Cyan","floor":49},{"not_picked":["Cloak And Dagger","Guardian:Clone+1","Guardian:ChargeCore"],"picked":"Guardian:Emergency","floor":49}],"player_experience":590066,"relics_obtained":[{"floor":7.0,"key":"Boot"},{"floor":9.0,"key":"MawBank"},{"floor":11.0,"key":"Orichalcum"},{"floor":13.0,"key":"Quantum Egg"},{"floor":24,"key":"infinitespire:FocusingShard"},{"floor":25,"key":"AT_TimeSand"},{"floor":27,"key":"downfall:CloakOfManyFaces"},{"floor":30,"key":"Toy Ornithopter"},{"floor":40,"key":"DaCapo"},{"floor":42,"key":"MealTicket"},{"floor":42,"key":"Replay:Multitool"}],"event_choices":[{"damage_healed":0.0,"max_hp_gain":0.0,"max_hp_loss":0.0,"gold_gain":0.0,"event_name":"Lab","player_choice":"Got Potions","floor":4.0,"gold_loss":0.0,"damage_taken":0.0},{"damage_healed":0,"gold_gain":0,"player_choice":"Ignored","damage_taken":0,"max_hp_gain":0,"max_hp_loss":0,"event_name":"NoteForYourself","floor":35,"gold_loss":0},{"damage_healed":0,"gold_gain":0,"player_choice":"Fight","damage_taken":0,"max_hp_gain":0,"max_hp_loss":0,"event_name":"Mysterious Sphere","floor":40,"gold_loss":0},{"cards_removed":["Guardian:Defend_Guardian"],"damage_healed":0,"gold_gain":0,"player_choice":"Removed Skill","damage_taken":0,"max_hp_gain":0,"max_hp_loss":0,"event_name":"Falling","floor":46,"gold_loss":0}],"is_beta":false,"boss_relics":[{"not_picked":["hubris:TerracottaHorce","hubris:VirtuousBlindfold"],"picked":"Honey Jar"},{"not_picked":["Astrolabe","hubris:CrackedHourglass"],"picked":"Replay:Grab Bag"},{"not_picked":["Velvet Choker","Fusion Hammer"],"picked":"infinitespire:Cupcake"},{"not_picked":["Runic Dome","Cursed Key"],"picked":"SlaversCollar"},{"not_picked":["TakeMeEscape","FixedStarFall"],"picked":"Black Star"}],"items_purged_floors":[39,48,48],"is_endless":false,"potions_floor_spawned":[2,3,9,14,16,20,27,30,32,33,36,37,40,42,47],"ascension_level":1}}