{"host":"005oipbkxhicanek","time":1609902198,"event":{"mods":["AchievementEnabler","BaseMod","Colored Map","Colored Powertips","Minty Spire (QoL Compilation)"],"gold_per_floor":[116,116,126,126,51,68,68,83,83,83,100,100,100,117,117,213,213,182,196,121,121,121,121],"floor_reached":22,"playtime":893,"items_purged":["Defend_R"],"score":194,"play_id":"d6d8d101-58b2-4fbe-af00-ea47b96fecd8","local_time":"20210106040318","is_ascension_mode":true,"campfire_choices":[{"data":"Warcry","floor":7,"key":"SMITH"},{"data":"Bash","floor":12,"key":"SMITH"},{"data":"Shrug It Off","floor":15,"key":"SMITH"}],"circlet_count":0,"master_deck":["Strike_R","Strike_R","Defend_R","Defend_R+1","Defend_R+1","Bash+1","Warcry+1","Shrug It Off+1","Demon Form","Havoc+1","Dropkick","Decay"],"relics":["Burning Blood","Bag of Preparation","Singing Bowl","SlaversCollar"],"acts_visited":["Exordium","TheCity"],"potions_floor_usage":[11,16,16,18,22],"damage_taken":[{"damage":0,"enemies":"Small Slimes","floor":1,"turns":3},{"damage":0,"enemies":"Cultist","floor":3,"turns":3},{"damage":0,"enemies":"Jaw Worm","floor":6,"turns":3},{"damage":0,"enemies":"Exordium Wildlife","floor":8,"turns":5},{"damage":20,"enemies":"Gremlin Gang","floor":11,"turns":4},{"damage":7,"enemies":"Red Slaver","floor":14,"turns":3},{"damage":29,"enemies":"Slime Boss","floor":16,"turns":12},{"damage":32,"enemies":"2 Thieves","floor":18,"turns":5},{"damage":43,"enemies":"Spheric Guardian","floor":19,"turns":10},{"damage":14,"enemies":"3 Cultists","floor":22,"turns":3}],"seed_played":"7233608069454494027","potions_obtained":[{"floor":3,"key":"SteroidPotion"},{"floor":8,"key":"Explosive Potion"},{"floor":11,"key":"PowerPotion"},{"floor":14,"key":"Energy Potion"},{"floor":18,"key":"PowerPotion"}],"is_trial":false,"path_per_floor":["M","?","M","?","$","M","R","M","T","?","M","R","?","M","R","B",null,"M","M","?","?","M"],"character_chosen":"IRONCLAD","items_purchased":[],"campfire_rested":0,"item_purchase_floors":[],"current_hp_per_floor":[72,58,64,46,46,52,52,58,58,58,46,46,70,71,71,48,76,50,13,13,13,0,0],"gold":121,"neow_bonus":"REMOVE_TWO","is_daily":false,"chose_seed":false,"campfire_upgraded":3,"win_rate":0.0,"timestamp":1609902198,"path_taken":["M","?","M","?","$","M","R","M","T","?","?","R","?","M","R","BOSS","M","M","?","?","M"],"items_purchased_type":[],"build_version":"2020-12-22","purchased_purges":1,"victory":false,"max_hp_per_floor":[72,72,72,72,72,72,72,72,72,72,74,74,74,76,76,76,76,76,76,76,76,76,76],"card_choices":[{"not_picked":["Shrug It Off","Thunderclap"],"picked":"Warcry","floor":1},{"not_picked":["Iron Wave","Rage","Spot Weakness"],"picked":"SKIP","floor":3},{"not_picked":["True Grit","Armaments","Iron Wave"],"picked":"SKIP","floor":6},{"not_picked":["Perfected Strike","Havoc"],"picked":"Shrug It Off","floor":8},{"not_picked":["Clothesline","Battle Trance","Seeing Red"],"picked":"Singing Bowl","floor":11},{"not_picked":["Whirlwind","Clothesline","Thunderclap"],"picked":"Singing Bowl","floor":14},{"not_picked":["Offering","Double Tap"],"picked":"Demon Form","floor":16},{"not_picked":["Warcry","Shrug It Off"],"picked":"Havoc+1","floor":18},{"not_picked":["Seeing Red","Spot Weakness+1"],"picked":"Dropkick","floor":19}],"player_experience":123900,"relics_obtained":[{"floor":9,"key":"Singing Bowl"}],"event_choices":[{"damage_healed":0,"gold_gain":0,"player_choice":"Entered Light","damage_taken":14,"max_hp_gain":0,"max_hp_loss":0,"event_name":"Shining Light","floor":2,"gold_loss":0,"cards_upgraded":["Defend_R","Defend_R"]},{"damage_healed":0,"gold_gain":0,"player_choice":"Success","damage_taken":18,"relics_obtained":["Bag of Preparation"],"max_hp_gain":0,"max_hp_loss":0,"event_name":"Scrap Ooze","floor":4,"gold_loss":0},{"damage_healed":0,"gold_gain":0,"player_choice":"0 cards matched","damage_taken":0,"max_hp_gain":0,"max_hp_loss":0,"event_name":"Match and Keep!","floor":10,"gold_loss":0,"cards_obtained":[]},{"damage_healed":24,"gold_gain":0,"player_choice":"Banana","damage_taken":0,"max_hp_gain":0,"max_hp_loss":0,"event_name":"Big Fish","floor":13,"gold_loss":0},{"cards_removed":["Strike_R"],"damage_healed":0,"gold_gain":0,"player_choice":"Gave Gold","damage_taken":0,"max_hp_gain":0,"max_hp_loss":0,"event_name":"Beggar","floor":20,"gold_loss":75},{"damage_healed":0,"gold_gain":0,"player_choice":"Smashed Altar","damage_taken":0,"max_hp_gain":0,"max_hp_loss":0,"event_name":"Forgotten Altar","floor":21,"gold_loss":0,"cards_obtained":["Decay"]}],"is_beta":false,"boss_relics":[{"not_picked":["Cursed Key","Tiny House"],"picked":"SlaversCollar"}],"items_purged_floors":[5],"is_endless":false,"potions_floor_spawned":[3,8,11,14,18],"killed_by":"3 Cultists","ascension_level":2}}