{"host":"j45ucdvl5ntpx4kf","time":1609905788,"event":{"mods":["AchievementEnabler","BaseMod","Colored Map","Colored Powertips","Minty Spire (QoL Compilation)","StSLib"],"gold_per_floor":[111,36,46,65,65,65,89,125,171,25,44,44,57,92,92,218,218,143,143,80,80,80],"floor_reached":21,"playtime":996,"items_purged":["Strike_G"],"score":215,"play_id":"9e76e8e4-4f95-449a-8922-b308e5f0f8d0","local_time":"20210105230308","is_ascension_mode":true,"campfire_choices":[{"data":"Neutralize","floor":6.0,"key":"SMITH"},{"floor":12.0,"key":"REST"},{"floor":15.0,"key":"REST"}],"circlet_count":0,"master_deck":["Strike_G","Defend_G","Defend_G","Defend_G","Defend_G","Defend_G","Survivor","Neutralize+1","Dagger Spray","Flying Knee","Prepared","Adrenaline","Endless Agony","Unload","Venomology","Sucker Punch","Underhanded Strike","Footwork","Backflip"],"relics":["Ring of the Snake","Golden Idol","Kunai","Snake Skull","Membership Card","Centennial Puzzle","Empty Cage"],"acts_visited":["Exordium","TheCity"],"potions_floor_usage":[],"damage_taken":[{"damage":0.0,"enemies":"2 Louse","floor":1.0,"turns":3.0},{"damage":1.0,"enemies":"Cultist","floor":3.0,"turns":4.0},{"damage":1.0,"enemies":"Jaw Worm","floor":4.0,"turns":4.0},{"damage":0.0,"enemies":"Large Slime","floor":7.0,"turns":6.0},{"damage":30.0,"enemies":"Lagavulin","floor":8.0,"turns":8.0},{"damage":2.0,"enemies":"Gremlin Gang","floor":11.0,"turns":5.0},{"damage":6.0,"enemies":"Lots of Slimes","floor":13.0,"turns":2.0},{"damage":3.0,"enemies":"3 Sentries","floor":14.0,"turns":8.0},{"damage":6.0,"enemies":"Hexaghost","floor":16.0,"turns":13.0},{"damage":14.0,"enemies":"2 Thieves","floor":18.0,"turns":5.0},{"damage":0,"enemies":"Chosen","floor":21,"turns":1}],"seed_played":"2463410523962365548","potions_obtained":[{"floor":3.0,"key":"LiquidBronze"},{"floor":7.0,"key":"Fire Potion"},{"floor":8.0,"key":"SpeedPotion"}],"is_trial":false,"path_per_floor":["M","$","M","M","?","R","M","E","T","$","M","R","M","E","R","B",null,"M","?","$","M"],"character_chosen":"THE_SILENT","items_purchased":["Membership Card","Footwork","Backflip"],"campfire_rested":2,"item_purchase_floors":[10,20,20],"current_hp_per_floor":[77,77,76,75,56,56,56,26,26,26,24,47,41,38,61,55,77,63,63,63,63,63],"gold":80,"neow_bonus":"TEN_PERCENT_HP_BONUS","is_daily":false,"chose_seed":false,"campfire_upgraded":1,"win_rate":0.0,"timestamp":1609905788,"path_taken":["M","$","M","M","?","R","M","E","T","$","M","R","M","E","R","BOSS","M","?","$","M"],"items_purchased_type":["Relic","Card","Card"],"build_version":"2020-12-22","purchased_purges":1,"victory":false,"max_hp_per_floor":[77,77,77,77,77,77,77,77,77,77,77,77,77,77,77,77,77,77,77,77,77,77],"card_choices":[{"not_picked":["Slice","Outmaneuver"],"picked":"Dagger Spray","floor":1.0},{"not_picked":["Dash","Outmaneuver"],"picked":"Flying Knee","floor":3.0},{"not_picked":["Eviscerate","Cloak And Dagger","Underhanded Strike"],"picked":"SKIP","floor":4.0},{"not_picked":["Sucker Punch","All Out Attack"],"picked":"Prepared","floor":7.0},{"not_picked":["Acrobatics","Bouncing Flask"],"picked":"Adrenaline","floor":8.0},{"not_picked":["Masterful Stab","PiercingWail","Dagger Spray"],"picked":"SKIP","floor":11.0},{"not_picked":["Tactician","Deflect"],"picked":"Endless Agony","floor":13.0},{"not_picked":["Catalyst","Outmaneuver"],"picked":"Unload","floor":14.0},{"not_picked":["Bullet Time","Corpse Explosion"],"picked":"Venomology","floor":16.0},{"not_picked":["Slice","Finisher"],"picked":"Sucker Punch","floor":18.0}],"player_experience":129089,"relics_obtained":[{"floor":8.0,"key":"Kunai"},{"floor":9.0,"key":"Snake Skull"},{"floor":14.0,"key":"Centennial Puzzle"}],"event_choices":[{"damage_healed":0.0,"max_hp_gain":0.0,"max_hp_loss":0.0,"gold_gain":0.0,"event_name":"Golden Idol","player_choice":"Take Damage","floor":5.0,"gold_loss":0.0,"damage_taken":19.0,"relics_obtained":["Golden Idol"]},{"damage_healed":0.0,"max_hp_gain":0.0,"max_hp_loss":0.0,"gold_gain":0.0,"cards_transformed":["Strike_G"],"event_name":"Transmorgrifier","player_choice":"Transformed","floor":19.0,"gold_loss":0.0,"damage_taken":0.0,"cards_obtained":["Underhanded Strike"]}],"is_beta":false,"boss_relics":[{"not_picked":["Ectoplasm","Snecko Eye"],"picked":"Empty Cage"}],"items_purged_floors":[2],"is_endless":false,"potions_floor_spawned":[3,7,8],"killed_by":"Chosen","ascension_level":3}}