{"host":"ch74xfb1n85e86fc","time":1609912366,"event":{"mods":["AchievementEnabler","BaseMod","Colored Map","DeckTracker","Minty Spire (QoL Compilation)","Relic Stats","StSLib","SuperFastMode","everything is the same but u backflip on backflip"],"gold_per_floor":[109,121,134,134,134,134,134,59,59,73,73,90,103,3,3,105,105,118,129,161,174,186,186,203,113,136,150,163,178,178,178,178,277,277,291,148,159,159,34,65,82,97,124,136,151,184,194,214,214,214,214,214,15,45,45],"floor_reached":56,"playtime":2091,"items_purged":["Strike_R","Strike_R","Anger","Regret"],"score":1410,"play_id":"01da87ec-cfbb-406f-a294-2d56d6414195","local_time":"20210106145246","is_ascension_mode":true,"campfire_choices":[{"data":"Body Slam","floor":11,"key":"SMITH"},{"data":"Battle Trance","floor":15,"key":"SMITH"},{"data":"Barricade","floor":23,"key":"SMITH"},{"data":"Entrench","floor":30,"key":"SMITH"},{"data":"Feel No Pain","floor":32,"key":"SMITH"},{"floor":49,"key":"RECALL"},{"data":"Second Wind","floor":52,"key":"SMITH"}],"circlet_count":0,"master_deck":["Defend_R+1","Defend_R+1","Battle Trance+1","Wild Strike+1","Body Slam+1","Barricade+1","Entrench+1","Second Wind+1","Flame Barrier","Feel No Pain+1","Shrug It Off","Shrug It Off+1","Disarm+1","Body Slam+1","Fire Breathing+1","Dark Embrace+1"],"relics":["Burning Blood","Oddly Smooth Stone","Kunai","Empty Cage","Red Mask","Potion Belt","Cursed Key","Orrery","Darkstone Periapt","MealTicket","Centennial Puzzle"],"acts_visited":["Exordium","TheCity","TheBeyond","TheEnding"],"potions_floor_usage":[21,33,42,45,50,55,55,55,55,55],"damage_taken":[{"damage":1,"enemies":"Cultist","floor":1,"turns":3},{"damage":3,"enemies":"Jaw Worm","floor":2,"turns":4},{"damage":2,"enemies":"Small Slimes","floor":3,"turns":3},{"damage":0,"enemies":"2 Fungi Beasts","floor":10,"turns":2},{"damage":0,"enemies":"3 Louse","floor":12,"turns":2},{"damage":0,"enemies":"Blue Slaver","floor":13,"turns":3},{"damage":35,"enemies":"Hexaghost","floor":16,"turns":8},{"damage":6,"enemies":"2 Thieves","floor":18,"turns":4},{"damage":0,"enemies":"Chosen","floor":19,"turns":3},{"damage":10,"enemies":"Masked Bandits","floor":20,"turns":5},{"damage":27,"enemies":"Shelled Parasite and Fungi","floor":21,"turns":6},{"damage":15,"enemies":"Chosen and Byrds","floor":22,"turns":6},{"damage":7,"enemies":"Centurion and Healer","floor":24,"turns":6},{"damage":0,"enemies":"Snecko","floor":27,"turns":3},{"damage":0,"enemies":"Chosen and Byrds","floor":28,"turns":6},{"damage":9,"enemies":"Cultist and Chosen","floor":29,"turns":8},{"damage":0,"enemies":"Automaton","floor":33,"turns":8},{"damage":16,"enemies":"3 Darklings","floor":35,"turns":4},{"damage":7,"enemies":"3 Shapes","floor":37,"turns":4},{"damage":0,"enemies":"Reptomancer","floor":40,"turns":4},{"damage":0,"enemies":"Spire Growth","floor":41,"turns":3},{"damage":13,"enemies":"Transient","floor":42,"turns":5},{"damage":1,"enemies":"Sphere and 2 Shapes","floor":44,"turns":4},{"damage":17,"enemies":"Maw","floor":45,"turns":6},{"damage":2,"enemies":"Giant Head","floor":46,"turns":5},{"damage":4,"enemies":"4 Shapes","floor":47,"turns":6},{"damage":8,"enemies":"Transient","floor":48,"turns":5},{"damage":14,"enemies":"Donu and Deca","floor":50,"turns":6},{"damage":38,"enemies":"Shield and Spear","floor":54,"turns":7},{"damage":5,"enemies":"The Heart","floor":55,"turns":7}],"seed_played":"4929047848835159033","potions_obtained":[{"floor":3,"key":"LiquidMemories"},{"floor":12,"key":"FearPotion"},{"floor":19,"key":"PowerPotion"},{"floor":21,"key":"SteroidPotion"},{"floor":29,"key":"Explosive Potion"},{"floor":31,"key":"LiquidMemories"},{"floor":40,"key":"AttackPotion"},{"floor":42,"key":"Regen Potion"},{"floor":44,"key":"LiquidMemories"},{"floor":46,"key":"EssenceOfSteel"}],"is_trial":false,"path_per_floor":["M","M","M","?","?","?","?","$","T","M","R","M","M","$","R","B",null,"M","M","?","M","M","R","M","?","T","M","M","M","R","?","R","B",null,"M","$","M","?","$","E","M","M","T","M","M","E","M","M","R","B",null,"R","$","E","B",null],"character_chosen":"IRONCLAD","items_purchased":["Orrery","SkillPotion"],"campfire_rested":0,"item_purchase_floors":[36,53],"current_hp_per_floor":[72,72,72,69,69,62,48,48,48,54,54,60,66,66,66,37,72,72,72,68,47,38,38,37,37,37,43,49,46,46,46,46,52,72,62,62,61,61,61,67,72,65,71,76,65,69,71,69,69,61,78,78,78,46,62],"gold":45,"neow_bonus":"REMOVE_TWO","is_daily":false,"chose_seed":false,"campfire_upgraded":6,"win_rate":0.0,"timestamp":1609912366,"path_taken":["M","M","?","?","?","?","?","$","T","M","R","M","M","$","R","BOSS","M","M","?","M","M","R","M","?","T","M","?","M","R","?","R","BOSS","M","?","M","?","$","E","M","M","T","M","M","E","?","M","R","BOSS","R","$","E","BOSS"],"items_purchased_type":["Relic","Potion"],"build_version":"2020-12-22","purchased_purges":4,"victory":true,"max_hp_per_floor":[72,72,72,72,72,72,72,72,72,72,72,72,72,72,72,72,72,72,72,72,72,72,72,72,72,72,72,72,72,72,72,72,72,72,72,72,72,72,72,72,72,72,78,78,78,78,78,78,78,78,78,78,78,78,78],"relic_stats":{"Darkstone Periapt":6,"Centennial Puzzle":[3],"counters":[30,146],"MealTicket":0,"Kunai":[37],"Cursed Key":1,"obtain_stats":[{"Potion Belt":26,"Darkstone Periapt":40,"Centennial Puzzle":54,"Oddly Smooth Stone":4,"Orrery":36,"MealTicket":46,"Red Mask":20,"Kunai":9,"Empty Cage":17,"Cursed Key":34,"Burning Blood":0},{"Potion Belt":13,"Darkstone Periapt":20,"Centennial Puzzle":29,"Oddly Smooth Stone":3,"Orrery":18,"MealTicket":25,"Red Mask":10,"Kunai":3,"Empty Cage":7,"Cursed Key":17,"Burning Blood":0},{"Potion Belt":55,"Darkstone Periapt":92,"Centennial Puzzle":139,"Oddly Smooth Stone":10,"Orrery":84,"MealTicket":115,"Red Mask":37,"Kunai":10,"Empty Cage":25,"Cursed Key":80,"Burning Blood":0}],"Burning Blood":161},"card_choices":[{"not_picked":["Heavy Blade","True Grit"],"picked":"Battle Trance","floor":1},{"not_picked":["Seeing Red","Pummel"],"picked":"Wild Strike","floor":2},{"not_picked":["Inflame","Dark Embrace"],"picked":"Anger","floor":3},{"not_picked":["Heavy Blade","Perfected Strike"],"picked":"Body Slam","floor":10},{"not_picked":["Pummel","Flex","Havoc"],"picked":"SKIP","floor":12},{"not_picked":["Havoc","Wild Strike","Body Slam"],"picked":"SKIP","floor":13},{"not_picked":["Offering","Impervious"],"picked":"Barricade","floor":16},{"not_picked":["Sever Soul","Perfected Strike"],"picked":"Entrench","floor":18},{"not_picked":["Flex","Heavy Blade","Clash+1"],"picked":"SKIP","floor":19},{"not_picked":["Clash","Combust"],"picked":"Second Wind","floor":20},{"not_picked":["Sever Soul","Anger"],"picked":"Flame Barrier","floor":21},{"not_picked":["Wild Strike","Warcry+1","Metallicize"],"picked":"SKIP","floor":22},{"not_picked":["Armaments","Dual Wield+1","Clothesline+1"],"picked":"SKIP","floor":24},{"not_picked":["Thunderclap+1","Reaper","Combust+1"],"picked":"SKIP","floor":27},{"not_picked":["Iron Wave","Battle Trance"],"picked":"Feel No Pain","floor":28},{"not_picked":["Carnage","Thunderclap","Body Slam"],"picked":"SKIP","floor":29},{"not_picked":["True Grit","Headbutt+1"],"picked":"Shrug It Off","floor":35},{"not_picked":["Flex","Havoc"],"picked":"Shrug It Off+1","floor":36},{"not_picked":["Anger+1","Battle Trance"],"picked":"Disarm+1","floor":36},{"not_picked":["Armaments","Clash+1"],"picked":"Body Slam+1","floor":36},{"not_picked":["Pommel Strike+1","Seeing Red","Cleave+1"],"picked":"SKIP","floor":37},{"not_picked":["Sentinel+1","Battle Trance","Twin Strike+1"],"picked":"SKIP","floor":40},{"not_picked":["Searing Blow","Rage+1","Headbutt+1"],"picked":"SKIP","floor":41},{"not_picked":["Fiend Fire","Warcry","Inflame+1"],"picked":"SKIP","floor":42},{"not_picked":["Shrug It Off","Flex","Armaments+1"],"picked":"SKIP","floor":44},{"not_picked":["Thunderclap+1","Armaments+1","Dual Wield+1"],"picked":"SKIP","floor":45},{"not_picked":["Spot Weakness+1","Bloodletting+1","Iron Wave+1"],"picked":"SKIP","floor":46},{"not_picked":["Iron Wave+1","Sword Boomerang"],"picked":"Fire Breathing+1","floor":47},{"not_picked":["Bludgeon","Clash+1","Flame Barrier+1"],"picked":"SKIP","floor":48},{"not_picked":["Feel No Pain+1","Clothesline"],"picked":"Dark Embrace+1","floor":54}],"player_experience":31943,"relics_obtained":[{"floor":9,"key":"Kunai"},{"floor":20,"key":"Red Mask"},{"floor":26,"key":"Potion Belt"},{"floor":40,"key":"Darkstone Periapt"},{"floor":46,"key":"MealTicket"},{"floor":54,"key":"Centennial Puzzle"}],"event_choices":[{"damage_healed":0,"gold_gain":0,"player_choice":"Success","damage_taken":3,"relics_obtained":["Oddly Smooth Stone"],"max_hp_gain":0,"max_hp_loss":0,"event_name":"Scrap Ooze","floor":4,"gold_loss":0},{"damage_healed":0,"gold_gain":0,"player_choice":"Ignored","damage_taken":0,"max_hp_gain":0,"max_hp_loss":0,"event_name":"Liars Game","floor":5,"gold_loss":0},{"cards_removed":["Strike_R"],"damage_healed":0,"gold_gain":0,"player_choice":"Card Removal","damage_taken":7,"max_hp_gain":0,"max_hp_loss":0,"event_name":"Golden Wing","floor":6,"gold_loss":0},{"damage_healed":0,"gold_gain":0,"player_choice":"Entered Light","damage_taken":14,"max_hp_gain":0,"max_hp_loss":0,"event_name":"Shining Light","floor":7,"gold_loss":0,"cards_upgraded":["Defend_R","Wild Strike"]},{"damage_healed":0,"gold_gain":0,"player_choice":"Fought Bandits","damage_taken":0,"max_hp_gain":0,"max_hp_loss":0,"event_name":"Masked Bandits","floor":20,"gold_loss":0},{"cards_removed":["Defend_R"],"damage_healed":0,"gold_gain":0,"player_choice":"Upgrade and Remove","damage_taken":0,"max_hp_gain":0,"max_hp_loss":0,"event_name":"Designer","floor":25,"gold_loss":90,"cards_upgraded":["Defend_R"]},{"damage_healed":0,"gold_gain":0,"player_choice":"Got Potions","damage_taken":0,"max_hp_gain":0,"max_hp_loss":0,"event_name":"Lab","floor":31,"gold_loss":0},{"damage_healed":0,"gold_gain":0,"player_choice":"0 cards matched","damage_taken":0,"max_hp_gain":0,"max_hp_loss":0,"event_name":"Match and Keep!","floor":38,"gold_loss":0,"cards_obtained":[]}],"is_beta":false,"boss_relics":[{"not_picked":["Ectoplasm","Calling Bell"],"picked":"Empty Cage"},{"not_picked":["Pandora\u0027s Box","Runic Cube"],"picked":"Cursed Key"}],"items_purged_floors":[8,14,39,53],"is_endless":false,"potions_floor_spawned":[3,12,19,21,29,40,42,44,46,54],"ascension_level":2}}