{"host":"1q1wpq6df472foxy","time":1609928153,"event":{"mods":["BaseMod","DeckTracker","Highlight Path","Minty Spire (QoL Compilation)","Quick Restart","StSLib","SuperFastMode"],"gold_per_floor":[119,119,131,131,131,159,159,170,195,195,195,195,39,57,57,57,57],"floor_reached":16,"playtime":360,"items_purged":["ClearTheMind"],"score":123,"play_id":"fd1bd5df-61bd-467a-a5ba-26518022af5f","local_time":"20210106191553","is_ascension_mode":false,"campfire_choices":[{"floor":7,"key":"RECALL"},{"data":"Worship","floor":10,"key":"SMITH"},{"data":"Worship","floor":12,"key":"SMITH"},{"floor":15,"key":"REST"}],"circlet_count":0,"master_deck":["Strike_P","Strike_P+1","Strike_P","Strike_P","Defend_P","Defend_P","Defend_P","Defend_P","Eruption+1","Vigilance","Worship+1","Worship+1","Establishment"],"relics":["PureWater","NeowsBlessing","Potion Belt","Whetstone","MealTicket"],"acts_visited":["Exordium"],"potions_floor_usage":[],"damage_taken":[{"damage":0,"enemies":"Jaw Worm","floor":1,"turns":1},{"damage":0,"enemies":"2 Louse","floor":3,"turns":2},{"damage":0,"enemies":"Gremlin Nob","floor":6,"turns":1},{"damage":0,"enemies":"Small Slimes","floor":8,"turns":3},{"damage":26,"enemies":"Blue Slaver","floor":14,"turns":3},{"damage":67,"enemies":"Hexaghost","floor":16,"turns":11}],"seed_played":"-1068491291275481241","potions_obtained":[{"floor":1,"key":"EssenceOfSteel"},{"floor":8,"key":"Explosive Potion"},{"floor":14,"key":"BlessingOfTheForge"}],"is_trial":false,"path_per_floor":["M","?","M","?","?","E","R","M","T","R","T","R","$","M","R","B"],"character_chosen":"WATCHER","items_purchased":["Establishment"],"campfire_rested":1,"item_purchase_floors":[13],"current_hp_per_floor":[72,72,72,60,53,53,53,53,53,53,53,53,68,42,63,0,0],"gold":57,"neow_bonus":"THREE_ENEMY_KILL","is_daily":false,"chose_seed":false,"campfire_upgraded":2,"win_rate":0.0,"timestamp":1609928153,"path_taken":["M","?","M","?","?","E","R","M","T","R","?","R","$","M","R","BOSS"],"items_purchased_type":["Card"],"build_version":"2020-12-22","purchased_purges":1,"victory":false,"max_hp_per_floor":[72,72,72,72,72,72,72,72,72,72,72,72,72,72,72,72,72],"card_choices":[{"not_picked":["ReachHeaven","EmptyFist"],"picked":"Adaptation","floor":1},{"not_picked":["EmptyBody","CrushJoints"],"picked":"Worship","floor":3},{"not_picked":["WheelKick","DeceiveReality"],"picked":"ClearTheMind","floor":6},{"not_picked":["Consecrate","FollowUp"],"picked":"Worship","floor":8},{"not_picked":["SashWhip","EmptyMind","Crescendo"],"picked":"SKIP","floor":14}],"player_experience":377714,"relics_obtained":[{"floor":6,"key":"Whetstone"},{"floor":11,"key":"MealTicket"}],"event_choices":[{"damage_healed":0,"gold_gain":0,"player_choice":"Ignored","damage_taken":0,"max_hp_gain":0,"max_hp_loss":0,"event_name":"Liars Game","floor":2,"gold_loss":0},{"damage_healed":0,"gold_gain":0,"player_choice":"Success","damage_taken":12,"relics_obtained":["Potion Belt"],"max_hp_gain":0,"max_hp_loss":0,"event_name":"Scrap Ooze","floor":4,"gold_loss":0},{"cards_removed":["Adaptation"],"damage_healed":0,"gold_gain":0,"player_choice":"Card Removal","damage_taken":7,"max_hp_gain":0,"max_hp_loss":0,"event_name":"Golden Wing","floor":5,"gold_loss":0}],"is_beta":false,"boss_relics":[],"items_purged_floors":[13],"is_endless":false,"potions_floor_spawned":[1,8,14],"killed_by":"Hexaghost","ascension_level":0}}