{"host":"k6u7q08ihsmpx7o5","time":1609905181,"event":{"mods":["BaseMod","Bestiary","Filter the Spire","Minty Spire (QoL Compilation)","Permanent Neow","Relic Stats","StSLib"],"gold_per_floor":[117,117,132,132,132,165,165,199,199,233,244,275,275,350,350,423,423,437,362,362,373,373,405,405,405,405],"floor_reached":25,"playtime":1513,"items_purged":[],"score":740,"play_id":"ea1db5ad-102f-4871-96c2-10cfdffee9f3","local_time":"20210106045301","is_ascension_mode":true,"campfire_choices":[{"data":"Buffer","floor":7.0,"key":"SMITH"},{"data":"Biased Cognition","floor":13.0,"key":"SMITH"},{"data":"Doom and Gloom","floor":15.0,"key":"SMITH"},{"data":"Beam Cell","floor":24,"key":"SMITH"}],"circlet_count":0,"master_deck":["AscendersBane","Dualcast","Beam Cell+1","Buffer+1","Machine Learning","Self Repair","Auto Shields+1","Double Energy","Doom and Gloom+1","Hologram+1","Glacier+1","Biased Cognition+1","Chill+1","Coolheaded+1","Reboot+1","Skim+1","Aggregate+1"],"relics":["Pandora\u0027s Box","Toxic Egg 2","War Paint","MealTicket","White Beast Statue","Black Star","Nloth\u0027s Gift","Blood Vial","Potion Belt"],"acts_visited":["Exordium","TheCity"],"potions_floor_usage":[23,23,23,25],"damage_taken":[{"damage":0.0,"enemies":"2 Louse","floor":1.0,"turns":3.0},{"damage":0.0,"enemies":"Cultist","floor":3.0,"turns":4.0},{"damage":20.0,"enemies":"Lagavulin","floor":6.0,"turns":6.0},{"damage":0.0,"enemies":"Gremlin Nob","floor":8.0,"turns":5.0},{"damage":0.0,"enemies":"Lagavulin","floor":10.0,"turns":7.0},{"damage":7.0,"enemies":"Jaw Worm","floor":11.0,"turns":4.0},{"damage":0.0,"enemies":"Gremlin Nob","floor":12.0,"turns":5.0},{"damage":0.0,"enemies":"Slime Boss","floor":16.0,"turns":11.0},{"damage":0.0,"enemies":"Chosen","floor":18.0,"turns":7.0},{"damage":20.0,"enemies":"3 Byrds","floor":21.0,"turns":8.0},{"damage":10,"enemies":"Book of Stabbing","floor":23,"turns":6},{"damage":71,"enemies":"Slavers","floor":25,"turns":7}],"seed_played":"4343779161072481502","potions_obtained":[{"floor":1.0,"key":"FocusPotion"},{"floor":6.0,"key":"SpeedPotion"},{"floor":10.0,"key":"Block Potion"},{"floor":11.0,"key":"EntropicBrew"},{"floor":23,"key":"AttackPotion"}],"is_trial":false,"path_per_floor":["M","?","M","?","?","E","R","E","T","E","M","E","R","?","R","B",null,"M","?","?","M","?","E","R","E"],"character_chosen":"DEFECT","items_purchased":[],"campfire_rested":0,"item_purchase_floors":[],"current_hp_per_floor":[71,71,71,76,76,63,63,70,70,76,76,76,76,65,65,72,75,76,76,76,63,63,60,60,0,0],"gold":405,"neow_bonus":"BOSS_RELIC","is_daily":false,"chose_seed":false,"campfire_upgraded":4,"win_rate":0.0,"timestamp":1609905181,"path_taken":["M","?","?","?","?","E","R","E","T","E","M","E","R","?","R","BOSS","M","?","?","?","?","E","R","E"],"items_purchased_type":[],"build_version":"2020-12-22","purchased_purges":0,"victory":false,"max_hp_per_floor":[71,71,71,76,76,76,76,76,76,76,76,76,76,76,76,76,76,76,76,76,76,76,76,76,76,76],"relic_stats":{"Blood Vial":2,"counters":[12,73],"Pandora\u0027s Box":["Beam Cell","Buffer","Machine Learning","Self Repair","Fusion","Beam Cell","Auto Shields","Double Energy"],"MealTicket":0,"Black Star":1,"Nloth\u0027s Gift":1,"War Paint":["Hologram","Auto Shields"],"obtain_stats":[{"Blood Vial":23,"Potion Belt":23,"Pandora\u0027s Box":0,"MealTicket":10,"Black Star":17,"Nloth\u0027s Gift":20,"Letter Opener":9,"Toxic Egg 2":6,"War Paint":8,"Cracked Core":0,"White Beast Statue":12},{"Blood Vial":11,"Potion Belt":11,"Pandora\u0027s Box":0,"MealTicket":5,"Black Star":8,"Nloth\u0027s Gift":9,"Letter Opener":4,"Toxic Egg 2":3,"War Paint":4,"Cracked Core":0,"White Beast Statue":7},{"Blood Vial":66,"Potion Belt":66,"Pandora\u0027s Box":0,"MealTicket":25,"Black Star":45,"Nloth\u0027s Gift":52,"Letter Opener":18,"Toxic Egg 2":13,"War Paint":18,"Cracked Core":0,"White Beast Statue":34}]},"card_choices":[{"not_picked":["Steam","Sunder"],"picked":"Doom and Gloom","floor":1.0},{"not_picked":["Storm","Recycle"],"picked":"Hologram","floor":3.0},{"not_picked":["Stack+1","Heatsinks"],"picked":"Glacier+1","floor":6.0},{"not_picked":["Heatsinks","Loop"],"picked":"Biased Cognition","floor":8.0},{"not_picked":["Streamline","Auto Shields+1","Beam Cell"],"picked":"SKIP","floor":10.0},{"not_picked":["Tempest+1","Sweeping Beam"],"picked":"Chill+1","floor":11.0},{"not_picked":["Gash","Redo+1"],"picked":"Coolheaded+1","floor":12.0},{"not_picked":["Creative AI","Rainbow+1"],"picked":"Reboot+1","floor":16.0},{"not_picked":["Fusion+1","Gash","Blizzard"],"picked":"SKIP","floor":18.0},{"not_picked":["Fusion+1","Gash","Blizzard"],"picked":"SKIP","floor":18.0},{"not_picked":["Streamline","Chill+1"],"picked":"Skim+1","floor":21.0},{"not_picked":["Rainbow+1","Cold Snap"],"picked":"Aggregate+1","floor":23}],"player_experience":1959568,"relics_obtained":[{"floor":6.0,"key":"Toxic Egg 2"},{"floor":8.0,"key":"War Paint"},{"floor":9.0,"key":"Letter Opener"},{"floor":10.0,"key":"MealTicket"},{"floor":12.0,"key":"White Beast Statue"},{"floor":23,"key":"Blood Vial"},{"floor":23,"key":"Potion Belt"}],"event_choices":[{"cards_removed":["Beam Cell"],"damage_healed":5.0,"max_hp_gain":0.0,"max_hp_loss":0.0,"gold_gain":0.0,"event_name":"Bonfire Elementals","player_choice":"Offered Common","floor":2.0,"gold_loss":0.0,"damage_taken":0.0},{"cards_removed":["Beam Cell"],"damage_healed":5.0,"max_hp_gain":0.0,"max_hp_loss":0.0,"gold_gain":0.0,"event_name":"Bonfire Elementals","player_choice":"Offered Special","floor":2.0,"gold_loss":0.0,"damage_taken":0.0},{"damage_healed":0.0,"max_hp_gain":5.0,"max_hp_loss":0.0,"gold_gain":0.0,"event_name":"Big Fish","player_choice":"Donut","floor":4.0,"gold_loss":0.0,"damage_taken":0.0},{"damage_healed":0.0,"max_hp_gain":0.0,"max_hp_loss":0.0,"gold_gain":0.0,"event_name":"Liars Game","player_choice":"Ignored","floor":5.0,"gold_loss":0.0,"damage_taken":0.0},{"damage_healed":0.0,"max_hp_gain":0.0,"max_hp_loss":0.0,"gold_gain":75.0,"event_name":"World of Goop","player_choice":"Gather Gold","floor":14.0,"gold_loss":0.0,"damage_taken":11.0},{"cards_removed":["Fusion"],"damage_healed":0.0,"max_hp_gain":0.0,"max_hp_loss":0.0,"gold_gain":0.0,"event_name":"Beggar","player_choice":"Gave Gold","floor":19.0,"gold_loss":75.0,"damage_taken":0.0},{"damage_healed":0.0,"max_hp_gain":0.0,"max_hp_loss":0.0,"gold_gain":0.0,"event_name":"N\u0027loth","player_choice":"Traded Relic","floor":20.0,"relics_lost":["Letter Opener"],"gold_loss":0.0,"damage_taken":0.0,"relics_obtained":["Nloth\u0027s Gift"]},{"cards_removed":["Zap"],"damage_healed":0.0,"max_hp_gain":0.0,"max_hp_loss":0.0,"gold_gain":0.0,"event_name":"Back to Basics","player_choice":"Elegance","floor":22.0,"gold_loss":0.0,"damage_taken":0.0}],"is_beta":false,"boss_relics":[{"not_picked":["Velvet Choker","Nuclear Battery"],"picked":"Black Star"}],"items_purged_floors":[],"is_endless":false,"potions_floor_spawned":[1,6,10,11,16,18,21,23],"killed_by":"Slavers","ascension_level":20}}