{"host":"cziotie8mnsl18m5","time":1609891904,"event":{"mods":["BaseMod","Minty Spire (QoL Compilation)","StSLib","The Animator","The Construct"],"gold_per_floor":[126,126,139,64,79,120,45,45,45],"floor_reached":8,"playtime":313,"items_purged":["animator:Defend"],"score":112,"play_id":"59e7d470-3b55-4f1c-a820-9afc50bb33f1","local_time":"20210105191144","is_ascension_mode":true,"campfire_choices":[],"circlet_count":0,"master_deck":["AscendersBane","animator:Strike_MadokaMagica","animator:Defend_MadokaMagica","animator:Strike","animator:Strike","animator:Defend","animator:IrohaTamaki","animator:YuiTsuruno","animator:NarberalGamma","animator:Elsword","animator:IrohaTamaki","animator:Albedo","animator:PandorasActor"],"relics":["animator:LivingPicture","animator:TheMissingPiece","NeowsBlessing","Gremlin Horn"],"acts_visited":["Exordium"],"potions_floor_usage":[8,8],"damage_taken":[{"damage":0.0,"enemies":"Small Slimes","floor":1.0,"turns":1.0},{"damage":0.0,"enemies":"Cultist","floor":3.0,"turns":1.0},{"damage":0.0,"enemies":"Jaw Worm","floor":5.0,"turns":1.0},{"damage":44.0,"enemies":"Lagavulin","floor":6.0,"turns":7.0},{"damage":19,"enemies":"3 Sentries","floor":8,"turns":3}],"seed_played":"3612662307988272589","potions_obtained":[{"floor":1.0,"key":"DuplicationPotion"},{"floor":6,"key":"Regen Potion"}],"is_trial":false,"path_per_floor":["M","?","M","$","M","E","?","E"],"character_chosen":"THE_ANIMATOR","items_purchased":[],"campfire_rested":0,"item_purchase_floors":[],"current_hp_per_floor":[54,54,54,54,55,11,11,1,1],"gold":45,"neow_bonus":"THREE_ENEMY_KILL","is_daily":false,"chose_seed":false,"campfire_upgraded":0,"win_rate":0.0,"timestamp":1609891904,"path_taken":["M","?","M","?","M","E","?","E"],"items_purchased_type":[],"build_version":"2020-12-22","purchased_purges":1,"victory":false,"max_hp_per_floor":[60,60,60,60,61,61,61,61,61],"card_choices":[{"not_picked":["animator:Caster","animator:Tyuule"],"picked":"animator:NarberalGamma","floor":1.0},{"not_picked":["animator:PandorasActor","animator:Elsword"],"picked":"animator:IrohaTamaki","floor":3.0},{"not_picked":["animator:Ciel","animator:Raven"],"picked":"animator:Albedo","floor":5.0},{"not_picked":["animator:Entoma","animator:Shalltear"],"picked":"animator:PandorasActor","floor":6}],"player_experience":2618822,"relics_obtained":[{"floor":6,"key":"Gremlin Horn"}],"event_choices":[{"damage_healed":0.0,"max_hp_gain":0.0,"max_hp_loss":0.0,"gold_gain":0.0,"cards_transformed":["animator:Strike"],"event_name":"Transmorgrifier","player_choice":"Transformed","floor":2.0,"gold_loss":0.0,"damage_taken":0.0,"cards_obtained":["animator:Elsword"]},{"cards_removed":["animator:Defend"],"damage_healed":0,"gold_gain":0,"player_choice":"Card Removal","damage_taken":0,"max_hp_gain":0,"max_hp_loss":0,"event_name":"The Cleric","floor":7,"gold_loss":75}],"is_beta":false,"boss_relics":[],"items_purged_floors":[4],"is_endless":false,"potions_floor_spawned":[1,6],"killed_by":"3 Sentries","ascension_level":20}}