{"host":"8fjsnt81u6xsmhji","time":1609915825,"event":{"mods":["BaseMod","Beaked The Cultist","Colored Powertips","Downfall","Glutton Mod","Hermit","Minty Spire (QoL Compilation)","Quick Restart","StSLib","The Bug Knight","The Forsaken","The Hierophant","The Runesmith"],"gold_per_floor":[0,14,114,114,127,159,159,175,175,4,33,33,18,34,45,141,141,66,81,96,196,196,196,196],"floor_reached":22,"playtime":891,"items_purged":[],"score":213,"play_id":"821b3594-0359-4a3a-95a1-c296b8e8cf28","local_time":"20210106005025","is_ascension_mode":true,"campfire_choices":[{"floor":1.0,"key":"RECALL"},{"floor":9.0,"key":"REST"},{"floor":12.0,"key":"REST"},{"data":"Slimebound:MassFeed","floor":18,"key":"SMITH"}],"circlet_count":0,"master_deck":["Slimebound:Strike_Slimebound","Slimebound:Strike_Slimebound","Slimebound:Tackle","Slimebound:Defend_Slimebound","Slimebound:Defend_Slimebound","Slimebound:Defend_Slimebound+1","Slimebound:Split","Slimebound:CorrosiveSpit","Slimebound:SelfFormingGoo","Slimebound:GrowthPunch","Slimebound:SlimeSpikes","Slimebound:Overexert","Slimebound:SplitBruiser+1","Slimebound:FinishingTackle","Slimebound:SplitBruiser","Slimebound:LeadByExample","Slimebound:SlimeSpikes","Slimebound:AcidTongue","Slimebound:MassFeed+1","Slimebound:Recollect+1","Slimebound:Equalize"],"relics":["Slimebound:AbsorbEndCombat","Matryoshka","Bronze Scales","Sling","War Paint","Empty Cage","downfall:HeartBlessingBlue"],"acts_visited":["Exordium","TheCity"],"potions_floor_usage":[16,16,16],"damage_taken":[{"damage":11.0,"enemies":"Jaw Worm","floor":2.0,"turns":4.0},{"damage":11.0,"enemies":"2 Louse","floor":5.0,"turns":3.0},{"damage":31.0,"enemies":"Gremlin Nob","floor":6.0,"turns":5.0},{"damage":5.0,"enemies":"Cultist","floor":8.0,"turns":4.0},{"damage":11.0,"enemies":"downfall:FleeingMerchant","floor":10.0,"turns":4.0},{"damage":47.0,"enemies":"Lagavulin","floor":11.0,"turns":9.0},{"damage":17.0,"enemies":"downfall:FleeingMerchant","floor":13.0,"turns":4.0},{"damage":8.0,"enemies":"2 Fungi Beasts","floor":14.0,"turns":2.0},{"damage":8.0,"enemies":"Lots of Slimes","floor":15.0,"turns":1.0},{"damage":38,"enemies":"downfall:Ironclad","floor":16,"turns":6},{"damage":26,"enemies":"Shell Parasite","floor":19,"turns":6},{"damage":47,"enemies":"Chosen","floor":20,"turns":5},{"damage":25,"enemies":"Centurion and Healer","floor":22,"turns":3}],"seed_played":"3966908285882495915","potions_obtained":[{"floor":6.0,"key":"hexamod:EctoCoolerPotion"},{"floor":8.0,"key":"Explosive Potion"},{"floor":11.0,"key":"Weak Potion"},{"floor":15.0,"key":"PowerPotion"},{"floor":20,"key":"LiquidBronze"}],"is_trial":false,"path_per_floor":["R","M","?","?","M","E","T","M","R","$","E","R","$","M","M","B",null,"R","M","M","?","M"],"character_chosen":"SLIMEBOUND","items_purchased":["Sling"],"campfire_rested":2,"item_purchase_floors":[10],"current_hp_per_floor":[60,57,57,57,54,35,35,38,56,55,24,42,37,39,31,11,60,70,64,29,29,6,6,6],"gold":196,"neow_bonus":"THREE_RARE_CARDS","is_daily":false,"chose_seed":false,"campfire_upgraded":1,"win_rate":0.0,"timestamp":1609915825,"path_taken":["R","M","?","?","?","E","T","M","R","$","E","R","$","M","M","BOSS","R","M","M","?","?"],"items_purchased_type":["Relic"],"build_version":"2020-12-22","purchased_purges":0,"victory":false,"max_hp_per_floor":[60,60,60,60,60,60,60,60,60,60,60,60,60,60,60,60,60,70,74,74,74,74,74,74],"card_choices":[{"not_picked":["Slimebound:LeechLife","Slimebound:PrepareCrush"],"picked":"Slimebound:SelfFormingGoo","floor":0.0},{"not_picked":["Slimebound:Nibble","Slimebound:SplitMire"],"picked":"Slimebound:GrowthPunch","floor":2.0},{"not_picked":["Slimebound:GoopSpray","Slimebound:DisruptingSlam"],"picked":"Slimebound:SlimeSpikes","floor":5.0},{"not_picked":["Slimebound:SlimeSpikes","Slimebound:HauntingLick"],"picked":"Slimebound:Overexert","floor":6.0},{"not_picked":["Slimebound:PressTheAttack","Slimebound:LivingWall"],"picked":"Slimebound:SplitBruiser","floor":8.0},{"not_picked":["Slimebound:ForwardTackle","Slimebound:GoopSpray"],"picked":"Slimebound:FinishingTackle","floor":10.0},{"not_picked":["Slimebound:GrowthPunch","Slimebound:LeechingTouch"],"picked":"Slimebound:SplitBruiser","floor":11.0},{"not_picked":["Slimebound:Teamwork","Slimebound:MegaLick"],"picked":"Slimebound:LeadByExample","floor":13.0},{"not_picked":["Slimebound:ComboTackle","Slimebound:ViciousTackle"],"picked":"Slimebound:SlimeSpikes","floor":14.0},{"not_picked":["Slimebound:RainOfGoop","Slimebound:RollThrough"],"picked":"Slimebound:AcidTongue","floor":15.0},{"not_picked":["Slimebound:OozeBath","Slimebound:WasteNot"],"picked":"Slimebound:MassFeed","floor":16},{"not_picked":["Slimebound:GrowthPunch","Slimebound:ComboTackle"],"picked":"Slimebound:Recollect+1","floor":19},{"not_picked":["Slimebound:RollThrough+1","Slimebound:ComboTackle+1"],"picked":"Slimebound:Equalize","floor":20}],"player_experience":712531,"relics_obtained":[{"floor":6.0,"key":"Matryoshka"},{"floor":7.0,"key":"Bronze Scales"},{"floor":11.0,"key":"War Paint"}],"event_choices":[{"damage_healed":0.0,"max_hp_gain":0.0,"max_hp_loss":0.0,"gold_gain":0.0,"event_name":"NoteForYourself","player_choice":"Ignored","floor":4.0,"gold_loss":0.0,"damage_taken":0.0}],"is_beta":false,"boss_relics":[{"not_picked":["Runesmith:UraniumAnvil","theForsaken:PaleLantern"],"picked":"Empty Cage"}],"items_purged_floors":[],"is_endless":false,"potions_floor_spawned":[6,8,11,15,20],"killed_by":"Centurion and Healer","ascension_level":2}}