{"host":"¿à÷økuyou","time":1609937457,"event":{"mods":["ATMod(°¢èªMod)","Act Like it!","BaseMod","BetterRewards","Minty Spire (QoL Compilation)","Quick Restart","RyuuouÁúÍõ","StSLib"],"gold_per_floor":[114,129,144,153,168,168,192,216,300,300,300,300,0,30,30,148,148,163,178,187,202,211,211,226,241,275,320,20,44,174,189,189,398,398,422,481,496,511,526,535,222,222,256,271,271,286,286,416,416,625],"floor_reached":51,"playtime":887,"items_purged":["Regret"],"score":1052,"play_id":"df3ff739-b07f-403b-bcfa-9041df37443c","local_time":"20210106205057","daily_mods":["Cursed Run","Uncertain Future","Binary"],"is_ascension_mode":false,"campfire_choices":[{"data":"Eruption","floor":6.0,"key":"SMITH"},{"data":"Crescendo","floor":11.0,"key":"SMITH"},{"data":"Vigilance","floor":15.0,"key":"SMITH"},{"floor":23.0,"key":"REST"},{"data":"Ragnarok","floor":32.0,"key":"SMITH"},{"data":"Evaluate","floor":45,"key":"SMITH"},{"data":"Bite","floor":47,"key":"SMITH"},{"data":"Bite","floor":49,"key":"SMITH"}],"circlet_count":0,"master_deck":["Defend_P","Defend_P","Defend_P","Defend_P","Eruption+1","Vigilance+1","AT_KingSlayer+1","Crescendo+1","Consecrate+1","Evaluate+1","LessonLearned+1","Clumsy","Pain","Ragnarok+1","Decay","Writhe","Bite","Bite+1","Bite+1","Bite+1","Bite+1","Collect+1","Decay","Indignation+1","Writhe","Doubt","Injury"],"relics":["Cursed Key","Darkstone Periapt","Du-Vu Doll","AT_ATBox","CeramicFish","White Beast Statue","Spirit Poop","AT_SunfireAegis","Tiny Chest","AT_RedNoBalance","AT_TrinityForce","AT_GuinsooRageblade","Blood Vial","Whetstone","Membership Card","AT_TheCollector","AT_ArchangelStaff","Velvet Choker","Bag of Marbles","Chemical X","Bronze Scales","Anchor","Toy Ornithopter","Damaru"],"acts_visited":["Exordium","TheCity","TheBeyond"],"potions_floor_usage":[41,48,50,50,50],"damage_taken":[{"damage":0.0,"enemies":"Small Slimes","floor":1.0,"turns":2.0},{"damage":0.0,"enemies":"2 Louse","floor":2.0,"turns":3.0},{"damage":0.0,"enemies":"Cultist","floor":3.0,"turns":3.0},{"damage":0.0,"enemies":"2 Fungi Beasts","floor":5.0,"turns":2.0},{"damage":4.0,"enemies":"Blue Slaver","floor":7.0,"turns":3.0},{"damage":3.0,"enemies":"Exordium Wildlife","floor":8.0,"turns":3.0},{"damage":0.0,"enemies":"Lagavulin","floor":14.0,"turns":1.0},{"damage":5.0,"enemies":"The Guardian","floor":16.0,"turns":3.0},{"damage":0.0,"enemies":"Spheric Guardian","floor":18.0,"turns":1.0},{"damage":15.0,"enemies":"3 Byrds","floor":19.0,"turns":3.0},{"damage":8.0,"enemies":"Snecko","floor":21.0,"turns":3.0},{"damage":0.0,"enemies":"Sentry and Sphere","floor":24.0,"turns":2.0},{"damage":5.0,"enemies":"3 Cultists","floor":25.0,"turns":2.0},{"damage":2.0,"enemies":"Centurion and Healer","floor":29.0,"turns":2.0},{"damage":0.0,"enemies":"Gremlin Leader","floor":30.0,"turns":2.0},{"damage":5.0,"enemies":"Snake Plant","floor":31.0,"turns":2.0},{"damage":1.0,"enemies":"Automaton","floor":33.0,"turns":1.0},{"damage":0.0,"enemies":"Orb Walker","floor":35.0,"turns":1.0},{"damage":0.0,"enemies":"3 Shapes","floor":37.0,"turns":2.0},{"damage":6.0,"enemies":"3 Darklings","floor":38.0,"turns":2.0},{"damage":4.0,"enemies":"Sphere and 2 Shapes","floor":39.0,"turns":1.0},{"damage":0,"enemies":"Transient","floor":44,"turns":1},{"damage":0,"enemies":"Jaw Worm Horde","floor":46,"turns":1},{"damage":0,"enemies":"Reptomancer","floor":48,"turns":3},{"damage":62,"enemies":"Awakened One","floor":50,"turns":6}],"seed_played":"-5218424555718163201","potions_obtained":[{"floor":2.0,"key":"Regen Potion"},{"floor":3.0,"key":"Ancient Potion"},{"floor":7.0,"key":"Fire Potion"},{"floor":18.0,"key":"Strength Potion"},{"floor":21.0,"key":"Ancient Potion"},{"floor":25.0,"key":"Explosive Potion"},{"floor":33.0,"key":"SneckoOil"},{"floor":35.0,"key":"DuplicationPotion"},{"floor":38.0,"key":"StancePotion"},{"floor":39.0,"key":"PowerPotion"},{"floor":44,"key":"Swift Potion"},{"floor":48,"key":"Swift Potion"}],"is_trial":false,"path_per_floor":["M","M","M","?","M","R","M","M","T","?","R","?","$","E","R","B",null,"M","M","T","M","?","R","M","M","T","?","$","M","E","M","R","B",null,"M","T","M","M","M","?","$","?","T","M","R","M","R","E","R","B",null],"character_chosen":"WATCHER","items_purchased":["AT_SunfireAegis","Tiny Chest","Membership Card","AT_TheCollector","Chemical X","Bronze Scales","Anchor","Fruit Juice"],"campfire_rested":1,"item_purchase_floors":[13,13,28,28,41,41,41,41],"current_hp_per_floor":[72,72,72,78,78,78,74,71,77,77,77,77,77,77,77,43,90,45,30,36,37,43,73,75,72,78,75,75,73,75,70,70,77,81,81,87,87,81,79,79,84,84,90,92,92,94,94,98,98,67],"gold":625,"neow_bonus":"","is_daily":true,"chose_seed":false,"campfire_upgraded":7,"win_rate":0.0,"timestamp":1609937457,"path_taken":["M","M","M","?","M","R","M","M","T","?","R","?","$","E","R","BOSS","M","M","?","M","?","R","M","M","T","?","$","M","E","M","R","BOSS","M","?","M","M","M","?","$","?","T","M","R","M","R","E","R","BOSS"],"items_purchased_type":["Relic","Relic","Relic","Relic","Relic","Relic","Relic","Potion"],"build_version":"2020-12-18","purchased_purges":1,"victory":true,"max_hp_per_floor":[72,72,72,78,78,78,78,78,84,84,84,84,84,84,84,90,90,90,90,96,96,102,102,102,102,108,75,75,75,75,75,75,81,81,81,87,87,87,87,87,92,92,98,98,98,98,98,98,98,104],"card_choices":[{"not_picked":["EmptyFist"],"picked":"Crescendo","floor":1.0},{"not_picked":["EmptyBody","AT_SoftenMuscles"],"picked":"SKIP","floor":2.0},{"not_picked":["Prostrate"],"picked":"Consecrate","floor":3.0},{"not_picked":["EmptyBody","CarveReality"],"picked":"SKIP","floor":5.0},{"not_picked":["Vengeance"],"picked":"Evaluate","floor":7.0},{"not_picked":["Wallop"],"picked":"LessonLearned","floor":8.0},{"not_picked":["ClearTheMind","FlurryOfBlows"],"picked":"SKIP","floor":14.0},{"not_picked":["SpiritShield"],"picked":"Ragnarok","floor":16.0},{"not_picked":["Protect","Consecrate+1"],"picked":"SKIP","floor":18.0},{"not_picked":["JustLucky+1","AT_SoftenMuscles"],"picked":"SKIP","floor":19.0},{"not_picked":["Worship","AT_DivineConfetti+1"],"picked":"SKIP","floor":21.0},{"not_picked":["Protect","Consecrate"],"picked":"SKIP","floor":24.0},{"not_picked":["Pray","Protect"],"picked":"SKIP","floor":25.0},{"not_picked":["EmptyBody"],"picked":"Collect+1","floor":29.0},{"not_picked":["FollowUp+1","EmptyFist+1"],"picked":"SKIP","floor":30.0},{"not_picked":["Nirvana","BowlingBash"],"picked":"SKIP","floor":31.0},{"not_picked":["EmptyFist"],"picked":"Indignation+1","floor":35.0},{"not_picked":["Vengeance+1","Nirvana"],"picked":"SKIP","floor":37.0},{"not_picked":["FollowUp+1","BattleHymn"],"picked":"SKIP","floor":38.0},{"not_picked":["EmptyFist","ThirdEye"],"picked":"SKIP","floor":39.0},{"not_picked":["Dark Shackles"],"picked":"Magnetism","floor":40},{"not_picked":["Crescendo","CrushJoints"],"picked":"SKIP","floor":44},{"not_picked":["EmptyFist+1","CrushJoints"],"picked":"SKIP","floor":46},{"not_picked":["Halt","Swivel+1"],"picked":"SKIP","floor":48}],"player_experience":162904,"relics_obtained":[{"floor":9.0,"key":"White Beast Statue"},{"floor":14.0,"key":"AT_SilverBalance"},{"floor":20.0,"key":"AT_GuinsooRageblade"},{"floor":26.0,"key":"Whetstone"},{"floor":30.0,"key":"AT_ArchangelStaff"},{"floor":36.0,"key":"Bag of Marbles"},{"floor":43,"key":"Toy Ornithopter"},{"floor":48,"key":"Damaru"}],"event_choices":[{"damage_healed":0.0,"max_hp_gain":0.0,"max_hp_loss":0.0,"gold_gain":0.0,"event_name":"Big Fish","player_choice":"Box","floor":4.0,"gold_loss":0.0,"damage_taken":0.0,"relics_obtained":["CeramicFish"],"cards_obtained":["Regret"]},{"damage_healed":0.0,"max_hp_gain":0.0,"max_hp_loss":0.0,"gold_gain":0.0,"event_name":"Living Wall","player_choice":"Grow","floor":10.0,"gold_loss":0.0,"damage_taken":0.0,"cards_upgraded":["AT_KingSlayer"]},{"cards_removed":["Regret"],"damage_healed":0.0,"max_hp_gain":0.0,"max_hp_loss":0.0,"gold_gain":0.0,"event_name":"Bonfire Elementals","player_choice":"Offered Curse","floor":12.0,"gold_loss":0.0,"damage_taken":0.0,"relics_obtained":["Spirit Poop"]},{"damage_healed":0.0,"max_hp_gain":0.0,"max_hp_loss":0.0,"gold_gain":0.0,"event_name":"The Mausoleum","player_choice":"Opened","floor":22.0,"gold_loss":0.0,"damage_taken":0.0,"relics_obtained":["Blood Vial"],"cards_obtained":["Writhe"]},{"damage_healed":0.0,"max_hp_gain":0.0,"max_hp_loss":33.0,"gold_gain":0.0,"event_name":"Vampires","player_choice":"Became a vampire","floor":27.0,"gold_loss":0.0,"damage_taken":0.0,"cards_obtained":["Bite","Bite","Bite","Bite","Bite"]},{"damage_healed":0,"gold_gain":0,"player_choice":"Memory 1","damage_taken":0,"max_hp_gain":0,"max_hp_loss":0,"event_name":"SensoryStone","floor":40,"gold_loss":0},{"cards_removed":["Magnetism"],"damage_healed":0,"gold_gain":0,"player_choice":"Removed Power","damage_taken":0,"max_hp_gain":0,"max_hp_loss":0,"event_name":"Falling","floor":42,"gold_loss":0}],"is_beta":true,"boss_relics":[{"not_picked":["Philosopher\u0027s Stone","Coffee Dripper"],"picked":"AT_TrinityForce"},{"not_picked":["Busted Crown","VioletLotus"],"picked":"Velvet Choker"}],"items_purged_floors":[41],"is_endless":false,"potions_floor_spawned":[2,3,7,14,16,18,19,21,24,25,29,30,31,33,35,37,38,39,44,46,48],"ascension_level":0}}