{"host":"r3d3rfw8zyydmocx","time":1609908370,"event":{"mods":["Aspiration","BaseMod","Better Third Choice","Colored Powertips","Conspire","Downfall","Hermit","Highlight Path","Hubris","Minty Spire (QoL Compilation)","StSLib","The Hierophant","The Servant 0.9.4"],"gold_per_floor":[99,111,122,122,133,133,133,143,68,95,107,107,14,31,51,51,51,51],"floor_reached":16,"playtime":902,"items_purged":[],"score":146,"play_id":"3fc321be-6f08-49f3-b269-b8be01b880b0","local_time":"20210105204610","is_ascension_mode":true,"campfire_choices":[{"data":"expansioncontent:Corrupt","floor":1,"key":"SMITH"},{"data":"Slimebound:Split","floor":6,"key":"SMITH"},{"data":"Slimebound:RejuvenatingLick","floor":9,"key":"SMITH"}],"circlet_count":0,"master_deck":["Slimebound:Strike_Slimebound","Slimebound:Strike_Slimebound","Slimebound:Strike_Slimebound","Slimebound:Tackle","Slimebound:Defend_Slimebound","Slimebound:Defend_Slimebound","Slimebound:Defend_Slimebound","Slimebound:Defend_Slimebound","Slimebound:Split+1","Slimebound:CorrosiveSpit","expansioncontent:Corrupt+1","Slimebound:SplitLeeching","Slimebound:SamplingLick","Slimebound:RejuvenatingLick+1","Slimebound:MinionMaster","Slimebound:LeechEnergy","Slimebound:Prepare","Slimebound:SplitMire"],"relics":["Slimebound:AbsorbEndCombat","downfall:HeartBlessingBlue","Nunchaku"],"acts_visited":["Exordium"],"potions_floor_usage":[5,10,10,10,16],"damage_taken":[{"damage":0,"enemies":"2 Louse","floor":2,"turns":1},{"damage":8,"enemies":"Cultist","floor":3,"turns":4},{"damage":14,"enemies":"Jaw Worm","floor":5,"turns":3},{"damage":15,"enemies":"2 Fungi Beasts","floor":8,"turns":5},{"damage":16,"enemies":"3 Sentries","floor":10,"turns":5},{"damage":14,"enemies":"Exordium Thugs","floor":11,"turns":3},{"damage":19,"enemies":"downfall:FleeingMerchant","floor":13,"turns":4},{"damage":15,"enemies":"3 Louse","floor":14,"turns":3},{"damage":34,"enemies":"Gremlin Gang","floor":15,"turns":5},{"damage":136,"enemies":"downfall:Defect","floor":16,"turns":10}],"seed_played":"8914145794418387774","potions_obtained":[{"floor":4,"key":"SkillPotion"},{"floor":4,"key":"SmokeBomb"},{"floor":4,"key":"EntropicBrew"},{"floor":5,"key":"Guardian:BlockOnCardUsePotion"},{"floor":10,"key":"Guardian:BlockOnCardUsePotion"},{"floor":15,"key":"sneckomod:MuddlingPotion"}],"is_trial":false,"path_per_floor":["R","M","M","?","M","R","T","M","R","E","M","?","$","M","M","B"],"character_chosen":"SLIMEBOUND","items_purchased":["Slimebound:Prepare"],"campfire_rested":0,"item_purchase_floors":[13],"current_hp_per_floor":[39,39,39,39,39,39,39,46,56,58,68,68,69,69,59,0,0,0],"gold":51,"neow_bonus":"RANDOM_COLORLESS_2","is_daily":false,"chose_seed":false,"campfire_upgraded":3,"win_rate":0.0,"timestamp":1609908370,"path_taken":["R","M","M","?","M","R","T","M","R","E","?","?","$","M","M","BOSS"],"items_purchased_type":["Card"],"build_version":"2020-12-22","purchased_purges":0,"victory":false,"max_hp_per_floor":[60,60,60,60,60,60,60,60,70,70,70,70,70,70,70,70,70,70],"card_choices":[{"not_picked":["expansioncontent:StudyTheSpire","hubris:EnhanceAbility"],"picked":"expansioncontent:Corrupt","floor":0},{"not_picked":["Slimebound:SplitBruiser","Slimebound:LeechingTouch"],"picked":"Slimebound:SplitLeeching","floor":2},{"not_picked":["Slimebound:FirmFortitude","Slimebound:DivideAndConquer"],"picked":"Slimebound:SamplingLick","floor":3},{"not_picked":["Slimebound:SplitMire","Slimebound:SplitLeeching"],"picked":"Slimebound:RejuvenatingLick","floor":5},{"not_picked":["Slimebound:SplitAcid","Slimebound:ForwardTackle","Slimebound:RollThrough"],"picked":"SKIP","floor":8},{"not_picked":["Slimebound:SlimeSpikes","Slimebound:RollThrough"],"picked":"Slimebound:MinionMaster","floor":10},{"not_picked":["Slimebound:SplitAcid","Slimebound:FinishingTackle","Slimebound:ComboTackle"],"picked":"SKIP","floor":11},{"not_picked":["Slimebound:AcidTongue","Slimebound:BestDefense"],"picked":"Slimebound:LeechEnergy","floor":13},{"not_picked":["Slimebound:DivideAndConquer","Slimebound:Schlurp","Slimebound:LeechingTouch"],"picked":"SKIP","floor":14},{"not_picked":["Slimebound:OneTwoCombo","Slimebound:FirmFortitude"],"picked":"Slimebound:SplitMire","floor":15}],"player_experience":562995,"relics_obtained":[{"floor":10,"key":"Nunchaku"}],"event_choices":[{"damage_healed":0,"gold_gain":0,"player_choice":"Got Potions","damage_taken":0,"max_hp_gain":0,"max_hp_loss":0,"event_name":"Lab","floor":4,"gold_loss":0},{"damage_healed":0,"gold_gain":0,"player_choice":"Leave","damage_taken":0,"max_hp_gain":0,"max_hp_loss":0,"event_name":"conspire:Investor","floor":12,"gold_loss":0}],"is_beta":false,"boss_relics":[],"items_purged_floors":[],"is_endless":false,"potions_floor_spawned":[5,10,15],"killed_by":"downfall:Defect","ascension_level":8}}