{"host":"1a3cjta80tad0aqj","time":1609930367,"event":{"mods":["2.2 Compatiblity","AchievementEnabler","BaseMod","Colored Map","DeckTracker","KOR Keyword Fix","Keyboard Shortcuts","Minty Spire (QoL Compilation)","Permanent Neow","Quick Restart","Random Character Button","StSLib","SuperFastMode","everything is the same but u backflip on backflip"],"gold_per_floor":[117,117,130,6,6,6,33,46,95,95,112,130,143,157,157,256,256,269,230,242,91,107,107,136,61,86,86,86,86,103,121,121,225,225,244,119,119,71,84,84,95,145,196,213,213,266,266,281,281,281,281],"floor_reached":50,"playtime":3647,"items_purged":["Defend_B","Defend_B","Zap"],"score":466,"play_id":"8b99f03a-509d-4ce6-a732-d21b39c5e17b","local_time":"20210106195247","is_ascension_mode":false,"campfire_choices":[{"data":"Sunder","floor":6.0,"key":"SMITH"},{"data":"Fusion","floor":10.0,"key":"SMITH"},{"data":"Reinforced Body","floor":15.0,"key":"SMITH"},{"floor":23.0,"key":"REST"},{"floor":28.0,"key":"REST"},{"floor":32.0,"key":"REST"},{"data":"Meteor Strike","floor":40.0,"key":"SMITH"},{"floor":49.0,"key":"REST"}],"circlet_count":0,"master_deck":["Dualcast","Sunder+1","Rebound","Fusion+1","Skim","Steam","Reinforced Body+1","Compile Driver","Melter","Recycle","Leap","Turbo","Beam Cell+1","Hologram","Sunder","Meteor Strike+1","Core Surge","Rip and Tear","Scrape","Cold Snap","Barrage","FTL"],"relics":["Cracked Core","FossilizedHelix","Lantern","Orichalcum","Philosopher\u0027s Stone","CaptainsWheel","Pen Nib","Pandora\u0027s Box","Gambling Chip","Potion Belt","Akabeko"],"acts_visited":["Exordium","TheCity","TheBeyond"],"potions_floor_usage":[],"damage_taken":[{"damage":0.0,"enemies":"Jaw Worm","floor":1.0,"turns":3.0},{"damage":0.0,"enemies":"Small Slimes","floor":3.0,"turns":2.0},{"damage":13.0,"enemies":"3 Sentries","floor":7.0,"turns":5.0},{"damage":0.0,"enemies":"2 Louse","floor":8.0,"turns":2.0},{"damage":0.0,"enemies":"2 Fungi Beasts","floor":11.0,"turns":1.0},{"damage":2.0,"enemies":"Blue Slaver","floor":12.0,"turns":3.0},{"damage":0.0,"enemies":"Large Slime","floor":13.0,"turns":3.0},{"damage":0.0,"enemies":"3 Louse","floor":14.0,"turns":2.0},{"damage":31.0,"enemies":"The Guardian","floor":16.0,"turns":12.0},{"damage":11.0,"enemies":"2 Thieves","floor":18.0,"turns":3.0},{"damage":20.0,"enemies":"3 Byrds","floor":20.0,"turns":2.0},{"damage":0.0,"enemies":"3 Cultists","floor":22.0,"turns":5.0},{"damage":20.0,"enemies":"Slavers","floor":24.0,"turns":7.0},{"damage":1.0,"enemies":"Shelled Parasite and Fungi","floor":30.0,"turns":4.0},{"damage":16.0,"enemies":"Snake Plant","floor":31.0,"turns":3.0},{"damage":58.0,"enemies":"Automaton","floor":33.0,"turns":12.0},{"damage":0.0,"enemies":"Orb Walker","floor":35.0,"turns":2.0},{"damage":7.0,"enemies":"3 Shapes","floor":39.0,"turns":4.0},{"damage":0.0,"enemies":"Sphere and 2 Shapes","floor":41.0,"turns":3.0},{"damage":21.0,"enemies":"Mind Bloom Boss Battle","floor":42.0,"turns":4.0},{"damage":0.0,"enemies":"Jaw Worm Horde","floor":44.0,"turns":4.0},{"damage":0.0,"enemies":"4 Shapes","floor":45.0,"turns":1.0},{"damage":0.0,"enemies":"Maw","floor":48.0,"turns":7.0},{"damage":73,"enemies":"Time Eater","floor":50,"turns":7}],"seed_played":"8010900525862990249","potions_obtained":[{"floor":1.0,"key":"SkillPotion"},{"floor":11.0,"key":"PotionOfCapacity"},{"floor":13.0,"key":"Ancient Potion"},{"floor":16.0,"key":"AttackPotion"},{"floor":18.0,"key":"PowerPotion"},{"floor":20.0,"key":"AttackPotion"},{"floor":22.0,"key":"SkillPotion"},{"floor":30.0,"key":"SmokeBomb"},{"floor":35.0,"key":"PowerPotion"}],"is_trial":false,"path_per_floor":["M","$","M","$","?","R","E","M","T","R","M","M","M","M","R","B",null,"M","$","M","$","M","R","E","?","T","?","R","?","M","M","R","B",null,"M","$","?","$","M","R","M","?","T","M","M","T","?","M","R","B"],"character_chosen":"DEFECT","items_purchased":["Strength Potion","Melter","Leap","SkillPotion"],"campfire_rested":4,"item_purchase_floors":[4,19,21,38],"current_hp_per_floor":[68,68,68,68,68,68,55,55,55,55,55,53,53,53,53,22,68,57,57,37,37,37,57,37,37,37,37,57,57,56,40,60,2,68,68,68,68,68,61,61,61,40,40,40,40,40,40,40,60,0,0],"gold":281,"neow_bonus":"ONE_RARE_RELIC","is_daily":false,"chose_seed":false,"campfire_upgraded":4,"win_rate":0.0,"timestamp":1609930367,"path_taken":["M","$","M","$","?","R","E","M","T","R","M","M","M","M","R","BOSS","M","$","M","$","M","R","E","?","T","?","R","?","M","M","R","BOSS","M","$","?","$","M","R","M","?","T","M","M","?","?","M","R","BOSS"],"items_purchased_type":["Potion","Card","Card","Potion"],"build_version":"2020-12-22","purchased_purges":3,"victory":false,"max_hp_per_floor":[68,68,68,68,68,68,68,68,68,68,68,68,68,68,68,68,68,68,68,68,68,68,68,68,68,68,68,68,68,68,68,68,68,68,68,68,68,68,68,68,68,68,68,68,68,68,68,68,68,68,68],"card_choices":[{"not_picked":["Steam Power","Go for the Eyes"],"picked":"Sunder","floor":1.0},{"not_picked":["Compile Driver","Gash"],"picked":"Rebound","floor":3.0},{"not_picked":["Double Energy","BootSequence"],"picked":"Fusion","floor":7.0},{"not_picked":["Redo","Fusion"],"picked":"Skim","floor":8.0},{"not_picked":["Self Repair","Scrape"],"picked":"Steam","floor":11.0},{"not_picked":["Coolheaded","Rebound","Steam"],"picked":"SKIP","floor":12.0},{"not_picked":["Cold Snap","Sweeping Beam"],"picked":"Reinforced Body","floor":13.0},{"not_picked":["Gash","Reprogram"],"picked":"Compile Driver","floor":14.0},{"not_picked":["Compile Driver","Chill+1","Hello World"],"picked":"SKIP","floor":18.0},{"not_picked":["Ball Lightning","Chaos"],"picked":"Recycle","floor":20.0},{"not_picked":["Compile Driver","Conserve Battery"],"picked":"Turbo","floor":22.0},{"not_picked":["Sunder+1","Coolheaded"],"picked":"Beam Cell+1","floor":24.0},{"not_picked":["Go for the Eyes","Redo+1"],"picked":"Sunder","floor":30.0},{"not_picked":["Streamline","Double Energy"],"picked":"Meteor Strike","floor":31.0},{"not_picked":["Electrodynamics","Fission"],"picked":"Core Surge","floor":33.0},{"not_picked":["Redo","Rebound"],"picked":"Aggregate+1","floor":35.0},{"not_picked":["Redo","Doom and Gloom"],"picked":"FTL","floor":39.0},{"not_picked":["Rebound","Streamline","Go for the Eyes+1"],"picked":"SKIP","floor":41.0},{"not_picked":["Hologram","Sweeping Beam","Rebound"],"picked":"SKIP","floor":44.0},{"not_picked":["Gash+1","Recycle+1","Scrape+1"],"picked":"SKIP","floor":48.0}],"player_experience":139674,"relics_obtained":[{"floor":7.0,"key":"Lantern"},{"floor":9.0,"key":"Orichalcum"},{"floor":24.0,"key":"CaptainsWheel"},{"floor":26.0,"key":"Pen Nib"},{"floor":42.0,"key":"Gambling Chip"},{"floor":43.0,"key":"Potion Belt"},{"floor":46.0,"key":"Akabeko"}],"event_choices":[{"damage_healed":0.0,"max_hp_gain":0.0,"max_hp_loss":0.0,"gold_gain":0.0,"event_name":"Liars Game","player_choice":"Ignored","floor":5.0,"gold_loss":0.0,"damage_taken":0.0},{"cards_removed":["Strike_B"],"damage_healed":0.0,"max_hp_gain":0.0,"max_hp_loss":0.0,"gold_gain":0.0,"event_name":"Beggar","player_choice":"Gave Gold","floor":25.0,"gold_loss":75.0,"damage_taken":0.0},{"damage_healed":0.0,"max_hp_gain":0.0,"max_hp_loss":0.0,"gold_gain":0.0,"event_name":"The Library","player_choice":"Read","floor":27.0,"gold_loss":0.0,"damage_taken":0.0,"cards_obtained":["Hologram"]},{"cards_removed":["Defend_B"],"damage_healed":0.0,"max_hp_gain":0.0,"max_hp_loss":0.0,"gold_gain":0.0,"event_name":"Back to Basics","player_choice":"Elegance","floor":29.0,"gold_loss":0.0,"damage_taken":0.0},{"damage_healed":0.0,"max_hp_gain":0.0,"max_hp_loss":0.0,"gold_gain":0.0,"event_name":"SensoryStone","player_choice":"Memory 1","floor":37.0,"gold_loss":0.0,"damage_taken":0.0},{"damage_healed":0.0,"max_hp_gain":0.0,"max_hp_loss":0.0,"gold_gain":0.0,"event_name":"MindBloom","player_choice":"Fight","floor":42.0,"gold_loss":0.0,"damage_taken":0.0},{"cards_removed":["Aggregate"],"damage_healed":0.0,"max_hp_gain":0.0,"max_hp_loss":0.0,"gold_gain":0.0,"event_name":"Falling","player_choice":"Removed Skill","floor":47.0,"gold_loss":0.0,"damage_taken":0.0}],"is_beta":false,"boss_relics":[{"not_picked":["Black Star","Fusion Hammer"],"picked":"Philosopher\u0027s Stone"},{"not_picked":["Sozu","Runic Pyramid"],"picked":"Pandora\u0027s Box"}],"items_purged_floors":[4,21,36],"is_endless":false,"potions_floor_spawned":[1,11,13,16,18,20,22,30,35,41,45],"killed_by":"Time Eater","ascension_level":0}}