{"host":"9l1knhxfturzliqa","time":1609927285,"event":{"mods":["BaseMod","Colored Map","Colored Powertips","DeckTracker","Highlight Path","Keyboard Shortcuts","Minty Spire (QoL Compilation)","Random Character Button"],"gold_per_floor":[111,121,46,57,75,106,106,120,120,120,133,143,160,3,3,106,106,121,144,157,171,94,94,94],"floor_reached":23,"playtime":1170,"items_purged":["Strike_P"],"score":296,"play_id":"5b14b25d-879b-4c5b-824e-a5048cb50e66","local_time":"20210106190125","is_ascension_mode":true,"campfire_choices":[{"data":"Eruption","floor":7.0,"key":"SMITH"},{"data":"Prostrate","floor":10.0,"key":"SMITH"},{"floor":15.0,"key":"REST"}],"circlet_count":0,"master_deck":["Strike_P","Strike_P","Strike_P","Defend_P","Defend_P","Defend_P","Defend_P","Eruption+1","Vigilance","Ragnarok","Consecrate","SashWhip","Worship","WreathOfFlame","BowlingBash","Prostrate+1","Omniscience","Fasting2","SignatureMove","Tantrum","Indignation","Judgement","Vault","EmptyFist","MentalFortress"],"relics":["PureWater","Omamori","StrikeDummy","Orrery","Black Star","Strawberry"],"acts_visited":["Exordium","TheCity"],"potions_floor_usage":[23],"damage_taken":[{"damage":0.0,"enemies":"Cultist","floor":1.0,"turns":2.0},{"damage":6.0,"enemies":"Small Slimes","floor":2.0,"turns":4.0},{"damage":3.0,"enemies":"2 Louse","floor":4.0,"turns":2.0},{"damage":0.0,"enemies":"Large Slime","floor":5.0,"turns":2.0},{"damage":32.0,"enemies":"3 Sentries","floor":6.0,"turns":6.0},{"damage":0.0,"enemies":"Red Slaver","floor":8.0,"turns":3.0},{"damage":0.0,"enemies":"Exordium Thugs","floor":11.0,"turns":4.0},{"damage":0.0,"enemies":"Large Slime","floor":12.0,"turns":4.0},{"damage":9.0,"enemies":"Red Slaver","floor":13.0,"turns":3.0},{"damage":0.0,"enemies":"Hexaghost","floor":16.0,"turns":2.0},{"damage":12.0,"enemies":"Shell Parasite","floor":18.0,"turns":3.0},{"damage":19.0,"enemies":"2 Thieves","floor":20.0,"turns":4.0},{"damage":15.0,"enemies":"Centurion and Healer","floor":21.0,"turns":3.0},{"damage":38,"enemies":"Book of Stabbing","floor":23,"turns":5}],"seed_played":"3373781968147409774","potions_obtained":[{"floor":2.0,"key":"ColorlessPotion"},{"floor":4.0,"key":"FearPotion"},{"floor":13.0,"key":"LiquidMemories"},{"floor":21.0,"key":"GamblersBrew"}],"is_trial":false,"path_per_floor":["M","M","$","M","M","E","R","M","T","R","M","M","M","$","R","B",null,"M","T","M","M","$","E"],"character_chosen":"WATCHER","items_purchased":["Orrery","MentalFortress"],"campfire_rested":1,"item_purchase_floors":[14,22],"current_hp_per_floor":[51,45,45,42,42,10,10,10,10,10,10,10,1,1,22,22,72,60,67,48,33,33,0,0],"gold":94,"neow_bonus":"THREE_RARE_CARDS","is_daily":false,"chose_seed":false,"campfire_upgraded":2,"win_rate":0.0,"timestamp":1609927285,"path_taken":["M","?","?","M","M","E","R","M","T","R","?","M","M","$","R","BOSS","M","?","M","M","?","E"],"items_purchased_type":["Relic","Card"],"build_version":"2020-12-22","purchased_purges":1,"victory":false,"max_hp_per_floor":[72,72,72,72,72,72,72,72,72,72,72,72,72,72,72,72,72,72,79,79,79,79,79,79],"card_choices":[{"not_picked":["SpiritShield","DevaForm"],"picked":"Ragnarok","floor":0.0},{"not_picked":["FlurryOfBlows","ThirdEye"],"picked":"Consecrate","floor":1.0},{"not_picked":["ReachHeaven","Protect"],"picked":"SashWhip","floor":2.0},{"not_picked":["FollowUp","Wallop"],"picked":"Worship","floor":4.0},{"not_picked":["FlurryOfBlows","CutThroughFate"],"picked":"WreathOfFlame","floor":5.0},{"not_picked":["WreathOfFlame","WaveOfTheHand"],"picked":"BowlingBash","floor":6.0},{"not_picked":["CrushJoints","ReachHeaven"],"picked":"Prostrate","floor":8.0},{"not_picked":["ReachHeaven","ClearTheMind"],"picked":"Omniscience","floor":11.0},{"not_picked":["Vengeance","WaveOfTheHand","WreathOfFlame"],"picked":"SKIP","floor":12.0},{"not_picked":["PathToVictory","Crescendo"],"picked":"Fasting2","floor":13.0},{"not_picked":["PathToVictory","BowlingBash"],"picked":"SignatureMove","floor":14.0},{"not_picked":["BowlingBash","EmptyMind"],"picked":"Tantrum","floor":14.0},{"not_picked":["Crescendo","SashWhip"],"picked":"Indignation","floor":14.0},{"not_picked":["Indignation","EmptyBody"],"picked":"Judgement","floor":14.0},{"not_picked":["Blasphemy","Brilliance"],"picked":"Vault","floor":16.0},{"not_picked":["Vengeance","Prostrate"],"picked":"EmptyFist","floor":18.0},{"not_picked":["Prostrate+1","FollowUp+1","Brilliance"],"picked":"SKIP","floor":20.0},{"not_picked":["Consecrate","WheelKick","CutThroughFate"],"picked":"SKIP","floor":21.0}],"player_experience":352741,"relics_obtained":[{"floor":6.0,"key":"Omamori"},{"floor":9.0,"key":"StrikeDummy"},{"floor":19.0,"key":"Strawberry"}],"event_choices":[],"is_beta":false,"boss_relics":[{"not_picked":["Cursed Key","Pandora\u0027s Box"],"picked":"Black Star"}],"items_purged_floors":[3],"is_endless":false,"potions_floor_spawned":[2,4,13,21],"killed_by":"Book of Stabbing","ascension_level":4}}