{"host":"mruvby243fwgm3bp","time":1609928037,"event":{"mods":["AchievementEnabler","BaseMod","Colored Map","Colored Powertips","Minty Spire (QoL Compilation)","Permanent Neow","Random Character Button","StSLib"],"gold_per_floor":[117,117,136,148,167,167,185,185,209,209,41,60,60,80,80,178,178,198,7,7,7,20,20,20],"floor_reached":23,"playtime":769,"items_purged":["Strike_B","Strike_B"],"score":256,"play_id":"9f292c43-70e7-40a1-8088-865a21484340","local_time":"20210106021357","is_ascension_mode":true,"campfire_choices":[{"data":"Zap","floor":6,"key":"SMITH"},{"data":"White Noise","floor":8,"key":"SMITH"},{"data":"Sadistic Nature","floor":13,"key":"SMITH"},{"data":"Scrape","floor":15,"key":"SMITH"}],"circlet_count":0,"master_deck":["Strike_B","Strike_B","Defend_B","Defend_B","Defend_B","Defend_B","Zap+1","Dualcast","Sadistic Nature+1","White Noise+1","Scrape+1","Turbo","Streamline","Beam Cell","Swift Strike","Beam Cell","Gash","Fission","Steam Power","Self Repair"],"relics":["Cracked Core","DataDisk","Nuclear Battery"],"acts_visited":["Exordium","TheCity"],"potions_floor_usage":[7,16,16,22,23],"damage_taken":[{"damage":6,"enemies":"Cultist","floor":1,"turns":4},{"damage":7,"enemies":"Jaw Worm","floor":3,"turns":3},{"damage":13,"enemies":"Small Slimes","floor":4,"turns":3},{"damage":13,"enemies":"Blue Slaver","floor":5,"turns":4},{"damage":19,"enemies":"Exordium Thugs","floor":7,"turns":5},{"damage":0,"enemies":"Large Slime","floor":12,"turns":3},{"damage":0,"enemies":"3 Louse","floor":14,"turns":1},{"damage":9,"enemies":"Slime Boss","floor":16,"turns":5},{"damage":0,"enemies":"Chosen","floor":18,"turns":3},{"damage":0,"enemies":"Shell Parasite","floor":22,"turns":3},{"damage":65,"enemies":"Slavers","floor":23,"turns":6}],"seed_played":"-1049234518137334292","potions_obtained":[{"floor":3,"key":"Regen Potion"},{"floor":4,"key":"FearPotion"},{"floor":5,"key":"BlessingOfTheForge"},{"floor":10,"key":"Fire Potion"},{"floor":10,"key":"EssenceOfSteel"},{"floor":22,"key":"PowerPotion"}],"is_trial":false,"path_per_floor":["M","?","M","M","M","R","M","R","T","?","$","M","R","M","R","B",null,"M","$","?","?","M","E"],"character_chosen":"DEFECT","items_purchased":["Swift Strike","Swift Potion","Self Repair"],"campfire_rested":0,"item_purchase_floors":[11,19,19],"current_hp_per_floor":[62,62,55,42,29,29,24,24,24,24,24,24,24,24,24,15,55,55,55,55,55,62,0,0],"gold":20,"neow_bonus":"RANDOM_COLORLESS_2","is_daily":false,"chose_seed":false,"campfire_upgraded":4,"win_rate":0.0,"timestamp":1609928037,"path_taken":["M","?","M","?","M","R","M","R","T","?","?","M","R","M","R","BOSS","M","$","?","?","M","E"],"items_purchased_type":["Card","Potion","Card"],"build_version":"2020-12-22","purchased_purges":2,"victory":false,"max_hp_per_floor":[68,68,68,68,68,68,68,68,68,68,68,68,68,68,68,68,68,68,68,68,68,68,68,68],"card_choices":[{"not_picked":["Violence","Thinking Ahead"],"picked":"Sadistic Nature","floor":0},{"not_picked":["Hologram","Rip and Tear"],"picked":"White Noise","floor":1},{"not_picked":["Leap","Lockon"],"picked":"Scrape","floor":3},{"not_picked":["Leap","Cold Snap"],"picked":"Turbo","floor":4},{"not_picked":["Stack","Leap"],"picked":"Streamline","floor":5},{"not_picked":["Hologram","Scrape"],"picked":"Beam Cell","floor":7},{"not_picked":["Reprogram","Reinforced Body"],"picked":"Beam Cell","floor":12},{"not_picked":["Skim","Beam Cell"],"picked":"Gash","floor":14},{"not_picked":["Meteor Strike","Buffer"],"picked":"Fission","floor":16},{"not_picked":["Stack","Coolheaded+1"],"picked":"Steam Power","floor":18},{"not_picked":["Blizzard","Rebound","Sweeping Beam+1"],"picked":"SKIP","floor":22}],"player_experience":383275,"relics_obtained":[{"floor":9,"key":"DataDisk"}],"event_choices":[{"damage_healed":0,"gold_gain":0,"player_choice":"0 cards matched","damage_taken":0,"max_hp_gain":0,"max_hp_loss":0,"event_name":"Match and Keep!","floor":2,"gold_loss":0,"cards_obtained":[]},{"damage_healed":0,"gold_gain":0,"player_choice":"Got Potions","damage_taken":0,"max_hp_gain":0,"max_hp_loss":0,"event_name":"Lab","floor":10,"gold_loss":0},{"damage_healed":0,"gold_gain":0,"player_choice":"Ignored","damage_taken":0,"max_hp_gain":0,"max_hp_loss":0,"event_name":"The Mausoleum","floor":20,"gold_loss":0}],"is_beta":false,"boss_relics":[{"not_picked":["Philosopher\u0027s Stone","Fusion Hammer"],"picked":"Nuclear Battery"}],"items_purged_floors":[11,19],"is_endless":false,"potions_floor_spawned":[3,4,5,22],"killed_by":"Slavers","ascension_level":8}}