{"host":"hg4d4z00zcdsq8kr","time":1609923229,"event":{"mods":["BaseMod","Downfall","Hubris","Infinite Spire","Minty Spire (QoL Compilation)","Replay The Spire","StSLib"],"gold_per_floor":[111,111,37,37,47,79,79,105,130,144,144,32,48,68,68,167,167,181,181,192,44,44,44,72,72,72,88,88,108,121,136,136,238,238,250,250,250,250,250,250,268,268,268,281,281,340,368,379,379,379,379],"floor_reached":50,"playtime":2168,"items_purged":[],"score":575,"play_id":"f790d8d3-5d7d-4654-8c36-f4d65d898ea8","local_time":"20210106115349","is_ascension_mode":false,"campfire_choices":[{"data":"hubris:Sniper","floor":11,"key":"SMITH"},{"floor":15,"key":"REST"},{"data":"Accuracy","floor":23,"key":"SMITH"},{"floor":25,"key":"REST"},{"data":"Tactician","floor":32,"key":"SMITH"},{"data":"After Image","floor":40,"key":"SMITH"},{"floor":42,"key":"REST"},{"floor":49,"key":"REST"}],"circlet_count":0,"master_deck":["Strike_G+1","Strike_G+1","Strike_G+1","Strike_G+1","Strike_G+1","Defend_G+1","Defend_G+1","Defend_G+1","Defend_G+1","Defend_G+1","Survivor+1","Neutralize+1","Infinite Blades+1","Tactician+1","infinitespire:Starlight+1","Dagger Spray+1","hubris:Sniper+1","Blade Dance+1","Acrobatics+1","Accuracy+1","Predator+1","Cloak And Dagger+1","Storm of Steel+1","Escape Plan+1","expansioncontent:YouAreMine+1","PiercingWail+1","hubris:Sniper+1","infinitespire:Starlight+1","Finisher+1","Acrobatics+1","Cloak And Dagger+1","After Image+1","Terror+1","infinitespire:Gouge+1","hubris:InfiniteBlow+1","expansioncontent:BronzeBeam+1","Mayhem+1","Cloak And Dagger"],"relics":["Ring of the Snake","NeowsBlessing","Snack Pack","hubris:SlimyHat","Vajra","hubris:ScarierMask","Anchor","PreservedInsect","StoneCalendar","SacredBark","hubris:TinFlute","hubris:Towel","infinitespire:CheckeredPen","Onion Ring","Mark of the Bloom","hubris:MobiusCoin","Bag of Preparation"],"acts_visited":["Exordium","TheCity","TheBeyond"],"potions_floor_usage":[8,8,8,16,20,24,33,33,44,47],"damage_taken":[{"damage":0,"enemies":"Jaw Worm","floor":1,"turns":1},{"damage":0,"enemies":"2 Louse","floor":5,"turns":1},{"damage":0,"enemies":"Replay:BlueRogue","floor":6,"turns":1},{"damage":18,"enemies":"Lagavulin","floor":8,"turns":8},{"damage":1,"enemies":"Cultist","floor":10,"turns":3},{"damage":2,"enemies":"Looter","floor":13,"turns":3},{"damage":17,"enemies":"Exordium Thugs","floor":14,"turns":5},{"damage":36,"enemies":"Fading Forest","floor":16,"turns":11},{"damage":10,"enemies":"Chosen","floor":18,"turns":2},{"damage":7,"enemies":"2 Thieves","floor":20,"turns":3},{"damage":80,"enemies":"Nightmare","floor":24,"turns":9},{"damage":0,"enemies":"Chosen and Byrds","floor":27,"turns":4},{"damage":0,"enemies":"Colosseum Slavers","floor":28,"turns":2},{"damage":19,"enemies":"Snecko","floor":29,"turns":4},{"damage":0,"enemies":"Sentry and Sphere","floor":30,"turns":2},{"damage":7,"enemies":"Shelled Parasite and Fungi","floor":31,"turns":5},{"damage":50,"enemies":"Collector","floor":33,"turns":8},{"damage":20,"enemies":"3 Darklings","floor":35,"turns":6},{"damage":9,"enemies":"3 Shapes","floor":41,"turns":4},{"damage":4,"enemies":"Maw","floor":44,"turns":7},{"damage":44,"enemies":"Nightmare","floor":47,"turns":7},{"damage":0,"enemies":"Jaw Worm Horde","floor":48,"turns":3},{"damage":0,"enemies":"hubris:GrandSnecko","floor":50,"turns":1}],"seed_played":"7062647093117228818","potions_obtained":[{"floor":6,"key":"SpeedPotion"},{"floor":7,"key":"Weak Potion"},{"floor":7,"key":"ColorlessPotion"},{"floor":8,"key":"Reflective Coating"},{"floor":14,"key":"SteroidPotion"},{"floor":16,"key":"sneckomod:MuddlingPotion"},{"floor":18,"key":"Explosive Potion"},{"floor":20,"key":"EssenceOfSteel"},{"floor":30,"key":"Swift Potion"},{"floor":41,"key":"sneckomod:MuddlingPotion"},{"floor":46,"key":"PowerPotion"}],"is_trial":false,"path_per_floor":["M","?","$","?","M","E","?","E","T","M","R","$","M","M","R","B",null,"M","?","M","$","T","R","NM","R","T","M","?","M","M","M","R","B",null,"M","AVR","?","?","?","R","M","R","T","M","?","?","NM","M","R","B"],"character_chosen":"THE_SILENT","items_purchased":["Tactician","Accuracy","Predator","Anchor"],"campfire_rested":4,"item_purchase_floors":[3,12,12,21],"current_hp_per_floor":[70,70,70,53,53,63,63,60,60,69,69,69,69,56,70,46,70,70,70,63,63,63,63,3,24,24,40,52,35,47,65,65,37,70,54,54,49,49,49,49,44,65,65,70,70,53,9,9,9,9,9],"gold":379,"neow_bonus":"THREE_ENEMY_KILL","is_daily":false,"chose_seed":false,"campfire_upgraded":4,"win_rate":0.0,"timestamp":1609923229,"path_taken":["M","?","$","?","M","E","?","E","T","M","R","$","M","?","R","BOSS","M","?","M","?","?","R","NM","R","T","M","?","M","?","M","R","BOSS","M","AVR","?","?","?","R","?","R","T","M","?","?","NM","M","R","BOSS"],"items_purchased_type":["Card","Card","Card","Relic"],"build_version":"2020-12-22","purchased_purges":0,"victory":false,"max_hp_per_floor":[70,70,70,70,70,70,70,70,70,70,70,70,70,70,70,70,70,70,70,70,70,70,70,70,70,70,70,70,70,70,70,70,70,70,70,70,70,70,70,70,70,70,70,70,70,70,70,70,70,70,70],"card_choices":[{"not_picked":["ReplayTheSpireMod:Speed Training","Deflect"],"picked":"Infinite Blades","floor":1},{"not_picked":["ReplayTheSpireMod:Chaos Vortex","ReplayTheSpireMod:Book of Names"],"picked":"infinitespire:Starlight","floor":4},{"not_picked":["Catalyst","Expertise"],"picked":"Dagger Spray","floor":5},{"not_picked":["Poison Darts","Choke"],"picked":"hubris:Sniper","floor":6},{"not_picked":["Dagger Throw","Acrobatics"],"picked":"Blade Dance","floor":8},{"not_picked":["Blade Dance","Slice"],"picked":"Acrobatics","floor":10},{"not_picked":["Outmaneuver","hubris:SlightOfHand","PiercingWail"],"picked":"SKIP","floor":13},{"not_picked":["hubris:SlightOfHand","Distraction"],"picked":"Cloak And Dagger","floor":14},{"not_picked":["Doppelganger","Die Die Die"],"picked":"Storm of Steel","floor":16},{"not_picked":["PiercingWail","Leg Sweep"],"picked":"Escape Plan","floor":18},{"not_picked":["Underhanded Strike+1","Sneak Up+1"],"picked":"hubris:Sniper","floor":20},{"not_picked":["Replay:Fractal Strike","infinitespire:Menacing"],"picked":"infinitespire:Starlight","floor":24},{"not_picked":["Tactician","Grand Finale"],"picked":"Finisher","floor":24},{"not_picked":["Deflect","Flying Knee"],"picked":"Acrobatics","floor":27},{"not_picked":["Reflex","Prepared"],"picked":"Cloak And Dagger","floor":29},{"not_picked":["Outmaneuver","Flying Knee","hubris:SlightOfHand"],"picked":"SKIP","floor":30},{"not_picked":["Dodge and Roll+1","Venomology","Eviscerate"],"picked":"SKIP","floor":31},{"not_picked":["ReplayTheSpireMod:From All Sides","Bullet Time"],"picked":"After Image","floor":33},{"not_picked":["Underhanded Strike","Sucker Punch"],"picked":"Terror+1","floor":35},{"not_picked":["expansioncontent:SlimeTackle","expansioncontent:HyperBeam"],"picked":"expansioncontent:BronzeBeam","floor":37},{"not_picked":["Enlightenment","Secret Weapon"],"picked":"Mayhem","floor":37},{"not_picked":["Dodge and Roll","Dagger Spray","Sucker Punch"],"picked":"SKIP","floor":41},{"not_picked":["Underhanded Strike","Well Laid Plans","Bullet Time"],"picked":"SKIP","floor":44},{"not_picked":["PiercingWail+1","Blade Dance"],"picked":"Cloak And Dagger","floor":46},{"not_picked":["Atom Bomb","Dagger Throw+1","Flying Knee"],"picked":"SKIP","floor":47},{"not_picked":["Draining Mist","Tactician","Blade Dance+1"],"picked":"SKIP","floor":48}],"player_experience":633017,"relics_obtained":[{"floor":6,"key":"Snack Pack"},{"floor":8,"key":"hubris:SlimyHat"},{"floor":9,"key":"Vajra"},{"floor":24,"key":"PreservedInsect"},{"floor":26,"key":"StoneCalendar"},{"floor":43,"key":"Onion Ring"},{"floor":46,"key":"hubris:MobiusCoin"},{"floor":47,"key":"Bag of Preparation"}],"event_choices":[{"damage_healed":0,"gold_gain":0,"player_choice":"Got Potions","damage_taken":0,"max_hp_gain":0,"max_hp_loss":0,"event_name":"Lab","floor":7,"gold_loss":0},{"damage_healed":0,"gold_gain":0,"player_choice":"2 cards matched","damage_taken":0,"max_hp_gain":0,"max_hp_loss":0,"event_name":"Match and Keep!","floor":19,"gold_loss":0,"cards_obtained":["expansioncontent:YouAreMine","PiercingWail"]},{"damage_healed":0,"gold_gain":0,"player_choice":"Fight","damage_taken":0,"max_hp_gain":0,"max_hp_loss":0,"event_name":"Colosseum","floor":28,"gold_loss":0},{"damage_healed":0,"gold_gain":0,"player_choice":"Fled From Nobs","damage_taken":0,"max_hp_gain":0,"max_hp_loss":0,"event_name":"Colosseum","floor":28,"gold_loss":0},{"damage_healed":0,"gold_gain":0,"player_choice":"Memory 2","damage_taken":5,"max_hp_gain":0,"max_hp_loss":0,"event_name":"SensoryStone","floor":37,"gold_loss":0},{"damage_healed":0,"gold_gain":0,"player_choice":"Gave Potion","damage_taken":0,"relics_obtained":["infinitespire:CheckeredPen"],"max_hp_gain":0,"max_hp_loss":0,"event_name":"WeMeetAgain","floor":39,"gold_loss":0},{"damage_healed":0,"gold_gain":0,"player_choice":"Upgrade","damage_taken":0,"relics_obtained":["Mark of the Bloom"],"max_hp_gain":0,"max_hp_loss":0,"event_name":"MindBloom","floor":45,"gold_loss":0,"cards_upgraded":["Strike_G","Strike_G","Strike_G","Strike_G","Strike_G","Defend_G","Defend_G","Defend_G","Defend_G","Defend_G","Survivor","Neutralize","infinitespire:Starlight","Dagger Spray","Blade Dance","Acrobatics","Predator","Cloak And Dagger","Storm of Steel","Escape Plan","expansioncontent:YouAreMine","PiercingWail","hubris:Sniper","infinitespire:Starlight","Finisher","Acrobatics","Cloak And Dagger","infinitespire:Gouge","hubris:InfiniteBlow","expansioncontent:BronzeBeam","Mayhem"]}],"is_beta":false,"boss_relics":[{"not_picked":["hubris:BlackHole","hubris:GrandSneckoEye"],"picked":"hubris:ScarierMask"},{"not_picked":["hubris:CrackedHourglass","Philosopher\u0027s Stone"],"picked":"SacredBark"}],"items_purged_floors":[],"is_endless":true,"potions_floor_spawned":[6,8,14,16,18,20,28,30,41],"killed_by":"hubris:GrandSnecko","ascension_level":0}}