{"host":"mfnyjbfkyfsz33u9","time":1609928508,"event":{"mods":["2.2 Compatiblity","BaseMod","Colored Powertips","Downfall","Marisa£¨Ùöéë¡¡Øª×âÞÞ£©","Minty Spire (QoL Compilation)","Rare Cards Sparkle","Replay The Spire","StSLib","SuperFastMode","The Cursed"],"gold_per_floor":[116,116,66,66,77,77,108,122,122,139,58,75,95,129,129,228,228,244,244,254,254,264,290,290,290,290],"floor_reached":25,"playtime":2741,"items_purged":[],"score":233,"play_id":"e9c85352-e715-4ae4-a73d-dda68e38e0d5","local_time":"20210106192148","is_ascension_mode":false,"campfire_choices":[{"data":"Perfected Strike","floor":6.0,"key":"SMITH"},{"data":"Flex","floor":15,"key":"SMITH"},{"data":"Dark Embrace","floor":24,"key":"SMITH"}],"circlet_count":0,"master_deck":["Strike_R+1","Strike_R+1","Strike_R+1","Strike_R+1","Strike_R+1","Defend_R","Defend_R","Bash","Perfected Strike+1","Dark Embrace+1","Flex+1","Sword Boomerang","Infernal Blade","Flame Barrier","Reaper","Corruption","Twin Strike","Normality","ReplayTheSpireMod:Muscle Training","Thunderclap+1"],"relics":["Busted Crown","WingedGreaves","Replay:Bottled Eggs","Torii","Sozu","Strawberry","Question Card"],"acts_visited":["Exordium","TheCity"],"potions_floor_usage":[16,16],"damage_taken":[{"damage":0.0,"enemies":"Cultist","floor":1.0,"turns":4.0},{"damage":2.0,"enemies":"2 Louse","floor":5.0,"turns":2.0},{"damage":14.0,"enemies":"Gremlin Nob","floor":7.0,"turns":3.0},{"damage":5.0,"enemies":"Small Slimes","floor":8.0,"turns":2.0},{"damage":0,"enemies":"Exordium Thugs","floor":10,"turns":2},{"damage":12,"enemies":"Looter","floor":12,"turns":2},{"damage":8,"enemies":"3 Louse","floor":13,"turns":2},{"damage":13,"enemies":"3 Sentries","floor":14,"turns":5},{"damage":16,"enemies":"Hexaghost","floor":16,"turns":8},{"damage":10,"enemies":"Spheric Guardian","floor":18,"turns":3},{"damage":4,"enemies":"3 Byrds","floor":20,"turns":3},{"damage":16,"enemies":"Cultist and Chosen","floor":22,"turns":5},{"damage":60,"enemies":"Slavers","floor":23,"turns":5},{"damage":31,"enemies":"Book of Stabbing","floor":25,"turns":2}],"seed_played":"8276695650831859228","potions_obtained":[{"floor":8.0,"key":"Weak Potion"},{"floor":13,"key":"SteroidPotion"},{"floor":14,"key":"sneckomod:MuddlingPotion"},{"floor":16,"key":"Cursed Concoction"}],"is_trial":false,"path_per_floor":["M","?","?","?","M","R","E","M","T","M","$","M","M","E","R","B",null,"M","?","M","?","M","E","R","E"],"character_chosen":"IRONCLAD","items_purchased":["Flame Barrier"],"campfire_rested":0,"item_purchase_floors":[11],"current_hp_per_floor":[80,85,85,85,83,83,69,64,64,64,64,52,44,31,31,21,85,75,82,84,84,74,31,31,0,0],"gold":290,"neow_bonus":"BOSS_RELIC","is_daily":false,"chose_seed":false,"campfire_upgraded":3,"win_rate":0.0,"timestamp":1609928508,"path_taken":["M","?","?","?","M","R","E","M","T","?","$","M","M","E","R","BOSS","M","?","M","?","M","E","R","E"],"items_purchased_type":["Card"],"build_version":"2020-12-22","purchased_purges":0,"victory":false,"max_hp_per_floor":[80,85,85,85,85,85,85,85,85,85,85,85,85,85,85,85,85,85,92,92,92,92,92,92,92,92],"card_choices":[{"not_picked":[],"picked":"Perfected Strike","floor":1.0},{"not_picked":["Cleave"],"picked":"SKIP","floor":5.0},{"not_picked":[],"picked":"Flex","floor":7.0},{"not_picked":[],"picked":"Sword Boomerang","floor":8.0},{"not_picked":[],"picked":"Infernal Blade","floor":10},{"not_picked":["Carnage"],"picked":"SKIP","floor":12},{"not_picked":["Anger"],"picked":"SKIP","floor":13},{"not_picked":[],"picked":"Reaper","floor":14},{"not_picked":[],"picked":"Corruption","floor":16},{"not_picked":["Twin Strike"],"picked":"SKIP","floor":18},{"not_picked":[],"picked":"Twin Strike","floor":18},{"not_picked":["Run Through+1"],"picked":"SKIP","floor":20},{"not_picked":[],"picked":"ReplayTheSpireMod:Muscle Training","floor":22},{"not_picked":[],"picked":"Thunderclap+1","floor":23}],"player_experience":12791,"relics_obtained":[{"floor":7.0,"key":"WingedGreaves"},{"floor":9.0,"key":"Replay:Bottled Eggs"},{"floor":14,"key":"Torii"},{"floor":23,"key":"Question Card"}],"event_choices":[{"damage_healed":0.0,"max_hp_gain":5.0,"max_hp_loss":0.0,"gold_gain":0.0,"event_name":"Big Fish","player_choice":"Donut","floor":2.0,"gold_loss":0.0,"damage_taken":0.0},{"cards_removed":["Defend_R"],"damage_healed":0.0,"max_hp_gain":0.0,"max_hp_loss":0.0,"gold_gain":0.0,"event_name":"The Cleric","player_choice":"Card Removal","floor":3.0,"gold_loss":50.0,"damage_taken":0.0},{"damage_healed":0.0,"max_hp_gain":0.0,"max_hp_loss":0.0,"gold_gain":0.0,"cards_transformed":["Defend_R"],"event_name":"Living Wall","player_choice":"Change","floor":4.0,"gold_loss":0.0,"damage_taken":0.0,"cards_obtained":["Dark Embrace"]},{"damage_healed":0,"gold_gain":0,"player_choice":"Ignored","damage_taken":0,"max_hp_gain":0,"max_hp_loss":0,"event_name":"Vampires","floor":21,"gold_loss":0}],"is_beta":false,"boss_relics":[{"not_picked":["Snecko Eye","Kintsugi"],"picked":"Sozu"}],"items_purged_floors":[],"is_endless":false,"potions_floor_spawned":[8,13,14,16,22],"killed_by":"Book of Stabbing","ascension_level":0}}