{"host":"ha6p5pdchuduffeg","time":1609925715,"event":{"mods":["Act Like it!","BaseMod","Downfall","Gensokyo","KinomotoSakuraMod(ƒæ÷Æ±æ”£)","Koishi","Marisa£®ÏF”Í°°ƒß¿Ì…≥£©","Minty Spire (QoL Compilation)","Reimu£®≤©¿ˆ¡È√Œ£©","Remilia£®¿Ÿ√◊¿Ú—«£©","Replay The Spire","StSLib","The Servant 0.9.4","Youmu£®ªÍ∆«—˝√Œ£©"],"gold_per_floor":[99,112,112,97,97,112,112,132,146,177,188,253,28,48,68,68,68,68],"floor_reached":16,"playtime":876,"items_purged":[],"score":129,"play_id":"1f28cdd6-ab3b-42a9-8d6e-3db56ec793f7","local_time":"20210106173515","is_ascension_mode":false,"campfire_choices":[{"floor":1,"key":"RECALL"},{"data":"Slimebound:ProtectTheBoss","floor":13,"key":"SMITH"}],"circlet_count":0,"master_deck":["Slimebound:Strike_Slimebound","Slimebound:Strike_Slimebound","Slimebound:Strike_Slimebound","Slimebound:Tackle","Slimebound:Defend_Slimebound","Slimebound:Defend_Slimebound","Slimebound:Defend_Slimebound","Slimebound:Defend_Slimebound","Slimebound:Split","Slimebound:CorrosiveSpit","Slimebound:GrowthPunch","Slimebound:SlimeTap","Slimebound:SamplingLick","Slimebound:SlimeSpikes","Slimebound:SplitBruiser","Slimebound:GoopTackle","Slimebound:ProtectTheBoss+1","Slimebound:MegaLick","Slimebound:Repurpose","Slimebound:ItLooksTasty"],"relics":["Slimebound:AbsorbEndCombat","Tea:ReiMu","Replay:Bottled Flurry","downfall:HeartBlessingBlue","downfall:HeartBlessingRed","downfall:HeartBlessingGreen"],"acts_visited":["Exordium"],"potions_floor_usage":[16],"damage_taken":[{"damage":9,"enemies":"Small Slimes","floor":2,"turns":4},{"damage":4,"enemies":"downfall:FleeingMerchant","floor":4,"turns":4},{"damage":4,"enemies":"Cultist","floor":6,"turns":4},{"damage":5,"enemies":"Jaw Worm","floor":8,"turns":2},{"damage":6,"enemies":"2 Fungi Beasts","floor":9,"turns":3},{"damage":22,"enemies":"Replay:BlueRogue","floor":10,"turns":5},{"damage":8,"enemies":"Large Slime","floor":11,"turns":3},{"damage":18,"enemies":"Lagavulin Event","floor":12,"turns":5},{"damage":8,"enemies":"Red Slaver","floor":14,"turns":2},{"damage":6,"enemies":"Exordium Thugs","floor":15,"turns":2},{"damage":92,"enemies":"downfall:Defect","floor":16,"turns":6}],"seed_played":"-2724932506158690902","potions_obtained":[{"floor":3,"key":"LiquidBronze"},{"floor":3,"key":"Fire Potion"},{"floor":3,"key":"Fire Potion"}],"is_trial":false,"path_per_floor":["R","M","?","$","?","M","T","M","M","E","M","?","R","M","M","B"],"character_chosen":"SLIMEBOUND","items_purchased":[],"campfire_rested":0,"item_purchase_floors":[],"current_hp_per_floor":[66,64,64,66,66,66,66,66,66,63,66,64,74,72,71,0,0,0],"gold":68,"neow_bonus":"TEN_PERCENT_HP_BONUS","is_daily":false,"chose_seed":false,"campfire_upgraded":1,"win_rate":0.0,"timestamp":1609925715,"path_taken":["R","M","?","?","?","?","T","?","M","E","M","?","R","M","M","BOSS"],"items_purchased_type":[],"build_version":"2020-12-22","purchased_purges":0,"victory":false,"max_hp_per_floor":[66,66,66,66,66,66,66,66,66,66,66,66,76,76,76,76,76,76],"card_choices":[{"not_picked":["Slimebound:SlimeSpikes","Slimebound:SplitMire"],"picked":"Slimebound:GrowthPunch","floor":2},{"not_picked":["Slimebound:ForwardTackle","Slimebound:GrowthPunch"],"picked":"Slimebound:SlimeTap","floor":4},{"not_picked":["Slimebound:ViciousTackle","Slimebound:LeechEnergy"],"picked":"Slimebound:SamplingLick","floor":6},{"not_picked":["Slimebound:Prepare","Slimebound:SpikyOuterGoop"],"picked":"Slimebound:SlimeSpikes","floor":8},{"not_picked":["Slimebound:PressTheAttack","Slimebound:LevelUp"],"picked":"Slimebound:SplitBruiser","floor":9},{"not_picked":["Slimebound:ComboTackle","Slimebound:SplitMire"],"picked":"Slimebound:GoopTackle","floor":10},{"not_picked":["Slimebound:GoopSpray","Slimebound:ViciousTackle"],"picked":"Slimebound:ProtectTheBoss","floor":11},{"not_picked":["Slimebound:RejuvenatingLick","Slimebound:Prepare"],"picked":"Slimebound:MegaLick","floor":12},{"not_picked":["Slimebound:PressTheAttack","Slimebound:SplitMire"],"picked":"Slimebound:Repurpose","floor":14},{"not_picked":["Slimebound:MassRepurpose","Slimebound:SplitLeeching"],"picked":"Slimebound:ItLooksTasty","floor":15}],"player_experience":5737,"relics_obtained":[{"floor":10,"key":"Tea:ReiMu"},{"floor":12,"key":"Replay:Bottled Flurry"}],"event_choices":[{"damage_healed":0,"gold_gain":0,"player_choice":"Got Potions","damage_taken":0,"max_hp_gain":0,"max_hp_loss":0,"event_name":"Lab","floor":3,"gold_loss":0}],"is_beta":false,"boss_relics":[],"items_purged_floors":[],"is_endless":false,"potions_floor_spawned":[8,11,12,15],"killed_by":"downfall:Defect","ascension_level":0}}