{"host":"zflsh8k62z0aeokr","time":1609975176,"event":{"mods":["AchievementEnabler","BaseMod","Downfall","HololiveMod","Marisa????????","Minty Spire (QoL Compilation)","StSLib","The Animator","The Mystic","The Saiyan","The Servant 0.9.4"],"gold_per_floor":[113,133,133,152,168,218,245,232,279,311,358,374,374,374],"floor_reached":13,"playtime":3811,"items_purged":[],"score":126,"play_id":"e7ec3038-66df-4fef-b6d6-7ef698dbc3aa","local_time":"20210106181936","is_ascension_mode":false,"campfire_choices":[],"circlet_count":0,"master_deck":["Strike_MRS","Strike_MRS","Strike_MRS","Strike_MRS","Defend_MRS","Defend_MRS","Defend_MRS","Defend_MRS","MasterSpark","UpSweep","AlicesGift","NonDirectionalLaser","OpenUniverse","WitchOfGreed","GravityBeat","CollectingQuirk","Occultation","DoubleSpark","PulseMagic","MysteriousBeam"],"relics":["MiniHakkero","GremlinMask","Blood Vial","Regal Pillow","Meat on the Bone","Gremlin Horn"],"acts_visited":["Exordium"],"potions_floor_usage":[6,6,7,8,10,10,11,11,12],"damage_taken":[{"damage":4,"enemies":"Cultist","floor":1,"turns":4},{"damage":10,"enemies":"Small Slimes","floor":2,"turns":4},{"damage":1,"enemies":"2 Louse","floor":4,"turns":2},{"damage":7,"enemies":"2 Fungi Beasts","floor":5,"turns":3},{"damage":0,"enemies":"Gremlin Nob","floor":6,"turns":3},{"damage":4,"enemies":"Red Slaver","floor":7,"turns":4},{"damage":22,"enemies":"Exordium Thugs","floor":8,"turns":5},{"damage":16,"enemies":"Large Slime","floor":10,"turns":4},{"damage":22,"enemies":"Lagavulin","floor":11,"turns":6},{"damage":3,"enemies":"Looter","floor":12,"turns":3},{"damage":38,"enemies":"Gremlin Nob","floor":13,"turns":3}],"seed_played":"3011681440410301050","potions_obtained":[{"floor":1,"key":"Guardian:BlockOnCardUsePotion"},{"floor":4,"key":"BlessingOfTheForge"},{"floor":5,"key":"Block Potion"},{"floor":6,"key":"SpeedPotion"},{"floor":7,"key":"BlessingOfTheForge"},{"floor":8,"key":"ColorlessPotion"},{"floor":8,"key":"champ:CounterPotion"},{"floor":10,"key":"AttackPotion"},{"floor":11,"key":"EssenceOfSteel"}],"is_trial":false,"path_per_floor":["M","M","?","M","M","E","M","M","T","M","E","M","E"],"character_chosen":"MARISA","items_purchased":[],"campfire_rested":0,"item_purchase_floors":[],"current_hp_per_floor":[78,68,68,67,60,60,58,38,38,24,4,15,0,0],"gold":374,"neow_bonus":"TEN_PERCENT_HP_BONUS","is_daily":false,"chose_seed":false,"campfire_upgraded":0,"win_rate":0.0,"timestamp":1609975176,"path_taken":["M","M","?","M","M","E","M","M","T","M","E","M","E"],"items_purchased_type":[],"build_version":"2020-12-22","purchased_purges":0,"victory":false,"max_hp_per_floor":[82,82,82,82,82,82,82,82,82,82,82,82,82,82],"card_choices":[{"not_picked":["ShootTheMoon","GalacticHalo"],"picked":"AlicesGift","floor":1},{"not_picked":["SuperPerseids","AsteroidBelt"],"picked":"NonDirectionalLaser","floor":2},{"not_picked":["SuperPerseids","ShootingEcho"],"picked":"OpenUniverse","floor":4},{"not_picked":["DC","UnstableBomb"],"picked":"WitchOfGreed","floor":5},{"not_picked":["WitchOfGreed","WitchLeyline"],"picked":"GravityBeat","floor":6},{"not_picked":["Robbery","GrandCross"],"picked":"CollectingQuirk","floor":7},{"not_picked":["ManaConvection","AsteroidBelt"],"picked":"Occultation","floor":8},{"not_picked":["6A","NonDirectionalLaser"],"picked":"DoubleSpark","floor":10},{"not_picked":["SporeBomb","UnstableBomb"],"picked":"PulseMagic","floor":11},{"not_picked":["MilkyWay","GalacticHalo"],"picked":"MysteriousBeam","floor":12}],"player_experience":5001,"relics_obtained":[{"floor":6,"key":"Blood Vial"},{"floor":9,"key":"Regal Pillow"},{"floor":11,"key":"Meat on the Bone"}],"event_choices":[{"damage_healed":0,"gold_gain":0,"player_choice":"Trade","damage_taken":0,"relics_obtained":["GremlinMask"],"max_hp_gain":0,"max_hp_loss":0,"event_name":"FaceTrader","floor":3,"gold_loss":0}],"is_beta":false,"boss_relics":[],"items_purged_floors":[],"is_endless":false,"potions_floor_spawned":[1,4,5,8],"killed_by":"Gremlin Nob","ascension_level":0}}