{"host":"vh33hu3wddwn6yt6","time":1609953045,"event":{"mods":["AchievementEnabler","Act Like it!","Aspiration","BaseMod","Better Altar","Better Match","Better Note","Better Sensory Stone","Better Skull","Better Third Choice","BetterRewards","Downfall","Hermit","Hubris","Infinite Spire","Minty Spire (QoL Compilation)","Permanent Neow","Replay The Spire","Shade Mod","Shop Mod","Spicy Shops","StSLib","SuperFastMode","The Blackbeard","The Necromancer","The Runesmith","The Servant 0.9.4","TheBandit","Wandering Minibosses"],"gold_per_floor":[99,99,99,99,99,4,29,29,54,72,89,117,42,67,80,80,80],"floor_reached":16,"playtime":382,"items_purged":[],"score":122,"play_id":"d11ccc82-8bda-4803-ab02-e014f5bfea50","local_time":"20210106181045","is_ascension_mode":true,"campfire_choices":[{"floor":1,"key":"RECALL"},{"data":"Summon_Undead_Army","floor":8,"key":"SMITH"},{"floor":13,"key":"REST"}],"circlet_count":0,"master_deck":["Strike_W","Strike_W","Strike_W","Strike_W","Defend_W","Defend_W","Defend_W","Defend_W","Negative_Energy_Arrows","Bone_Wall","Negative_Energy_Shield","Summon_Undead_Army+1","Negative_Energy_Sphere","Negative_Energy_Sphere","Scare","Negative_Energy_Javelin"],"relics":["Vampire_Amulet","downfall:HeartsMalice","hubris:TinFlute","Question Card","downfall:HeartBlessingRed","Strawberry"],"acts_visited":["Exordium"],"potions_floor_usage":[12,12,16,16,16],"damage_taken":[{"damage":0,"enemies":"2 Louse","floor":2,"turns":1},{"damage":0,"enemies":"Cultist","floor":3,"turns":1},{"damage":0,"enemies":"Jaw Worm","floor":4,"turns":1},{"damage":0,"enemies":"downfall:FleeingMerchant","floor":6,"turns":4},{"damage":48,"enemies":"Gremlin Nob","floor":9,"turns":6},{"damage":2,"enemies":"3 Louse","floor":10,"turns":3},{"damage":6,"enemies":"Blue Slaver","floor":11,"turns":4},{"damage":11,"enemies":"Lagavulin","floor":12,"turns":5},{"damage":20,"enemies":"3 Sentries","floor":14,"turns":6},{"damage":11,"enemies":"Large Slime","floor":15,"turns":6},{"damage":37,"enemies":"downfall:Defect","floor":16,"turns":5}],"seed_played":"-6199478031627672123","potions_obtained":[{"floor":10,"key":"Strength Potion"},{"floor":11,"key":"Swift Potion"},{"floor":12,"key":"FearPotion"},{"floor":14,"key":"infinitespire:BlackPotion"},{"floor":15,"key":"champ:CounterPotion"}],"is_trial":false,"path_per_floor":["R","M","M","M","?","$","T","R","E","M","M","E","R","E","M","B"],"character_chosen":"NECROMANCER","items_purchased":["Summon_Undead_Army"],"campfire_rested":1,"item_purchase_floors":[6],"current_hp_per_floor":[75,75,75,75,75,75,75,75,29,33,29,20,42,35,28,0,0],"gold":80,"neow_bonus":"THREE_ENEMY_KILL","is_daily":false,"chose_seed":false,"campfire_upgraded":1,"win_rate":0.0,"timestamp":1609953045,"path_taken":["R","M","M","M","?","$","T","R","E","M","M","E","R","E","M","BOSS"],"items_purchased_type":["Card"],"build_version":"2020-12-22","purchased_purges":0,"victory":false,"max_hp_per_floor":[75,75,75,75,75,75,75,75,75,75,75,75,75,82,82,82,82],"card_choices":[{"not_picked":["Necrotic_Claws","Death_Knell","Shade_Step"],"picked":"SKIP","floor":2},{"not_picked":["Negative_Energy_Mist","Bone_Shift","Slay_Living"],"picked":"SKIP","floor":3},{"not_picked":["Vampiric_Strike","Bone_Bullets","Bone_Shift"],"picked":"SKIP","floor":4},{"not_picked":["Death_March_Dance","Death_Coil"],"picked":"Negative_Energy_Shield","floor":6},{"not_picked":["Necromantic_Selection","Skeleton_Dragon"],"picked":"Negative_Energy_Sphere","floor":9},{"not_picked":["Death_March_Dance","Acid_Javelin"],"picked":"Negative_Energy_Sphere","floor":10},{"not_picked":["Negative_Energy_Shield","Slay_Living","Death_Knell"],"picked":"SKIP","floor":11},{"not_picked":["Life_Tap","Blood_Shield"],"picked":"Scare","floor":12},{"not_picked":["Cloudkill","Consume_Illness","Life_Tap"],"picked":"Negative_Energy_Javelin","floor":14},{"not_picked":["Chill_Blood","Plague_Bolt","Bones_to_Steel","Scare"],"picked":"SKIP","floor":15}],"player_experience":619544,"relics_obtained":[{"floor":9,"key":"hubris:TinFlute"},{"floor":12,"key":"Question Card"},{"floor":14,"key":"Strawberry"}],"event_choices":[],"is_beta":false,"boss_relics":[],"items_purged_floors":[],"is_endless":false,"potions_floor_spawned":[10,11,12,14,15],"killed_by":"downfall:Defect","ascension_level":1}}