{"host":"jq8d8epkoknfq6em","time":1609941394,"event":{"mods":["AchievementEnabler","BaseMod","Colored Map","Colored Powertips","Highlight Path","Minty Spire (QoL Compilation)","Quick Restart","StSLib"],"gold_per_floor":[116,131,149,160,179,211,30,30,54,54,67,93,20,31,31,133,133,143,143,0,13,13,46,60,60,60,95,106,119,119,152,152,152,152],"floor_reached":33,"playtime":5122,"items_purged":["Strike_R"],"score":494,"play_id":"5a4da630-5511-4f0c-95fb-84b2bc4809d6","local_time":"20210106145634","is_ascension_mode":true,"campfire_choices":[{"data":"Apotheosis","floor":8,"key":"SMITH"},{"floor":15,"key":"REST"},{"floor":25,"key":"REST"},{"floor":30,"key":"REST"},{"floor":32,"key":"REST"}],"circlet_count":0,"master_deck":["AscendersBane","Strike_R+1","Strike_R+1","Defend_R","Defend_R","Defend_R","Defend_R","Bash","Apotheosis+1","Flame Barrier","Shrug It Off","Evolve","Rage","Shrug It Off","Spot Weakness","Body Slam","Shrug It Off","Clothesline","Battle Trance","Brutality","Anger","Barricade","Body Slam","True Grit","Demon Form","Ghostly Armor","Iron Wave","Disarm","Double Tap","Iron Wave+1","Body Slam+1"],"relics":["Burning Blood","Dream Catcher","Whetstone","Bronze Scales","Fusion Hammer","Bag of Preparation","Peace Pipe","Bottled Tornado","Torii"],"acts_visited":["Exordium","TheCity"],"potions_floor_usage":[12,18,23,33],"damage_taken":[{"damage":0,"enemies":"2 Louse","floor":1,"turns":4},{"damage":2,"enemies":"Cultist","floor":2,"turns":4},{"damage":2,"enemies":"Small Slimes","floor":3,"turns":4},{"damage":7,"enemies":"Blue Slaver","floor":4,"turns":5},{"damage":5,"enemies":"2 Fungi Beasts","floor":5,"turns":6},{"damage":52,"enemies":"Gremlin Nob","floor":6,"turns":5},{"damage":4,"enemies":"Exordium Wildlife","floor":11,"turns":4},{"damage":10,"enemies":"3 Sentries","floor":12,"turns":7},{"damage":2,"enemies":"Large Slime","floor":14,"turns":6},{"damage":13,"enemies":"Slime Boss","floor":16,"turns":10},{"damage":0,"enemies":"3 Byrds","floor":18,"turns":2},{"damage":16,"enemies":"Spheric Guardian","floor":21,"turns":6},{"damage":30,"enemies":"Gremlin Leader","floor":23,"turns":6},{"damage":8,"enemies":"Snake Plant","floor":24,"turns":4},{"damage":10,"enemies":"Slavers","floor":27,"turns":5},{"damage":16,"enemies":"Centurion and Healer","floor":28,"turns":7},{"damage":11,"enemies":"Sentry and Sphere","floor":29,"turns":5},{"damage":27,"enemies":"Book of Stabbing","floor":31,"turns":6},{"damage":92,"enemies":"Collector","floor":33,"turns":5}],"seed_played":"-1880009716718789818","potions_obtained":[{"floor":2,"key":"AttackPotion"},{"floor":3,"key":"ColorlessPotion"},{"floor":5,"key":"GamblersBrew"},{"floor":10,"key":"LiquidBronze"},{"floor":18,"key":"Energy Potion"},{"floor":27,"key":"ColorlessPotion"},{"floor":28,"key":"SkillPotion"},{"floor":31,"key":"SpeedPotion"}],"is_trial":false,"path_per_floor":["M","M","M","M","M","E","$","R","T","?","M","E","$","M","R","B",null,"M","?","?","M","?","E","M","R","T","E","M","M","R","E","R","B"],"character_chosen":"IRONCLAD","items_purchased":["Body Slam","Shrug It Off","Brutality"],"campfire_rested":4,"item_purchase_floors":[7,7,13],"current_hp_per_floor":[72,72,72,71,72,26,26,26,26,26,28,24,24,28,49,42,65,71,71,71,61,61,37,35,56,56,52,42,37,58,37,58,0,0],"gold":152,"neow_bonus":"RANDOM_COLORLESS_2","is_daily":false,"chose_seed":false,"campfire_upgraded":1,"win_rate":0.0,"timestamp":1609941394,"path_taken":["M","M","M","M","M","E","$","R","T","?","?","E","$","M","R","BOSS","M","?","?","M","?","E","?","R","T","E","M","M","R","E","R","BOSS"],"items_purchased_type":["Card","Card","Card"],"build_version":"2020-12-22","purchased_purges":1,"victory":false,"max_hp_per_floor":[72,72,72,72,72,72,72,72,72,72,72,72,72,72,72,72,72,72,72,72,72,72,72,72,72,72,72,72,72,72,72,72,72,72],"card_choices":[{"not_picked":["Secret Weapon","Panache"],"picked":"Apotheosis","floor":0},{"not_picked":["Metallicize","Hemokinesis"],"picked":"Flame Barrier","floor":1},{"not_picked":["Sever Soul","Headbutt"],"picked":"Shrug It Off","floor":2},{"not_picked":["Armaments","Sentinel"],"picked":"Evolve","floor":3},{"not_picked":["Metallicize","Flex"],"picked":"Rage","floor":4},{"not_picked":["Flex","True Grit"],"picked":"Shrug It Off","floor":5},{"not_picked":["Hemokinesis","Havoc"],"picked":"Spot Weakness","floor":6},{"not_picked":["Rupture","Evolve"],"picked":"Clothesline","floor":11},{"not_picked":["Iron Wave","Burning Pact"],"picked":"Battle Trance","floor":12},{"not_picked":["Exhume","Clothesline"],"picked":"Anger","floor":14},{"not_picked":["Bludgeon","Brutality"],"picked":"Barricade","floor":16},{"not_picked":["Ghostly Armor","Thunderclap","Bloodletting"],"picked":"SKIP","floor":18},{"not_picked":["Seeing Red+1","Sever Soul"],"picked":"True Grit","floor":21},{"not_picked":["True Grit","Havoc","Warcry"],"picked":"SKIP","floor":23},{"not_picked":["Thunderclap","Whirlwind"],"picked":"Iron Wave","floor":24},{"not_picked":["Shrug It Off","Clothesline"],"picked":"Disarm","floor":25},{"not_picked":["Hemokinesis","Thunderclap","Perfected Strike"],"picked":"SKIP","floor":27},{"not_picked":["Reckless Charge","Warcry","Wild Strike+1"],"picked":"SKIP","floor":28},{"not_picked":["Fire Breathing","Reckless Charge"],"picked":"Double Tap","floor":29},{"not_picked":["Clash","Burning Pact"],"picked":"Iron Wave+1","floor":30},{"not_picked":["Combust","Sword Boomerang","Rampage"],"picked":"SKIP","floor":31},{"not_picked":["Thunderclap","Wild Strike+1"],"picked":"Body Slam+1","floor":32}],"player_experience":954223,"relics_obtained":[{"floor":6,"key":"Dream Catcher"},{"floor":9,"key":"Whetstone"},{"floor":12,"key":"Bronze Scales"},{"floor":23,"key":"Bag of Preparation"},{"floor":26,"key":"Peace Pipe"},{"floor":27,"key":"Bottled Tornado"},{"floor":31,"key":"Torii"}],"event_choices":[{"damage_healed":0,"gold_gain":0,"player_choice":"Got Potions","damage_taken":0,"max_hp_gain":0,"max_hp_loss":0,"event_name":"Lab","floor":10,"gold_loss":0},{"damage_healed":0,"gold_gain":0,"player_choice":"Read","damage_taken":0,"max_hp_gain":0,"max_hp_loss":0,"event_name":"The Library","floor":19,"gold_loss":0,"cards_obtained":["Body Slam"]},{"damage_healed":0,"gold_gain":0,"player_choice":"Paid Fearfully","damage_taken":0,"max_hp_gain":0,"max_hp_loss":0,"event_name":"Masked Bandits","floor":20,"gold_loss":143},{"damage_healed":0,"gold_gain":0,"cards_transformed":["Strike_R","Strike_R"],"player_choice":"Became Test Subject","damage_taken":0,"max_hp_gain":0,"max_hp_loss":0,"event_name":"Drug Dealer","floor":22,"gold_loss":0,"cards_obtained":["Demon Form","Ghostly Armor"]}],"is_beta":false,"boss_relics":[{"not_picked":["Runic Cube","Mark of Pain"],"picked":"Fusion Hammer"}],"items_purged_floors":[7],"is_endless":false,"potions_floor_spawned":[2,3,5,6,11,18,27,28,31],"killed_by":"Collector","ascension_level":11}}