{"host":"8u7tvcybuv0u72fd","time":1609909904,"event":{"mods":["BaseMod","BetterRewards","Colored Map","Colored Powertips","Minty Spire (QoL Compilation)","Quick Restart","Shop Mod"],"gold_per_floor":[118,132,132,29,42,42,52,82,82,106,65,65,83,100,100,198,198,208,42,58,58,78,78,94,94,94,94,107,132,7,17,17,118,118,135,135,146,165,215,231,231,249,249,2,2,2,20,38,38,38,38,38,8,37,37],"floor_reached":56,"playtime":3550,"items_purged":["Strike_R","Parasite"],"score":1623,"play_id":"fe983dae-2a9f-4457-991c-f957663d18ef","local_time":"20210106001144","is_ascension_mode":false,"campfire_choices":[{"data":"Bandage Up","floor":6.0,"key":"SMITH"},{"data":"Body Slam","floor":12.0,"key":"SMITH"},{"data":"Headbutt","floor":15.0,"key":"SMITH"},{"data":"Barricade","floor":23.0,"key":"SMITH"},{"data":"Entrench","floor":25.0,"key":"SMITH"},{"data":"Rage","floor":27.0,"key":"SMITH"},{"data":"Shrug It Off","floor":32.0,"key":"SMITH"},{"floor":41.0,"key":"RECALL"},{"data":"Defend_R","floor":46.0,"key":"SMITH"},{"data":"Defend_R","floor":49.0,"key":"SMITH"},{"data":"Defend_R","floor":52.0,"key":"SMITH"}],"circlet_count":0,"master_deck":["Strike_R","Strike_R","Strike_R","Defend_R","Defend_R+1","Defend_R+1","Defend_R+1","Bash+1","Bandage Up+1","Pommel Strike","Body Slam+1","Headbutt+1","Barricade+1","CurseOfTheBell","Shrug It Off+1","Entrench+1","Rage+1","True Grit+1","Iron Wave+1"],"relics":["Burning Blood","Champion Belt","Gambling Chip","Akabeko","MerchantsRug","Happy Flower","Boot","Pen Nib","Odd Mushroom","Singing Bowl","Turnip","Oddly Smooth Stone","PreservedInsect","Sundial","Potion Belt","Velvet Choker","Thread and Needle","Ancient Tea Set","Bronze Scales","Ginger","Letter Opener"],"acts_visited":["TheCity","TheBeyond","TheEnding"],"potions_floor_usage":[54,54,55,55,55,55,55],"damage_taken":[{"damage":1.0,"enemies":"Cultist","floor":1.0,"turns":3.0},{"damage":0.0,"enemies":"2 Louse","floor":2.0,"turns":2.0},{"damage":0.0,"enemies":"Small Slimes","floor":5.0,"turns":3.0},{"damage":6.0,"enemies":"Blue Slaver","floor":7.0,"turns":3.0},{"damage":6.0,"enemies":"Gremlin Nob","floor":8.0,"turns":4.0},{"damage":19.0,"enemies":"The Mushroom Lair","floor":10.0,"turns":5.0},{"damage":7.0,"enemies":"Red Slaver","floor":13.0,"turns":3.0},{"damage":0.0,"enemies":"3 Louse","floor":14.0,"turns":3.0},{"damage":35.0,"enemies":"Slime Boss","floor":16.0,"turns":8.0},{"damage":0.0,"enemies":"Chosen","floor":18.0,"turns":4.0},{"damage":9.0,"enemies":"Shell Parasite","floor":20.0,"turns":6.0},{"damage":15.0,"enemies":"Centurion and Healer","floor":22.0,"turns":8.0},{"damage":15.0,"enemies":"Snake Plant","floor":24.0,"turns":4.0},{"damage":0.0,"enemies":"Snecko","floor":28.0,"turns":5.0},{"damage":0.0,"enemies":"Book of Stabbing","floor":29.0,"turns":6.0},{"damage":0.0,"enemies":"Chosen and Byrds","floor":31.0,"turns":7.0},{"damage":10.0,"enemies":"Champ","floor":33.0,"turns":8.0},{"damage":0.0,"enemies":"3 Darklings","floor":35.0,"turns":7.0},{"damage":6.0,"enemies":"3 Shapes","floor":37.0,"turns":4.0},{"damage":0.0,"enemies":"Spire Growth","floor":38.0,"turns":6.0},{"damage":0.0,"enemies":"Mind Bloom Boss Battle","floor":39.0,"turns":4.0},{"damage":34.0,"enemies":"Sphere and 2 Shapes","floor":40.0,"turns":6.0},{"damage":0.0,"enemies":"Writhing Mass","floor":42.0,"turns":4.0},{"damage":1.0,"enemies":"Jaw Worm Horde","floor":47.0,"turns":4.0},{"damage":5.0,"enemies":"Spire Growth","floor":48.0,"turns":8.0},{"damage":1.0,"enemies":"Time Eater","floor":50.0,"turns":12.0},{"damage":22,"enemies":"Shield and Spear","floor":54,"turns":5},{"damage":0,"enemies":"The Heart","floor":55,"turns":9}],"seed_played":"4457966243267936772","potions_obtained":[{"floor":2.0,"key":"FairyPotion"},{"floor":8.0,"key":"Weak Potion"},{"floor":10.0,"key":"Explosive Potion"},{"floor":18.0,"key":"SpeedPotion"},{"floor":20.0,"key":"Ancient Potion"},{"floor":22.0,"key":"DistilledChaos"},{"floor":24.0,"key":"Weak Potion"},{"floor":28.0,"key":"Strength Potion"},{"floor":29.0,"key":"Block Potion"},{"floor":31.0,"key":"ElixirPotion"},{"floor":33.0,"key":"AttackPotion"},{"floor":35.0,"key":"SteroidPotion"},{"floor":37.0,"key":"Strength Potion"},{"floor":38.0,"key":"Swift Potion"},{"floor":39.0,"key":"Weak Potion"},{"floor":40.0,"key":"HeartOfIron"},{"floor":42.0,"key":"Weak Potion"},{"floor":45.0,"key":"EntropicBrew"},{"floor":45.0,"key":"FairyPotion"},{"floor":47.0,"key":"Fire Potion"},{"floor":48.0,"key":"FearPotion"}],"is_trial":false,"path_per_floor":["M","M","?","$","M","R","M","E","T","?","$","R","M","M","R","B",null,"M","$","M","?","M","R","M","R","T","R","M","E","$","M","R","B",null,"M","?","M","M","?","M","R","M","T","$","?","R","M","M","R","B",null,"R","$","E","B",null],"character_chosen":"IRONCLAD","items_purchased":["Membership Card","Akabeko","MerchantsRug","Bandage Up","Happy Flower","Block Potion","Blood Vial","Oddly Smooth Stone","White Beast Statue","Potion Belt","Fruit Juice","Mango","Ancient Tea Set","Bronze Scales","Ginger"],"campfire_rested":0,"item_purchase_floors":[0,0,0,0,4,4,11,19,19,30,30,44,44,53,53],"current_hp_per_floor":[53,63,63,63,73,73,79,80,80,73,73,73,80,80,80,57,80,80,80,82,82,79,79,80,80,80,80,86,88,93,95,95,97,97,97,97,99,101,103,83,83,99,99,118,118,118,118,120,120,120,120,120,120,106,118],"gold":37,"neow_bonus":"","is_daily":false,"chose_seed":false,"campfire_upgraded":10,"win_rate":0.0,"timestamp":1609909904,"path_taken":["M","?","?","$","M","R","M","E","T","?","?","R","M","M","R","BOSS","M","?","M","?","M","R","M","R","T","R","M","E","?","M","R","BOSS","M","?","M","?","?","M","R","M","T","$","?","R","?","M","R","BOSS","R","$","E","BOSS"],"items_purchased_type":["Relic","Relic","Relic","Card","Relic","Potion","Relic","Relic","Relic","Relic","Potion","Relic","Relic","Relic","Relic"],"build_version":"2020-12-22","purchased_purges":2,"victory":true,"max_hp_per_floor":[80,80,80,80,80,80,80,80,80,80,80,80,80,80,80,80,80,80,80,82,82,82,82,84,84,84,84,86,88,93,95,95,97,97,97,97,99,101,103,105,105,107,107,118,118,118,118,120,120,120,120,120,120,122,122],"card_choices":[{"not_picked":["Anger","Feel No Pain"],"picked":"Pommel Strike","floor":1.0},{"not_picked":["Clothesline","Entrench","Burning Pact"],"picked":"SKIP","floor":2.0},{"not_picked":["Searing Blow","Sword Boomerang","Cleave"],"picked":"SKIP","floor":5.0},{"not_picked":["Armaments","Dropkick"],"picked":"Body Slam","floor":7.0},{"not_picked":["Twin Strike","Demon Form","Anger"],"picked":"SKIP","floor":8.0},{"not_picked":["Clash","Heavy Blade","Pummel"],"picked":"SKIP","floor":13.0},{"not_picked":["Pommel Strike","Reckless Charge"],"picked":"Headbutt","floor":14.0},{"not_picked":["Berserk","Double Tap"],"picked":"Barricade","floor":16.0},{"not_picked":["Spot Weakness","Evolve"],"picked":"Shrug It Off","floor":18.0},{"not_picked":["Sword Boomerang","Combust+1","Flex"],"picked":"Singing Bowl","floor":20.0},{"not_picked":["Pommel Strike","Twin Strike+1"],"picked":"Rage","floor":22.0},{"not_picked":["Combust","Thunderclap","Hemokinesis"],"picked":"Singing Bowl","floor":24.0},{"not_picked":["Flex","Shrug It Off","Cleave+1"],"picked":"Singing Bowl","floor":28.0},{"not_picked":["Thunderclap","Shrug It Off","Body Slam+1"],"picked":"Singing Bowl","floor":29.0},{"not_picked":["Twin Strike","Blood for Blood","Clothesline"],"picked":"Singing Bowl","floor":31.0},{"not_picked":["Juggernaut","Demon Form","Barricade"],"picked":"Singing Bowl","floor":33.0},{"not_picked":["Rampage+1","Clothesline"],"picked":"True Grit+1","floor":35.0},{"not_picked":["Armaments+1","Bloodletting","Iron Wave"],"picked":"Singing Bowl","floor":37.0},{"not_picked":["Thunderclap","Hemokinesis+1","Pommel Strike+1"],"picked":"Singing Bowl","floor":38.0},{"not_picked":["Shockwave","Shrug It Off+1","Warcry+1"],"picked":"Singing Bowl","floor":39.0},{"not_picked":["Spot Weakness","Immolate","Havoc"],"picked":"Singing Bowl","floor":40.0},{"not_picked":["Warcry+1","Heavy Blade+1","Twin Strike"],"picked":"Singing Bowl","floor":42.0},{"not_picked":["Combust","Sentinel"],"picked":"Iron Wave+1","floor":47.0},{"not_picked":["Clash+1","Sword Boomerang","Armaments"],"picked":"Singing Bowl","floor":48.0},{"not_picked":["Sever Soul","Headbutt","Armaments"],"picked":"Singing Bowl","floor":54}],"player_experience":1261888,"relics_obtained":[{"floor":8.0,"key":"Boot"},{"floor":9.0,"key":"Pen Nib"},{"floor":10.0,"key":"Odd Mushroom"},{"floor":17.0,"key":"MealTicket"},{"floor":17.0,"key":"Singing Bowl"},{"floor":17.0,"key":"Turnip"},{"floor":26.0,"key":"PreservedInsect"},{"floor":29.0,"key":"Sundial"},{"floor":39.0,"key":"Thread and Needle"},{"floor":54,"key":"Letter Opener"}],"event_choices":[{"damage_healed":0.0,"max_hp_gain":0.0,"max_hp_loss":0.0,"gold_gain":0.0,"event_name":"Living Wall","player_choice":"Grow","floor":3.0,"gold_loss":0.0,"damage_taken":0.0,"cards_upgraded":["Bash"]},{"damage_healed":0.0,"max_hp_gain":0.0,"max_hp_loss":0.0,"gold_gain":0.0,"event_name":"Mushrooms","player_choice":"Fought Mushrooms","floor":10.0,"gold_loss":0.0,"damage_taken":0.0},{"damage_healed":0.0,"max_hp_gain":0.0,"max_hp_loss":0.0,"gold_gain":0.0,"event_name":"The Library","player_choice":"Read","floor":21.0,"gold_loss":0.0,"damage_taken":0.0,"cards_obtained":["Entrench"]},{"cards_removed":["Strike_R"],"damage_healed":0.0,"max_hp_gain":0.0,"max_hp_loss":0.0,"gold_gain":0.0,"event_name":"Bonfire Elementals","player_choice":"Offered Basic","floor":36.0,"gold_loss":0.0,"damage_taken":0.0},{"damage_healed":0.0,"max_hp_gain":0.0,"max_hp_loss":0.0,"gold_gain":0.0,"event_name":"MindBloom","player_choice":"Fight","floor":39.0,"gold_loss":0.0,"damage_taken":0.0},{"damage_healed":0.0,"max_hp_gain":0.0,"max_hp_loss":0.0,"gold_gain":0.0,"event_name":"Lab","player_choice":"Got Potions","floor":45.0,"gold_loss":0.0,"damage_taken":0.0}],"is_beta":false,"boss_relics":[{"not_picked":["Tiny House","Empty Cage"],"picked":"Calling Bell"},{"not_picked":["Runic Cube","Mark of Pain"],"picked":"Velvet Choker"}],"items_purged_floors":[0,44],"is_endless":false,"potions_floor_spawned":[2,8,10,18,20,22,24,28,29,31,33,35,37,38,39,40,42,47,48],"ascension_level":0}}