{"host":"ktoxvvst1mwxww91","time":1609954225,"event":{"mods":["BaseMod","Hermit","Minty Spire (QoL Compilation)","StSLib","The Hierophant","The Mystic","The Necromancer"],"gold_per_floor":[139,37,118,71,146,213,213,213,236,236,268,268,338,338,338,434,434,483,130,130,230,73,73,115,115,115,115,162,9,9,118,118,85,85],"floor_reached":33,"playtime":1000,"items_purged":[],"score":392,"play_id":"6bea69b9-5767-4b8c-8e67-d50fd5c76553","local_time":"20210106183025","daily_mods":["SealedDeck","Heirloom","Time Dilation","Flight"],"is_ascension_mode":false,"campfire_choices":[{"data":"hierophant:AuricBeam","floor":7,"key":"SMITH"},{"data":"hierophant:OrnateBuckler","floor":10,"key":"SMITH"},{"floor":12,"key":"RECALL"},{"data":"hierophant:FieryStrike","floor":15,"key":"SMITH"},{"data":"hierophant:Kindle","floor":23,"key":"SMITH"},{"data":"hierophant:Kindle","floor":25,"key":"SMITH"},{"data":"hierophant:SecretStash","floor":27,"key":"SMITH"},{"floor":32,"key":"REST"}],"circlet_count":0,"master_deck":["hierophant:Endure","hierophant:ThreeLashes","hierophant:Encroach","hierophant:Encroach","hierophant:FieryStrike","hierophant:Doubloon","hierophant:RustyCrate","hierophant:OrnateBuckler+1","hierophant:OrnateJavelin","hierophant:AuricBeam+1","hierophant:Doubloon","hierophant:Doubloon","hierophant:OrnateBuckler","hierophant:CursedGold","hierophant:Doubloon","hierophant:RustyCrate","hierophant:Doubloon","hierophant:Doubloon","hierophant:PristineSoul","hierophant:OrnateBuckler","hierophant:FieryStrike+1","hierophant:Martyrdom","hierophant:Kindle+1","hierophant:Sermon","hierophant:OrnateBuckler","hierophant:Kindle+1","hierophant:SecretStash+1","hierophant:Shelter+1","hierophant:ThreeLashes"],"relics":["hierophant:PropheticMaskRelic","Thread and Needle","Calipers","Bloody Idol","Centennial Puzzle","Peace Pipe","Philosopher\u0027s Stone","Ginger","DollysMirror","MealTicket","CultistMask","Orichalcum"],"acts_visited":["Exordium","TheCity"],"potions_floor_usage":[17,28,31,33],"damage_taken":[{"damage":0,"enemies":"Small Slimes","floor":1,"turns":2},{"damage":0,"enemies":"2 Louse","floor":3,"turns":3},{"damage":17,"enemies":"Gremlin Nob","floor":6,"turns":5},{"damage":0,"enemies":"3 Sentries","floor":11,"turns":8},{"damage":0,"enemies":"Jaw Worm","floor":13,"turns":1},{"damage":18,"enemies":"Hexaghost","floor":16,"turns":9},{"damage":0,"enemies":"Spheric Guardian","floor":18,"turns":1},{"damage":0,"enemies":"Shell Parasite","floor":24,"turns":5},{"damage":8,"enemies":"Centurion and Healer","floor":28,"turns":4},{"damage":64,"enemies":"Gremlin Leader","floor":31,"turns":9},{"damage":55,"enemies":"Collector","floor":33,"turns":7}],"seed_played":"-8296908174837789859","potions_obtained":[{"floor":13,"key":"Explosive Potion"},{"floor":16,"key":"Fruit Juice"},{"floor":24,"key":"EssenceOfSteel"},{"floor":31,"key":"DuplicationPotion"}],"is_trial":true,"path_per_floor":["M","$","M","$","?","E","R","?","T","R","E","R","M","?","R","B",null,"M","$","?","?","$","R","M","R","T","R","M","$","?","E","R","B"],"character_chosen":"HIEROPHANT","items_purchased":["hierophant:CursedGold","hierophant:RustyCrate","hierophant:OrnateBuckler","hierophant:OrnateBuckler","Ginger","DollysMirror","MealTicket"],"campfire_rested":1,"item_purchase_floors":[2,2,4,19,19,22,29],"current_hp_per_floor":[75,75,75,75,64,47,47,47,47,47,47,47,47,52,52,34,79,79,79,79,79,79,79,79,79,79,79,79,79,79,25,48,0,0],"gold":85,"neow_bonus":"","is_daily":false,"chose_seed":false,"campfire_upgraded":6,"win_rate":0.0,"timestamp":1609954225,"path_taken":["M","$","M","$","?","E","R","?","T","R","E","R","M","?","R","BOSS","M","$","?","?","$","R","M","R","T","R","?","$","?","E","R","BOSS"],"items_purchased_type":["Card","Card","Card","Card","Relic","Relic","Relic"],"build_version":"2020-12-22","purchased_purges":0,"victory":false,"max_hp_per_floor":[75,75,75,75,75,75,75,69,69,69,69,69,69,74,74,74,79,79,79,79,79,79,79,79,79,79,79,79,79,79,79,79,79,79],"card_choices":[{"not_picked":["hierophant:RustyCrate","hierophant:Sermon"],"picked":"hierophant:OrnateBuckler","floor":1},{"not_picked":["hierophant:HolyVerse","hierophant:Purify"],"picked":"hierophant:PristineSoul","floor":3},{"not_picked":["hierophant:DisplayOfPower","hierophant:AuricBeam"],"picked":"hierophant:FieryStrike","floor":6},{"not_picked":["hierophant:HolyVerse","hierophant:AuricShield","hierophant:Zeal"],"picked":"SKIP","floor":11},{"not_picked":["hierophant:MorningPrayer","hierophant:HammerAndAnvil"],"picked":"hierophant:Martyrdom","floor":13},{"not_picked":["hierophant:Invocation","hierophant:BulkyChest"],"picked":"hierophant:Kindle","floor":16},{"not_picked":["hierophant:ConvertCurrency","hierophant:Empathy"],"picked":"hierophant:Sermon","floor":18},{"not_picked":["hierophant:MirrorShield+1","hierophant:Smite"],"picked":"hierophant:SecretStash","floor":24},{"not_picked":["hierophant:Purify","hierophant:ThreeLashes"],"picked":"hierophant:Shelter+1","floor":28},{"not_picked":["hierophant:HammerAndAnvil+1","hierophant:Alms"],"picked":"hierophant:ThreeLashes","floor":31}],"player_experience":978965,"relics_obtained":[{"floor":6,"key":"Calipers"},{"floor":9,"key":"Centennial Puzzle"},{"floor":11,"key":"Peace Pipe"},{"floor":31,"key":"Orichalcum"}],"event_choices":[{"damage_healed":0,"gold_gain":75,"player_choice":"Gather Gold","damage_taken":11,"max_hp_gain":0,"max_hp_loss":0,"event_name":"World of Goop","floor":5,"gold_loss":0},{"damage_healed":0,"gold_gain":0,"player_choice":"Lose Max HP","damage_taken":0,"relics_obtained":["Golden Idol"],"max_hp_gain":0,"max_hp_loss":6,"event_name":"Golden Idol","floor":8,"gold_loss":0},{"damage_healed":0,"gold_gain":0,"player_choice":"Donut","damage_taken":0,"max_hp_gain":5,"max_hp_loss":0,"event_name":"Big Fish","floor":14,"gold_loss":0},{"damage_healed":0,"gold_gain":0,"player_choice":"Gave Idol","damage_taken":0,"relics_obtained":["Bloody Idol"],"max_hp_gain":0,"max_hp_loss":0,"event_name":"Forgotten Altar","floor":20,"relics_lost":["Golden Idol"],"gold_loss":0},{"damage_healed":0,"gold_gain":100,"player_choice":"Pray","damage_taken":0,"max_hp_gain":0,"max_hp_loss":0,"event_name":"Golden Shrine","floor":21,"gold_loss":0},{"damage_healed":0,"gold_gain":0,"player_choice":"Trade","damage_taken":0,"relics_obtained":["CultistMask"],"max_hp_gain":0,"max_hp_loss":0,"event_name":"FaceTrader","floor":30,"gold_loss":0}],"is_beta":false,"boss_relics":[{"not_picked":["SacredBark","Runic Dome"],"picked":"Philosopher\u0027s Stone"}],"items_purged_floors":[],"is_endless":false,"potions_floor_spawned":[13,16,24,31],"killed_by":"Collector","ascension_level":0}}