{"host":"gsmj583br51y3r1c","time":1609923054,"event":{"mods":["AchievementEnabler","BaseMod","Better Note","Colored Map","Downfall","Hermit","Highlight Path","Hubris","Infinite Spire","Marisa????????","Minty Spire (QoL Compilation)","Permanent Neow","Quick Restart","StSLib","The Bug Knight","The Cursed","The Disciple","The Marked","The Mystic","The Runesmith","The Servant 0.9.4","everything is the same but u backflip on backflip"],"gold_per_floor":[367,367,385,410,267,295,295,295,295,295,105,105,124,142,142,238,238,238,238],"floor_reached":18,"playtime":1197,"items_purged":["hubris:Greed"],"score":160,"play_id":"4d43ce2a-1f1c-4894-a1cf-4ce933502574","local_time":"20210106105054","is_ascension_mode":false,"campfire_choices":[{"data":"hermit:Manifest","floor":7,"key":"SMITH"},{"data":"hermit:Magnum","floor":12,"key":"SMITH"},{"data":"hermit:Brawl","floor":15,"key":"SMITH"}],"circlet_count":0,"master_deck":["hermit:Strike_Hermit","hermit:Strike_Hermit","hermit:Strike_Hermit","hermit:Strike_Hermit","hermit:Defend_Hermit","hermit:Defend_Hermit","hermit:Defend_Hermit","hermit:Snapshot","hermit:Covet","hermit:BodyArmor","hermit:LowProfile","hermit:Horror","hermit:Manifest+1","hermit:Brawl+1","hermit:Horror","hermit:Magnum+1","hermit:Determination","hermit:Spite","hermit:NoHoldsBarred","hermit:FinalCanter"],"relics":["hermit:Momento","Orichalcum","hubris:Towel","Tiny Chest","Oddly Smooth Stone","hermit:BartenderGlass"],"acts_visited":["Exordium","TheCity"],"potions_floor_usage":[6,18,18,18,18],"damage_taken":[{"damage":0,"enemies":"2 Louse","floor":1,"turns":3},{"damage":1,"enemies":"Cultist","floor":3,"turns":3},{"damage":2,"enemies":"Small Slimes","floor":4,"turns":3},{"damage":25,"enemies":"Lagavulin","floor":6,"turns":6},{"damage":0,"enemies":"Looter","floor":13,"turns":3},{"damage":0,"enemies":"Gremlin Gang","floor":14,"turns":5},{"damage":5,"enemies":"Slime Boss","floor":16,"turns":6},{"damage":0,"enemies":"2 Thieves","floor":18,"turns":1}],"seed_played":"8849387464087219625","potions_obtained":[{"floor":1,"key":"Fire Potion"},{"floor":13,"key":"Weak Potion"},{"floor":16,"key":"hexamod:EctoCoolerPotion"}],"is_trial":false,"path_per_floor":["M","?","M","M","$","E","R","?","T","?","$","R","M","M","R","B",null,"M"],"character_chosen":"HERMIT","items_purchased":["hermit:Brawl","hermit:Determination","Oddly Smooth Stone"],"campfire_rested":0,"item_purchase_floors":[5,11,11],"current_hp_per_floor":[75,75,74,72,72,47,47,47,47,47,47,47,47,47,47,42,75,75,75],"gold":238,"neow_bonus":"TWO_FIFTY_GOLD","is_daily":false,"chose_seed":false,"campfire_upgraded":3,"win_rate":0.0,"timestamp":1609923054,"path_taken":["M","?","?","M","$","E","R","?","T","?","$","R","M","?","R","BOSS","M"],"items_purchased_type":["Card","Card","Relic"],"build_version":"2020-12-22","purchased_purges":1,"victory":false,"max_hp_per_floor":[75,75,75,75,75,75,75,75,75,75,75,75,75,75,75,75,75,75,75],"card_choices":[{"not_picked":["hermit:HighCaliber","hermit:LuckOfTheDraw"],"picked":"hermit:BodyArmor","floor":1},{"not_picked":["hermit:Vantage","hermit:Glare"],"picked":"hermit:Horror","floor":3},{"not_picked":["hermit:Headshot","hermit:HoleUp"],"picked":"hermit:Manifest","floor":4},{"not_picked":["hermit:FullyLoaded","hermit:HeroicBravado"],"picked":"hermit:Horror","floor":6},{"not_picked":["hermit:Coalescence","hermit:BodyArmor"],"picked":"hermit:Spite","floor":13},{"not_picked":["hermit:TakeAim","hermit:Snipe"],"picked":"hermit:NoHoldsBarred","floor":14},{"not_picked":["hermit:Roughhouse","hermit:Reprieve"],"picked":"hermit:FinalCanter","floor":16}],"player_experience":335783,"relics_obtained":[{"floor":6,"key":"Orichalcum"},{"floor":9,"key":"Tiny Chest"}],"event_choices":[{"damage_healed":0,"gold_gain":0,"cards_transformed":["hermit:Defend_Hermit"],"player_choice":"Transformed","damage_taken":0,"max_hp_gain":0,"max_hp_loss":0,"event_name":"Transmorgrifier","floor":2,"gold_loss":0,"cards_obtained":["hermit:LowProfile"]},{"damage_healed":0,"gold_gain":0,"player_choice":"1 cards matched","damage_taken":0,"max_hp_gain":0,"max_hp_loss":0,"event_name":"Match and Keep!","floor":10,"gold_loss":0,"cards_obtained":["hermit:Magnum"]}],"is_beta":false,"boss_relics":[{"not_picked":["hermit:DentedPlate","hubris:CrackedHourglass"],"picked":"hermit:BartenderGlass"}],"items_purged_floors":[5],"is_endless":false,"potions_floor_spawned":[1,13,16],"killed_by":"2 Thieves","ascension_level":0}}