{"host":"6jrnojxwearbrjzo","time":1609926723,"event":{"mods":["BaseMod","Minty Spire (QoL Compilation)","Replay The Spire","Shop Mod","Spicy Shops","StSLib","The Cursed","The Servant 0.9.4","[功能]功能增强和修复MOD","vexMod"],"gold_per_floor":[217,235,225,225,3,3,32,3,3,28,28,28,60,75,75,180,846,863,883,658,658,455,488,544,570,641,659,659,685,506,541,541,637,637,651,499,499,290,290,325,325,358,358,392,392,244,265,302,302,314,314,314,208,249,271],"floor_reached":56,"playtime":2863,"items_purged":["Pain","Defend_P","Defend_P","Strike_P","Defend_P","Injury","Pray+1","Strike_P","Defend_P","Normality","Vigilance","Pride","Shame","Strike_P","CarveReality+1"],"score":1881,"play_id":"254ff139-e628-4056-ac4d-7da436a1e3aa","local_time":"20210106175203","is_ascension_mode":false,"campfire_choices":[{"data":"Eruption","floor":6,"key":"SMITH"},{"floor":11,"key":"RECALL"},{"data":"Wallop","floor":15,"key":"SMITH"},{"data":"1","floor":32,"key":"LIFT"},{"data":"2","floor":41,"key":"LIFT"},{"data":"3","floor":45,"key":"LIFT"},{"data":"Strike_P","floor":52,"key":"SMITH"}],"circlet_count":0,"master_deck":["Strike_P","Eruption+1","Crescendo+1","Worship+1","SignatureMove+1","ClearTheMind+1","Replay:ManipulateFuture+1","Replay:DivineShield+1","Wallop+1","Scrawl+1","CurseOfTheBell","Adaptation+1","Replay:BasicMightCard+1","Establishment+1","DevaForm+1","DeusExMachina+1","CutThroughFate+1","Wish+1","Omniscience+1"],"relics":["PureWater","ReplayTheSpireMod:Shallot","ReplayTheSpireMod:CursedCoin","Replay:Rubber Ducky","vexMod:CardConverter","ReplayTheSpireMod:Ninjato","Melange","Golden Egg","Lee\u0027s Waffle","Girya","Bag of Marbles","Pear","TungstenRod","Replay:Grab Bag","Busted Crown","vexMod:RockOfEvil","Calling Bell","Simple Rune","HornCleat","vexMod:HeadHunter","vexMod:InvisibilityCloak","Thread and Needle","vexMod:Cooldron","Meat on the Bone","Happy Flower","Sling","Kunai","ReplayTheSpireMod:Lightbulb","vexMod:MemoryStick","Pantograph","Replay:Wax Seal","vexMod:ScavengeHelm","Nunchaku","Bird Faced Urn","Oddly Smooth Stone","Dream Catcher","Medical Kit","Toolbox","Ice Cream","VioletLotus","WingedGreaves","PreservedInsect","TheAbacus","Lantern","Orichalcum","Replay:Towering Pillar of Hats","InkBottle","BargainBundle","Question Card","vexMod:FocusSash","Bronze Scales","Replay:PocketPolymizer","Replay:Bandana","Vajra","Membership Card","Torii","Toy Ornithopter","Strawberry","Frozen Egg 2","Garlic","Replay:Baseball","Sundial","Guide Book","HandDrill","Boot"],"acts_visited":["Exordium","TheCity","TheBeyond","TheEnding"],"potions_floor_usage":[2,10,10,10,14,16,16,33,35,40,40,40,40,40,40,40,44,44,44,48,48,50,50,50,50,50,50,50,50,50,50,50,50,54,55,55,55,55,55,55,55,55,55],"damage_taken":[{"damage":0,"enemies":"Cultist","floor":1,"turns":3},{"damage":1,"enemies":"Jaw Worm","floor":2,"turns":6},{"damage":0,"enemies":"Replay:BlueRogue","floor":7,"turns":2},{"damage":21,"enemies":"3 Sentries","floor":10,"turns":3},{"damage":0,"enemies":"Lagavulin","floor":13,"turns":2},{"damage":0,"enemies":"2 Louse","floor":14,"turns":1},{"damage":0,"enemies":"Fading Forest","floor":16,"turns":11},{"damage":0,"enemies":"3 Byrds","floor":18,"turns":1},{"damage":0,"enemies":"Chosen","floor":19,"turns":1},{"damage":0,"enemies":"Book of Stabbing","floor":23,"turns":1},{"damage":0,"enemies":"Slavers","floor":25,"turns":1},{"damage":0,"enemies":"Sentry and Sphere","floor":27,"turns":1},{"damage":0,"enemies":"Book of Stabbing","floor":31,"turns":2},{"damage":0,"enemies":"Collector","floor":33,"turns":2},{"damage":0,"enemies":"3 Darklings","floor":35,"turns":2},{"damage":11,"enemies":"R_Hoarder","floor":40,"turns":2},{"damage":0,"enemies":"Reptomancer","floor":42,"turns":1},{"damage":0,"enemies":"Nemesis","floor":44,"turns":1},{"damage":0,"enemies":"3 Shapes","floor":47,"turns":1},{"damage":0,"enemies":"R_Hoarder","floor":48,"turns":2},{"damage":15,"enemies":"Time Eater","floor":50,"turns":2},{"damage":0,"enemies":"Shield and Spear","floor":54,"turns":2},{"damage":55,"enemies":"The Heart","floor":55,"turns":3}],"seed_played":"-3219921859491918049","potions_obtained":[{"floor":1,"key":"Doom Potion"},{"floor":2,"key":"Toxic Potion"},{"floor":7,"key":"PowerPotion"},{"floor":7,"key":"Milkshake"},{"floor":10,"key":"BottledMiracle"},{"floor":14,"key":"Fruit Juice"},{"floor":14,"key":"PowerPotion"},{"floor":16,"key":"Energy Potion"},{"floor":18,"key":"BottledMiracle"},{"floor":40,"key":"EntropicBrew"},{"floor":48,"key":"EntropicBrew"},{"floor":54,"key":"EntropicBrew"},{"floor":54,"key":"EntropicBrew"}],"is_trial":false,"path_per_floor":["M","M","$","?","$","R","E","$","T","E","R","?","E","M","R","B",null,"M","M","$","?","$","E","?","E","T","M","?","T","$","E","R","B",null,"M","$","?","$","?","E","R","E","T","E","R","$","M","E","R","B",null,"R","$","E","B",null],"character_chosen":"WATCHER","items_purchased":["Worship","ReplayTheSpireMod:Shallot","ReplayTheSpireMod:CursedCoin","Replay:Rubber Ducky","SignatureMove","vexMod:CardConverter","ReplayTheSpireMod:Ninjato","Melange","Golden Egg","Lee\u0027s Waffle","ClearTheMind","Bag of Marbles","vexMod:InvisibilityCloak","Adaptation","Thread and Needle","vexMod:Cooldron","Replay:BasicMightCard","Adrenaline Potion","Meat on the Bone","Happy Flower","Sling","Kunai","ReplayTheSpireMod:Lightbulb","EntropicBrew","Bird Faced Urn","Oddly Smooth Stone","Dream Catcher","Medical Kit","Toolbox","WingedGreaves","PreservedInsect","TheAbacus","EntropicBrew","Lantern","Orichalcum","Replay:Towering Pillar of Hats","InkBottle","BargainBundle","Vajra","Membership Card","Torii","Toy Ornithopter","Strawberry","EntropicBrew","EntropicBrew","Garlic","Replay:Baseball","Sundial","Guide Book","HandDrill","EntropicBrew"],"campfire_rested":0,"item_purchase_floors":[3,3,3,3,3,5,5,5,5,5,5,8,20,20,20,20,20,20,22,22,22,22,22,22,30,30,30,30,30,36,36,36,36,38,38,38,38,38,46,46,46,46,46,46,46,53,53,53,53,53,53],"current_hp_per_floor":[72,71,71,71,83,83,85,85,85,74,74,74,76,83,83,85,108,108,108,114,114,116,118,90,92,92,92,92,92,92,98,98,122,122,122,124,124,124,124,115,115,121,121,130,130,137,137,141,143,132,143,145,145,145,90],"gold":271,"neow_bonus":"HUNDRED_GOLD","is_daily":false,"chose_seed":false,"campfire_upgraded":3,"win_rate":0.0,"timestamp":1609926723,"path_taken":["M","?","$","?","$","R","E","$","T","E","R","?","E","?","R","BOSS","M","?","$","?","$","E","?","E","T","?","?","?","$","E","R","BOSS","M","?","?","$","?","E","R","E","T","E","R","$","?","E","R","BOSS","R","$","E","BOSS"],"items_purchased_type":["Card","Relic","Relic","Relic","Card","Relic","Relic","Relic","Relic","Relic","Card","Relic","Relic","Card","Relic","Relic","Card","Potion","Relic","Relic","Relic","Relic","Relic","Potion","Relic","Relic","Relic","Relic","Relic","Relic","Relic","Relic","Potion","Relic","Relic","Relic","Relic","Relic","Relic","Relic","Relic","Relic","Relic","Potion","Potion","Relic","Relic","Relic","Relic","Relic","Potion"],"build_version":"2020-12-22","purchased_purges":15,"victory":true,"max_hp_per_floor":[72,72,72,72,83,83,85,85,85,95,95,95,97,104,104,106,108,108,108,114,114,116,118,118,120,120,120,120,120,120,120,120,122,122,122,124,124,124,124,124,124,126,126,130,130,137,137,141,143,143,143,145,145,145,145],"card_choices":[{"not_picked":["ThirdEye","PathToVictory"],"picked":"JustLucky","floor":1},{"not_picked":["SashWhip","CutThroughFate"],"picked":"Crescendo","floor":2},{"not_picked":["CutThroughFate","Replay:LoomingThreat"],"picked":"Replay:ManipulateFuture","floor":7},{"not_picked":["Evaluate","EmptyFist","EmptyMind"],"picked":"SKIP","floor":10},{"not_picked":["FlurryOfBlows","WaveOfTheHand"],"picked":"Replay:DivineShield","floor":13},{"not_picked":["FollowUp","FlurryOfBlows"],"picked":"Wallop","floor":14},{"not_picked":["Brilliance","Ragnarok"],"picked":"Scrawl","floor":16},{"not_picked":["BowlingBash+1"],"picked":"SKIP","floor":18},{"not_picked":["ThirdEye"],"picked":"SKIP","floor":19},{"not_picked":[],"picked":"Establishment","floor":23},{"not_picked":["Ragnarok"],"picked":"SKIP","floor":23},{"not_picked":[],"picked":"LessonLearned","floor":25},{"not_picked":["Worship"],"picked":"SKIP","floor":25},{"not_picked":["Halt"],"picked":"SKIP","floor":27},{"not_picked":["Ragnarok"],"picked":"SKIP","floor":31},{"not_picked":["Adaptation"],"picked":"SKIP","floor":31},{"not_picked":[],"picked":"DevaForm","floor":33},{"not_picked":["Consecrate"],"picked":"SKIP","floor":35},{"not_picked":["Alpha","Replay:LoomingThreat"],"picked":"SKIP","floor":40},{"not_picked":["Halt+1","JustLucky+1"],"picked":"SKIP","floor":40},{"not_picked":["DeusExMachina"],"picked":"MasterReality","floor":42},{"not_picked":["BowlingBash+1","JustLucky"],"picked":"SKIP","floor":42},{"not_picked":["MasterReality"],"picked":"DeusExMachina","floor":44},{"not_picked":["Replay:Hum+1"],"picked":"CutThroughFate+1","floor":44},{"not_picked":["JustLucky+1","BattleHymn"],"picked":"SKIP","floor":47},{"not_picked":["Establishment+1"],"picked":"Wish","floor":48},{"not_picked":["FlurryOfBlows+1"],"picked":"Omniscience","floor":48},{"not_picked":["Alpha","Replay:LoomingThreat"],"picked":"SKIP","floor":54},{"not_picked":["CrushJoints","SashWhip"],"picked":"SKIP","floor":54}],"player_experience":25114,"relics_obtained":[{"floor":7,"key":"Girya"},{"floor":10,"key":"Pear"},{"floor":13,"key":"TungstenRod"},{"floor":17,"key":"Simple Rune"},{"floor":17,"key":"HornCleat"},{"floor":17,"key":"vexMod:HeadHunter"},{"floor":23,"key":"vexMod:MemoryStick"},{"floor":24,"key":"Pantograph"},{"floor":25,"key":"Replay:Wax Seal"},{"floor":26,"key":"vexMod:ScavengeHelm"},{"floor":29,"key":"Nunchaku"},{"floor":31,"key":"Ice Cream"},{"floor":40,"key":"vexMod:FocusSash"},{"floor":42,"key":"Bronze Scales"},{"floor":43,"key":"Replay:PocketPolymizer"},{"floor":44,"key":"Replay:Bandana"},{"floor":48,"key":"Frozen Egg 2"},{"floor":54,"key":"Boot"}],"event_choices":[{"damage_healed":0,"gold_gain":0,"player_choice":"Upgraded","damage_taken":0,"max_hp_gain":0,"max_hp_loss":0,"event_name":"Upgrade Shrine","floor":12,"gold_loss":0,"cards_upgraded":["SignatureMove"]},{"damage_healed":0,"gold_gain":0,"player_choice":"Ignored","damage_taken":0,"max_hp_gain":0,"max_hp_loss":0,"event_name":"Ghosts","floor":21,"gold_loss":0},{"damage_healed":0,"gold_gain":0,"player_choice":"Simplicity","damage_taken":0,"max_hp_gain":0,"max_hp_loss":0,"event_name":"Back to Basics","floor":28,"gold_loss":0,"cards_upgraded":["Strike_P","Strike_P"]},{"cards_removed":["LessonLearned"],"damage_healed":0,"gold_gain":0,"player_choice":"Removed Attack","damage_taken":0,"max_hp_gain":0,"max_hp_loss":0,"event_name":"Falling","floor":37,"gold_loss":0},{"damage_healed":0,"gold_gain":0,"player_choice":"Gave Potion","damage_taken":0,"relics_obtained":["Question Card"],"max_hp_gain":0,"max_hp_loss":0,"event_name":"WeMeetAgain","floor":39,"gold_loss":0}],"is_beta":false,"boss_relics":[{"not_picked":["Coffee Dripper","Replay:Wanted Poster"],"picked":"Replay:Grab Bag"},{"not_picked":["Philosopher\u0027s Stone","Fusion Hammer"],"picked":"Busted Crown"},{"not_picked":["vexMod:FluxCapacitor","Sozu"],"picked":"vexMod:RockOfEvil"},{"not_picked":["Runic Pyramid","Black Star"],"picked":"Calling Bell"},{"not_picked":["ReplayTheSpireMod:DimensionalGlitch","Kintsugi"],"picked":"VioletLotus"}],"items_purged_floors":[3,3,3,3,3,5,5,20,20,20,20,22,36,38,53],"is_endless":false,"potions_floor_spawned":[1,2,7,7,10,13,14,14,16,18,19,23,23,25,25,25,27,31,31,33,40,40,40,42,47,47,48,54,54],"ascension_level":0}}