{"host":"1hyzy7ndnud2osw4","time":1609923684,"event":{"mods":["2.2 Compatiblity","Act Like it!","Arknights The Spire","Art Attack!","Aspiration","Astrologer","Bard","BaseMod","Beaked The Cultist","Better Third Choice","BetterRewards","Colored Powertips","Conspire","Decade(èÝá³Ù¥)","Dota2Spire","Elementarium","Gensokyo","GifTheSpireLib","GungeonMod","Hallownest","Hermit","Highlight Path","Hubris","Infinite Spire","Jorbs\u0027s Wanderer Trilogy","KinomotoSakuraMod(ÙÊñýÜâ?)","Koishi","KomeijiMod","Lobotomy","Menagerie","Minty Spire (QoL Compilation)","Quick Restart","SOS£¨ÞÙ÷é?ñýí­£©","Shop Mod","Spicy Shops","StSLib","The Administrix","The Bladedancer","The Bug Knight","The Construct","The Cursed","The Death Knight","The Disciple","The Dragon Tamer","The Factory","The Forsaken","The Gatherer","The Hierophant","The Jungle","The Marked","The Poker Player","The Runesmith","The Sage","The Senshi","The Wild Card","Uncapped","WarShipGirlsR/??á´Ò³R mod","Yuri Mod","Yuyuko"],"gold_per_floor":[113,113,113,34,34,62,62,395,476,508,518,553,567,599,599,698,698,718,718,718,730,338,338,364,364,390,425,168,203,203,232,232,331,331,345,345,12,28,28,28,56,56,79,105,105,165,165,182,182,212],"floor_reached":51,"playtime":4730,"items_purged":[],"score":1239,"play_id":"1754a1c5-37f5-476c-9e12-2ff02dfb4006","local_time":"20210106180124","daily_mods":["Draft","Heirloom","Time Dilation","DeadlyEvents","Elite Swarm"],"is_ascension_mode":true,"campfire_choices":[{"data":"Static Discharge","floor":7.0,"key":"SMITH"},{"data":"Static Discharge","floor":15.0,"key":"SMITH"},{"data":"Fission","floor":23.0,"key":"SMITH"},{"data":"infinitespire:UltimateForm","floor":25.0,"key":"SMITH"},{"data":"Seek","floor":30,"key":"SMITH"},{"data":"infinitespire:Punishment","floor":32,"key":"SMITH"},{"data":"Chill","floor":40,"key":"SMITH"},{"data":"Fission","floor":42,"key":"SMITH"},{"data":"infinitespire:Punishment","floor":47,"key":"SMITH"},{"data":"infinitespire:Oblivion","floor":49,"key":"SMITH"}],"circlet_count":0,"master_deck":["Hello World","Gash","Static Discharge+1","Conserve Battery","Compile Driver","Chaos","Skim","Coolheaded","White Noise","Loop","aspiration:Polymerization","Turbo","Static Discharge+1","Turbo","Streamline","Chill+1","Static Discharge","Meteor Strike","Thunder Strike","Biased Cognition","Chaos","Creative AI","Conserve Battery","Thunder Strike","Fission+1","Static Discharge+1","Fission+1","infinitespire:Punishment+1","infinitespire:UltimateForm+1","Gash","Self Repair","Electrodynamics","Echo Form","Seek+1","Creative AI+1","Buffer","Conserve Battery+1","Capacitor+1","Coolheaded+1","Fission+1","infinitespire:Punishment+1","infinitespire:Oblivion+1","Hyperbeam","Aggregate+1"],"relics":["Cracked Core","infinitespire:Golems Mask","hubris:TenFootPole","Dota2Spire:LotusOrb","hubris:Towel","DemoMod:BlueGuonStone","Old Coin","InkBottle","Eternal Feather","Tiny Chest","theSenshi:SuperSailorFukuRelic","hubris:TerracottaHorce","Nuclear Battery","hubris:SphereOfDissonance","Potion Belt","Runesmith:AutoHammer","aspiration:ChemicalBlood","Dota2Spire:ArcaneBoots","Dota2Spire:Desolator","infinitespire:Bottled Soul","MealTicket","Lizard Tail","aspiration:RitualDagger","DemoMod:JetPack","construct:FoamFinger","infinitespire:Beetle Shell","Dota2Spire:HandOfMidas","conspire:Flyswatter","Inserter","DemoMod:ResourcefulSack"],"acts_visited":["Exordium","TheCity","TheBeyond"],"potions_floor_usage":[46],"damage_taken":[{"damage":13.0,"enemies":"Small Slimes","floor":1.0,"turns":3.0},{"damage":0.0,"enemies":"Lagavulin","floor":6.0,"turns":4.0},{"damage":6.0,"enemies":"3 Sentries","floor":8.0,"turns":5.0},{"damage":0.0,"enemies":"Gremlin Nob","floor":10.0,"turns":2.0},{"damage":8.0,"enemies":"Jaw Worm","floor":11.0,"turns":3.0},{"damage":0.0,"enemies":"Lagavulin","floor":12.0,"turns":4.0},{"damage":7.0,"enemies":"Cultist","floor":13.0,"turns":4.0},{"damage":2.0,"enemies":"3 Sentries","floor":14.0,"turns":4.0},{"damage":0.0,"enemies":"Slime Boss","floor":16.0,"turns":4.0},{"damage":3.0,"enemies":"2 Thieves","floor":18.0,"turns":4.0},{"damage":2.0,"enemies":"conspire:FuzzyDice","floor":21.0,"turns":3.0},{"damage":0.0,"enemies":"conspire:SneckoGhost","floor":24.0,"turns":5.0},{"damage":3,"enemies":"Slavers","floor":27,"turns":2},{"damage":0,"enemies":"HollowMod:Nosk","floor":29,"turns":3},{"damage":0,"enemies":"Gremlin Leader","floor":31,"turns":1},{"damage":0,"enemies":"conspire:MysteriousRune","floor":33,"turns":3},{"damage":2,"enemies":"3 Shapes","floor":35,"turns":2},{"damage":1,"enemies":"Orb Walker","floor":38,"turns":2},{"damage":0,"enemies":"Reptomancer","floor":41,"turns":1},{"damage":8,"enemies":"Nemesis","floor":46,"turns":3},{"damage":0,"enemies":"Maw","floor":48,"turns":2},{"damage":13,"enemies":"Awakened One","floor":50,"turns":4}],"seed_played":"6600367423715624578","potions_obtained":[{"floor":1.0,"key":"CalmPotion"},{"floor":8.0,"key":"FocusPotion"},{"floor":13.0,"key":"PowerPotion"},{"floor":16.0,"key":"Block Potion"},{"floor":18.0,"key":"Dexterity Potion"},{"floor":35,"key":"CultistPotion"}],"is_trial":true,"path_per_floor":["M","?","T","$","?","E","R","E","T","E","M","E","M","E","R","B",null,"M","?","AVR","M","$","R","E","R","T","E","$","E","R","E","R","B",null,"M","?","$","M","?","R","E","R","T","T","AVR","E","R","M","R","B",null],"character_chosen":"DEFECT","items_purchased":["Static Discharge","Self Repair","Potion Belt","Runesmith:AutoHammer","infinitespire:Bottled Soul","DemoMod:JetPack","Capacitor"],"campfire_rested":0,"item_purchase_floors":[4,22,22,22,28,37,37],"current_hp_per_floor":[62,59,59,59,59,59,59,53,53,53,45,45,38,36,48,48,68,65,65,65,63,63,75,75,75,75,75,75,75,75,75,75,75,75,73,73,75,75,64,75,75,75,75,75,75,74,75,75,75,69],"gold":212,"neow_bonus":"","is_daily":false,"chose_seed":false,"campfire_upgraded":10,"win_rate":0.0,"timestamp":1609923684,"path_taken":["M","?","?","?","?","E","R","E","T","E","M","E","M","E","R","BOSS","M","?","AVR","M","$","R","E","R","T","E","$","E","R","E","R","BOSS","M","?","$","M","?","R","E","R","T","?","AVR","E","R","M","R","BOSS"],"items_purchased_type":["Card","Card","Relic","Relic","Relic","Relic","Card"],"build_version":"2020-12-22","purchased_purges":0,"victory":true,"max_hp_per_floor":[75,75,75,75,75,75,75,75,75,75,75,75,75,75,75,75,75,75,75,75,75,75,75,75,75,75,75,75,75,75,75,75,75,75,75,75,75,75,75,75,75,75,75,75,75,75,75,75,75,75],"card_choices":[{"not_picked":["Steam","Ball Lightning"],"picked":"Hello World","floor":0.0},{"not_picked":["Rip and Tear","FTL"],"picked":"Gash","floor":0.0},{"not_picked":["Redo","Tempest"],"picked":"Static Discharge","floor":0.0},{"not_picked":["Turbo","Sweeping Beam"],"picked":"Conserve Battery","floor":0.0},{"not_picked":["Steam","Barrage"],"picked":"Compile Driver","floor":0.0},{"not_picked":["Reprogram","Ball Lightning"],"picked":"Chaos","floor":0.0},{"not_picked":["Darkness","conspire:Rain"],"picked":"Skim","floor":0.0},{"not_picked":["Stack","Cold Snap"],"picked":"Coolheaded","floor":0.0},{"not_picked":["Compile Driver","Conserve Battery"],"picked":"White Noise","floor":0.0},{"not_picked":["Fusion","Sweeping Beam"],"picked":"Loop","floor":0.0},{"not_picked":["Sweeping Beam","Compile Driver"],"picked":"aspiration:Polymerization","floor":0.0},{"not_picked":["Stack","Barrage"],"picked":"Turbo","floor":0.0},{"not_picked":["Steam","hubris:Ukulele"],"picked":"Static Discharge","floor":0.0},{"not_picked":["Stack","Conserve Battery"],"picked":"Turbo","floor":0.0},{"not_picked":["Compile Driver","Force Field"],"picked":"Streamline","floor":0.0},{"not_picked":["Steam","Hologram"],"picked":"Chill","floor":1.0},{"not_picked":["hubris:Prefetch","Reboot"],"picked":"Meteor Strike","floor":6.0},{"not_picked":["Rainbow","Multi-Cast"],"picked":"Thunder Strike","floor":8.0},{"not_picked":["Reboot","hubris:Prefetch"],"picked":"Biased Cognition","floor":10.0},{"not_picked":["Melter","Rip and Tear"],"picked":"Chaos","floor":11.0},{"not_picked":["Amplify","All For One"],"picked":"Creative AI","floor":12.0},{"not_picked":["Darkness","Steam Power"],"picked":"Conserve Battery","floor":13.0},{"not_picked":["hubris:Prefetch","Biased Cognition"],"picked":"Thunder Strike","floor":14.0},{"not_picked":["Rainbow","Biased Cognition"],"picked":"Fission","floor":16.0},{"not_picked":["Rebound","Coolheaded"],"picked":"Static Discharge+1","floor":18.0},{"not_picked":["conspire:Rain","Sweeping Beam"],"picked":"Gash","floor":21.0},{"not_picked":["Multi-Cast","Buffer"],"picked":"Electrodynamics","floor":24.0},{"not_picked":["Thunder Strike","Hyperbeam"],"picked":"Echo Form","floor":27},{"not_picked":["hubris:DoWhile","Machine Learning"],"picked":"Seek","floor":29},{"not_picked":["Thunder Strike","Multi-Cast"],"picked":"Creative AI","floor":31},{"not_picked":["Multi-Cast","Amplify"],"picked":"Buffer","floor":33},{"not_picked":["Redo","Undo"],"picked":"Conserve Battery+1","floor":35},{"not_picked":["Ball Lightning+1","Streamline"],"picked":"Coolheaded+1","floor":38},{"not_picked":["hubris:DoWhile","All For One"],"picked":"Fission","floor":41},{"not_picked":["Biased Cognition","Rainbow"],"picked":"Hyperbeam","floor":46},{"not_picked":["Turbo+1","Ball Lightning+1"],"picked":"Aggregate+1","floor":48}],"player_experience":1044042,"relics_obtained":[{"floor":3.0,"key":"Dota2Spire:LotusOrb"},{"floor":6.0,"key":"DemoMod:BlueGuonStone"},{"floor":8.0,"key":"Old Coin"},{"floor":9.0,"key":"InkBottle"},{"floor":10.0,"key":"Eternal Feather"},{"floor":12.0,"key":"Tiny Chest"},{"floor":14.0,"key":"theSenshi:SuperSailorFukuRelic"},{"floor":24.0,"key":"aspiration:ChemicalBlood"},{"floor":26.0,"key":"Dota2Spire:ArcaneBoots"},{"floor":27,"key":"Dota2Spire:Desolator"},{"floor":29,"key":"MealTicket"},{"floor":31,"key":"Lizard Tail"},{"floor":41,"key":"construct:FoamFinger"},{"floor":43,"key":"infinitespire:Beetle Shell"},{"floor":44,"key":"Dota2Spire:HandOfMidas"},{"floor":46,"key":"DemoMod:ResourcefulSack"}],"event_choices":[{"damage_healed":0.0,"max_hp_gain":0.0,"max_hp_loss":0.0,"gold_gain":0.0,"event_name":"betterThird:BetterScrap","player_choice":"Relic ","floor":2.0,"gold_loss":0.0,"damage_taken":3.0,"cards_obtained":["WreathOfFlame"]},{"damage_healed":0.0,"max_hp_gain":0.0,"max_hp_loss":0.0,"gold_gain":0.0,"event_name":"Duplicator","player_choice":"Copied","floor":19.0,"gold_loss":0.0,"damage_taken":0.0,"cards_obtained":["Fission"]}],"is_beta":false,"boss_relics":[{"not_picked":["hubris:Backtick","FrozenCore"],"picked":"hubris:TerracottaHorce"},{"not_picked":["Runic Dome","hubris:HollowSoul"],"picked":"aspiration:RitualDagger"}],"items_purged_floors":[],"is_endless":false,"potions_floor_spawned":[1,8,13,16,18,35],"ascension_level":1}}