{"host":"2i0myh7fqij2ti1z","time":1609941807,"event":{"mods":["Aspiration","BaseMod","Better Third Choice","Colored Powertips","FoggyMod","Highlight Path","Minty Spire (QoL Compilation)","Permanent Neow","Quick Restart","Random Character Button","Random Character Mod","Relic Sorter","Replay The Spire","Shop Mod","Spicy Shops","StSLib","Transform Curses","Wandering Minibosses","vexMod"],"gold_per_floor":[153,153,153,8659,8659,8758,8818,8905,8905,8824,8875,8962,8166,8208,8208,8502,8502,8538,8538,8035,8035,8035,8137,8137,8179,8179,8272,8351,8438,7794,7893,7893,8187,8187,8244,0,9316,9316,9370,9454,9454],"floor_reached":40,"playtime":2383,"items_purged":["Defend_R","Defend_R","Strike_R","Defend_R","Strike_R","Strike_R","Writhe"],"score":1379,"play_id":"d8572826-f33e-4fad-b7ff-7ec7240ad203","local_time":"20210106220327","daily_mods":["Cursed Run","Colorless Cards","Midas"],"is_ascension_mode":true,"campfire_choices":[],"circlet_count":0,"master_deck":["Uppercut+1","Regret","ReplayTheSpireMod:Brewmster+1","Barricade+1","ReplayTheSpireMod:Faulty Equipment+1","Body Slam+1","ReplayTheSpireMod:IOU","ReplayTheSpireMod:Brewmster+1","ReplayTheSpireMod:Brewmster+1","Delirium","ReplayUltimateDefense+1","Sickly","Metallicize+1","Pain","Injury","Fire Breathing+1","Pain"],"relics":["Cursed Key","Darkstone Periapt","Du-Vu Doll","Ring of Chaos","Oddly Smooth Stone","Akabeko","Quantum Egg","Replay:Rubber Ducky","Pondfish Scales","ReplayFunnel","TheAbacus","Lee\u0027s Waffle","aspiration:HiddenCompartment","Orichalcum","Meat on the Bone","Golden Egg","Gremlin Horn","Membership Card","vexMod:RetaliationKit","Bottled Lightning","aspiration:Lifesprig","Guide Book","Coffee Dripper","wanderingMiniBosses:Inkheart","Frozen Eye","Centennial Puzzle","Red Skull","Bag of Preparation","DollysMirror","Replay:Baseball","Ginger","BranchBurnRelic","aspiration:SeaSaltIceCream","wanderingMiniBosses:Blackblade","MealTicket","vexMod:InvisibilityCloak","Tiny Chest","Onion Ring","Pantograph","HandDrill","vexMod:TimeEaterHat","Pen Nib","Simple Rune","Ice Cream","Kintsugi","Red Mask","Blue Candle","Medical Kit","vexMod:MemoryStick","Pet Ghost","Replay:Towering Pillar of Hats","vexMod:PaidLearning","Spirit Poop","Replay:Bandana","Ancient Tea Set"],"acts_visited":["Exordium","TheCity","TheBeyond"],"potions_floor_usage":[23,23,23,23,25,25,27,27,31,31,31,31,33,33,33,33,33,33,33,40,40],"damage_taken":[{"damage":0.0,"enemies":"Cultist","floor":1.0,"turns":2.0},{"damage":9.0,"enemies":"Gremlin Nob","floor":6.0,"turns":4.0},{"damage":0.0,"enemies":"2 Louse","floor":7.0,"turns":2.0},{"damage":0.0,"enemies":"Lagavulin","floor":8.0,"turns":5.0},{"damage":0.0,"enemies":"Jaw Worm","floor":11.0,"turns":2.0},{"damage":0.0,"enemies":"Gremlin Nob","floor":12.0,"turns":3.0},{"damage":3.0,"enemies":"Exordium Wildlife","floor":14.0,"turns":4.0},{"damage":19.0,"enemies":"Fading Forest","floor":16.0,"turns":9.0},{"damage":2,"enemies":"Chosen","floor":18,"turns":4},{"damage":0,"enemies":"Book of Stabbing","floor":23,"turns":3},{"damage":0,"enemies":"2 Thieves","floor":25,"turns":3},{"damage":2,"enemies":"Gremlin Leader","floor":27,"turns":4},{"damage":5,"enemies":"Book of Stabbing","floor":29,"turns":3},{"damage":6,"enemies":"Gremlin Leader","floor":31,"turns":3},{"damage":17,"enemies":"Pondfish","floor":33,"turns":6},{"damage":9,"enemies":"Orb Walker","floor":35,"turns":5},{"damage":19,"enemies":"R_Hoarder","floor":40,"turns":5}],"seed_played":"2294745163955005538","potions_obtained":[{"floor":1.0,"key":"LiquidBronze"},{"floor":7.0,"key":"Elixir"},{"floor":27,"key":"DuplicationPotion"}],"is_trial":true,"path_per_floor":["M","?","?","$","?","E","M","E","T","?","M","E","$","M","R","B",null,"M","?","$","?","?","E","R","M","T","E","T","E","$","E","R","B",null,"M","?","$","?","T","E"],"character_chosen":"IRONCLAD","items_purchased":["Quantum Egg","Replay:Rubber Ducky","Pondfish Scales","ReplayFunnel","TheAbacus","Lee\u0027s Waffle","ReplayTheSpireMod:Brewmster","Membership Card","vexMod:RetaliationKit","Bottled Lightning","aspiration:Lifesprig","Dead Branch","Guide Book","Frozen Eye","Centennial Puzzle","Red Skull","Bag of Preparation","DollysMirror","Replay:Baseball","Onion Ring","Pantograph","HandDrill","vexMod:TimeEaterHat","Metallicize","Pen Nib","Simple Rune","Blue Candle","Medical Kit","vexMod:MemoryStick","Pet Ghost","Replay:Towering Pillar of Hats","vexMod:PaidLearning"],"campfire_rested":0,"item_purchase_floors":[4,4,4,4,4,4,4,13,13,13,13,13,13,20,20,20,20,20,20,30,30,30,30,30,30,30,37,37,37,37,37,37],"current_hp_per_floor":[80,59,65,93,93,84,84,84,90,90,90,90,90,87,99,86,105,103,103,103,82,82,82,82,91,97,95,101,96,117,111,111,125,146,137,137,146,146,152,133,133],"gold":9454,"neow_bonus":"","is_daily":false,"chose_seed":false,"campfire_upgraded":0,"win_rate":0.0,"timestamp":1609941807,"path_taken":["M","?","?","$","?","E","?","E","T","?","?","E","?","?","R","BOSS","M","?","$","?","?","E","R","?","T","E","?","E","?","E","R","BOSS","M","?","$","?","?","E"],"items_purchased_type":["Relic","Relic","Relic","Relic","Relic","Relic","Card","Relic","Relic","Relic","Relic","Relic","Relic","Relic","Relic","Relic","Relic","Relic","Relic","Relic","Relic","Relic","Relic","Card","Relic","Relic","Relic","Relic","Relic","Relic","Relic","Relic"],"build_version":"2020-12-22","purchased_purges":7,"victory":false,"max_hp_per_floor":[80,80,86,93,93,93,93,93,99,99,99,99,99,99,99,105,105,105,105,105,110,110,110,110,110,116,116,122,122,128,128,128,134,146,146,146,146,146,152,152,152],"card_choices":[{"not_picked":["Headbutt","Pommel Strike"],"picked":"Uppercut","floor":1.0},{"not_picked":["True Grit","PanicButton","Searing Blow"],"picked":"SKIP","floor":6.0},{"not_picked":["Seeing Red","ReplayTheSpireMod:Strike From Hell"],"picked":"Barricade","floor":7.0},{"not_picked":["Iron Wave","Chrysalis","Cleave"],"picked":"SKIP","floor":8.0},{"not_picked":["Shrug It Off","Headbutt","Whirlwind"],"picked":"SKIP","floor":11.0},{"not_picked":["Dark Embrace","Run Through","Impervious"],"picked":"SKIP","floor":12.0},{"not_picked":["Clothesline","Run Through"],"picked":"Body Slam","floor":14.0},{"not_picked":["Pommel Strike","Warcry","Anger+1"],"picked":"SKIP","floor":18},{"not_picked":["Burning Pact","Flash of Steel","Run Through"],"picked":"SKIP","floor":23},{"not_picked":["Anger","Dark Shackles+1","Sword Boomerang+1"],"picked":"SKIP","floor":25},{"not_picked":["Disarm","Heavy Blade"],"picked":"ReplayUltimateDefense","floor":27},{"not_picked":["Flame Barrier","Clothesline","Wild Strike"],"picked":"SKIP","floor":29},{"not_picked":["Pommel Strike","Evolve","Perfected Strike"],"picked":"SKIP","floor":31},{"not_picked":["Twin Strike+1","Feel No Pain"],"picked":"Fire Breathing","floor":35},{"not_picked":["Sword Boomerang","Abandon+1","Thunderclap"],"picked":"SKIP","floor":40}],"player_experience":206512,"relics_obtained":[{"floor":6.0,"key":"aspiration:HiddenCompartment"},{"floor":8.0,"key":"Orichalcum"},{"floor":9.0,"key":"Meat on the Bone"},{"floor":12.0,"key":"Gremlin Horn"},{"floor":18,"key":"wanderingMiniBosses:Inkheart"},{"floor":23,"key":"Ginger"},{"floor":26,"key":"aspiration:SeaSaltIceCream"},{"floor":27,"key":"MealTicket"},{"floor":28,"key":"vexMod:InvisibilityCloak"},{"floor":29,"key":"Tiny Chest"},{"floor":31,"key":"Ice Cream"},{"floor":39,"key":"Replay:Bandana"},{"floor":40,"key":"Ancient Tea Set"}],"event_choices":[{"damage_healed":0.0,"max_hp_gain":0.0,"max_hp_loss":0.0,"gold_gain":0.0,"event_name":"Big Fish","player_choice":"Box","floor":3.0,"gold_loss":0.0,"damage_taken":0.0,"relics_obtained":["Akabeko"],"cards_obtained":["Regret"]},{"damage_healed":0.0,"max_hp_gain":0.0,"max_hp_loss":0.0,"gold_gain":0.0,"event_name":"Living Wall","player_choice":"Grow","floor":5.0,"gold_loss":0.0,"damage_taken":0.0,"cards_upgraded":["ReplayTheSpireMod:Brewmster"]},{"damage_healed":0.0,"max_hp_gain":0.0,"max_hp_loss":0.0,"gold_gain":0.0,"event_name":"WeMeetAgain","player_choice":"Paid Gold","floor":10.0,"gold_loss":81.0,"damage_taken":0.0,"relics_obtained":["Golden Egg"]},{"cards_removed":["Defend_R"],"damage_healed":0,"gold_gain":0,"player_choice":"Elegance","damage_taken":0,"max_hp_gain":0,"max_hp_loss":0,"event_name":"betterThird:BetterWriting","floor":19,"gold_loss":0},{"damage_healed":0,"gold_gain":0,"player_choice":"Shed Blood","damage_taken":26,"max_hp_gain":5,"max_hp_loss":0,"event_name":"Forgotten Altar","floor":21,"gold_loss":0},{"damage_healed":0,"gold_gain":0,"player_choice":"Copied","damage_taken":0,"max_hp_gain":0,"max_hp_loss":0,"event_name":"Duplicator","floor":22,"gold_loss":0,"cards_obtained":["ReplayTheSpireMod:Brewmster"]},{"damage_healed":0,"gold_gain":0,"player_choice":"Paid","damage_taken":0,"relics_obtained":["Red Mask"],"max_hp_gain":0,"max_hp_loss":0,"event_name":"Tomb of Lord Red Mask","floor":36,"gold_loss":8244},{"cards_removed":["Overencumbered"],"damage_healed":0,"gold_gain":0,"player_choice":"Offered Curse","damage_taken":0,"relics_obtained":["Spirit Poop"],"max_hp_gain":0,"max_hp_loss":0,"event_name":"Bonfire Elementals","floor":38,"gold_loss":0}],"is_beta":false,"boss_relics":[{"not_picked":["Ring of Chaos","Runic Pyramid"],"picked":"Coffee Dripper"},{"not_picked":["Runic Dome","vexMod:TanglingVine"],"picked":"Kintsugi"}],"items_purged_floors":[4,4,13,13,20,30,37],"is_endless":false,"potions_floor_spawned":[1,7,11,14,18,27],"killed_by":"R_Hoarder","ascension_level":1}}