{"host":"7rmsgc3rayi00cdt","time":1609955104,"event":{"mods":["BaseMod","Minty Spire (QoL Compilation)"],"gold_per_floor":[109,384,399,418,431,431,457,457,482,482,496,509,523,82,82,82,82],"floor_reached":16,"playtime":587,"items_purged":["Regret"],"score":208,"play_id":"bb25df26-129a-49a4-961e-5428add0b119","local_time":"20210106174504","is_ascension_mode":true,"campfire_choices":[{"floor":6,"key":"REST"},{"floor":8,"key":"REST"},{"floor":10,"key":"REST"},{"floor":15,"key":"REST"}],"circlet_count":0,"master_deck":["AscendersBane","Strike_G","Strike_G","Strike_G","Strike_G","Strike_G","Defend_G","Defend_G","Defend_G","Defend_G","Defend_G","Survivor","Neutralize","Backflip","Predator","Poisoned Stab","Prepared","Caltrops","Crippling Poison","Backflip","Footwork","Cloak And Dagger"],"relics":["Ring of the Snake","Toy Ornithopter","Boot","Thread and Needle"],"acts_visited":["Exordium"],"potions_floor_usage":[7,12,16,16],"damage_taken":[{"damage":0,"enemies":"2 Louse","floor":1,"turns":5},{"damage":17,"enemies":"Cultist","floor":3,"turns":6},{"damage":11,"enemies":"Jaw Worm","floor":4,"turns":6},{"damage":13,"enemies":"Blue Slaver","floor":5,"turns":4},{"damage":43,"enemies":"Gremlin Nob","floor":7,"turns":6},{"damage":9,"enemies":"Exordium Wildlife","floor":11,"turns":5},{"damage":22,"enemies":"Gremlin Gang","floor":12,"turns":5},{"damage":11,"enemies":"2 Fungi Beasts","floor":13,"turns":4},{"damage":42,"enemies":"Slime Boss","floor":16,"turns":9}],"seed_played":"3949273297237287405","potions_obtained":[{"floor":3,"key":"Block Potion"},{"floor":5,"key":"SpeedPotion"},{"floor":11,"key":"DistilledChaos"},{"floor":13,"key":"AttackPotion"}],"is_trial":false,"path_per_floor":["M","?","M","M","M","R","E","R","T","R","M","M","M","$","R","B"],"character_chosen":"THE_SILENT","items_purchased":["Thread and Needle","Cloak And Dagger"],"campfire_rested":4,"item_purchase_floors":[14,14],"current_hp_per_floor":[65,65,48,37,24,45,2,23,23,44,35,18,7,7,28,0,0],"gold":82,"neow_bonus":"TEN_PERCENT_HP_BONUS","is_daily":false,"chose_seed":false,"campfire_upgraded":0,"win_rate":0.0,"timestamp":1609955104,"path_taken":["M","?","M","M","?","R","E","R","T","R","M","M","?","$","R","BOSS"],"items_purchased_type":["Relic","Card"],"build_version":"2020-12-22","purchased_purges":1,"victory":false,"max_hp_per_floor":[72,72,72,72,72,72,72,72,72,72,72,72,72,72,72,72,72],"card_choices":[{"not_picked":["Poisoned Stab","Underhanded Strike"],"picked":"Backflip","floor":1},{"not_picked":["Well Laid Plans","Quick Slash"],"picked":"Predator","floor":3},{"not_picked":["Concentrate","Quick Slash"],"picked":"Poisoned Stab","floor":4},{"not_picked":["Acrobatics","Tactician"],"picked":"Prepared","floor":5},{"not_picked":["Dagger Spray","Quick Slash"],"picked":"Caltrops","floor":7},{"not_picked":["Concentrate","Deflect"],"picked":"Crippling Poison","floor":11},{"not_picked":["Corpse Explosion","Concentrate"],"picked":"Backflip","floor":12},{"not_picked":["Caltrops","PiercingWail"],"picked":"Footwork","floor":13}],"player_experience":751010,"relics_obtained":[{"floor":7,"key":"Toy Ornithopter"},{"floor":9,"key":"Boot"}],"event_choices":[{"damage_healed":0,"gold_gain":275,"player_choice":"Desecrate","damage_taken":0,"max_hp_gain":0,"max_hp_loss":0,"event_name":"Golden Shrine","floor":2,"gold_loss":0,"cards_obtained":["Regret"]}],"is_beta":false,"boss_relics":[],"items_purged_floors":[14],"is_endless":false,"potions_floor_spawned":[3,5,11,13],"killed_by":"Slime Boss","ascension_level":20}}