{"host":"8fjsnt81u6xsmhji","time":1609920412,"event":{"mods":["BaseMod","Beaked The Cultist","Colored Powertips","Downfall","Glutton Mod","Hermit","Minty Spire (QoL Compilation)","Quick Restart","StSLib","The Bug Knight","The Forsaken","The Hierophant","The Runesmith"],"gold_per_floor":[99,113,124,135,147,247,247,263,282,316,241,270,270,305,323,425,425,425,445,464,481,496,496,496,496],"floor_reached":23,"playtime":1129,"items_purged":[],"score":239,"play_id":"0c397344-ecc7-4ac5-a077-bbdbcc86326e","local_time":"20210106020652","is_ascension_mode":true,"campfire_choices":[{"floor":1.0,"key":"RECALL"},{"floor":11,"key":"REST"},{"data":"Slimebound:Replication","floor":13,"key":"SMITH"},{"data":"Slimebound:Gluttony","floor":18,"key":"SMITH"}],"circlet_count":0,"master_deck":["Slimebound:Strike_Slimebound","Slimebound:Strike_Slimebound","Slimebound:Strike_Slimebound","Slimebound:Tackle","Slimebound:Defend_Slimebound","Slimebound:Defend_Slimebound","Slimebound:Defend_Slimebound","Slimebound:Defend_Slimebound","Slimebound:Split","Slimebound:CorrosiveSpit","Slimebound:Prepare","Slimebound:SplitBruiser","Slimebound:FirmFortitude","Slimebound:ForwardTackle","Slimebound:LeechLife","Slimebound:DisruptingSlam","Slimebound:Schlurp","Slimebound:Replication+1","Slimebound:Gluttony+1","Slimebound:MegaLick","Slimebound:HungryTackle","Slimebound:LeechLife","CurseOfTheBell","Slimebound:TongueLash","Slimebound:ViciousTackle","Slimebound:SplitLeeching+1","Slimebound:SplitMire+1"],"relics":["Slimebound:AbsorbEndCombat","beaked:ShinyBauble","Oddly Smooth Stone","downfall:HeartBlessingRed","Pen Nib","Ornamental Fan","Calling Bell","PreservedInsect","Sundial","Ginger"],"acts_visited":["Exordium","TheCity"],"potions_floor_usage":[12,12,14,16,19,23,23],"damage_taken":[{"damage":10,"enemies":"Small Slimes","floor":2,"turns":3},{"damage":8,"enemies":"2 Louse","floor":3,"turns":2},{"damage":10,"enemies":"Jaw Worm","floor":4,"turns":3},{"damage":9,"enemies":"2 Fungi Beasts","floor":5,"turns":3},{"damage":5,"enemies":"Exordium Wildlife","floor":8,"turns":3},{"damage":19,"enemies":"2 Fungi Beasts","floor":9,"turns":3},{"damage":25,"enemies":"Gremlin Nob","floor":10,"turns":4},{"damage":17,"enemies":"3 Sentries","floor":12,"turns":3},{"damage":24,"enemies":"Lagavulin","floor":14,"turns":6},{"damage":10,"enemies":"Gremlin Gang","floor":15,"turns":3},{"damage":75,"enemies":"downfall:Ironclad","floor":16,"turns":7},{"damage":23,"enemies":"Shell Parasite","floor":19,"turns":4},{"damage":42,"enemies":"Chosen","floor":20,"turns":5},{"damage":29,"enemies":"Snake Plant","floor":21,"turns":4},{"damage":44,"enemies":"Chosen and Byrds","floor":22,"turns":7},{"damage":24,"enemies":"Sentry and Sphere","floor":23,"turns":3}],"seed_played":"-5410186759297382142","potions_obtained":[{"floor":3,"key":"SneckoOil"},{"floor":5,"key":"Explosive Potion"},{"floor":9,"key":"BlessingOfTheForge"},{"floor":12,"key":"sneckomod:MuddlingPotion"},{"floor":14,"key":"DistilledChaos"},{"floor":21,"key":"DistilledChaos"},{"floor":22,"key":"hexamod:EctoCoolerPotion"}],"is_trial":false,"path_per_floor":["R","M","M","M","M","?","T","M","M","E","R","E","R","E","M","B",null,"R","M","M","M","M","M"],"character_chosen":"SLIMEBOUND","items_purchased":[],"campfire_rested":1,"item_purchase_floors":[],"current_hp_per_floor":[60,56,58,58,58,58,58,60,51,32,50,51,51,60,58,25,60,60,53,37,34,24,0,0,0],"gold":496,"neow_bonus":"THREE_CARDS","is_daily":false,"chose_seed":false,"campfire_upgraded":2,"win_rate":0.0,"timestamp":1609920412,"path_taken":["R","M","M","M","M","?","T","M","M","E","R","E","R","E","M","BOSS","R","M","M","M","M","M"],"items_purchased_type":[],"build_version":"2020-12-22","purchased_purges":0,"victory":false,"max_hp_per_floor":[60,60,60,60,60,60,60,60,60,60,60,60,60,60,60,60,60,60,60,60,60,60,60,60,60],"card_choices":[{"not_picked":["Slimebound:AcidTongue","Slimebound:SlimeBrawl"],"picked":"Slimebound:Prepare","floor":0.0},{"not_picked":["Slimebound:ViciousTackle","Slimebound:GoopSpray"],"picked":"Slimebound:SplitBruiser","floor":2},{"not_picked":["Slimebound:ProtectTheBoss","Slimebound:SlimeBarrage"],"picked":"Slimebound:FirmFortitude","floor":3},{"not_picked":["Slimebound:ViciousTackle","Slimebound:TongueLash"],"picked":"Slimebound:ForwardTackle","floor":4},{"not_picked":["Slimebound:SamplingLick","Slimebound:GoopSpray"],"picked":"Slimebound:LeechLife","floor":5},{"not_picked":["Slimebound:ForwardTackle","Slimebound:SlimeBarrage"],"picked":"Slimebound:DisruptingSlam","floor":8},{"not_picked":["Slimebound:SlimeTap","Slimebound:GoopTackle"],"picked":"Slimebound:Schlurp","floor":9},{"not_picked":["Slimebound:ItLooksTasty","Slimebound:SlimeSpikes"],"picked":"Slimebound:Replication","floor":10},{"not_picked":["Slimebound:Schlurp","Slimebound:SplitBruiser"],"picked":"Slimebound:Gluttony","floor":12},{"not_picked":["Slimebound:ComboTackle","Slimebound:Chomp"],"picked":"Slimebound:MegaLick","floor":14},{"not_picked":["Slimebound:LeechingTouch","Slimebound:Schlurp"],"picked":"Slimebound:HungryTackle","floor":15},{"not_picked":["Slimebound:RallyTheTroops","Slimebound:Teamwork"],"picked":"Slimebound:LeechLife","floor":16},{"not_picked":["Slimebound:PressTheAttack","Slimebound:Replication"],"picked":"Slimebound:TongueLash","floor":19},{"not_picked":["Slimebound:SplitAcid","Slimebound:ComboTackle"],"picked":"Slimebound:ViciousTackle","floor":20},{"not_picked":["Slimebound:FlameTackle+1","Slimebound:ViciousTackle"],"picked":"Slimebound:SplitLeeching+1","floor":21},{"not_picked":["Slimebound:FinishingTackle+1","Slimebound:GrowthPunch"],"picked":"Slimebound:SplitMire+1","floor":22}],"player_experience":712531,"relics_obtained":[{"floor":7,"key":"beaked:ShinyBauble"},{"floor":10,"key":"Oddly Smooth Stone"},{"floor":12,"key":"Pen Nib"},{"floor":14,"key":"Ornamental Fan"},{"floor":17,"key":"PreservedInsect"},{"floor":17,"key":"Sundial"},{"floor":17,"key":"Ginger"}],"event_choices":[],"is_beta":false,"boss_relics":[{"not_picked":["Velvet Choker","Slimebound:TarBlob"],"picked":"Calling Bell"}],"items_purged_floors":[],"is_endless":false,"potions_floor_spawned":[3,5,9,12,14,21,22],"killed_by":"Sentry and Sphere","ascension_level":2}}