{"host":"ika5blmljv34vrx1","time":1609961944,"event":{"mods":["AchievementEnabler","Act Like it!","Aspiration","BaseMod","CapriCore","Challenge The Spire","Conspire","Gensokyo","Gold Saver","Grow up Mod","KinomotoSakuraMod(ƒæ÷Æ±æ”£)","Koishi","Marisa£®ÏF”Í°°ƒß¿Ì…≥£©","Minty Spire (QoL Compilation)","Pale of the Ancients","Quick Restart","Reimu£®≤©¿ˆ¡È√Œ£©","Remilia£®¿Ÿ√◊¿Ú—«£©","Remove Card Discount Mod","Replay The Spire","StSLib","The Immortal","Yakumo Yukari mod"],"gold_per_floor":[137,37,81,98,21,50,77,77,77,110,43,71,71,88,88,166,166,178,128,140,540,555,555,555,589,589,589,619,619,139,1504,1504,2602,2602,2619,2619,2107,2107,2107,2135,2135,2135,2181,2222,2234,2263,2275,2287,2299,2311,2323,2355,2385,2418,2125,2125,2105,2105,1658,1658,1658],"floor_reached":62,"playtime":3938,"items_purged":["Worldmountain_purple","Anti_communist_purple","EighthInstrument_OneDividesIntoTwo_purple","MeetDecomposer_purple","PositiveMatter_Antimatter_Universe_purple","Shame","Charmbait_purple","Gensokyo:MonkeysPaw","Theboundaryofcreation_purpleEX+1"],"score":3572,"play_id":"188352b2-4fd3-4a66-9a36-6dbb3a449c0d","local_time":"20210107033904","daily_mods":["SealedDeck","Vintage","Heirloom","Time Dilation","Flight"],"is_ascension_mode":true,"campfire_choices":[{"floor":8.0,"key":"RECALL"},{"data":"DimensionStaggered_purple","floor":15.0,"key":"SMITH"},{"data":"Monsters_DoubleDeathButterfly_purple","floor":23.0,"key":"SMITH"},{"data":"WingOfChimera_purple","floor":27.0,"key":"SMITH"},{"data":"CommonSense_AntiCommonSense_purple","floor":29.0,"key":"SMITH"},{"data":"Erosivefilter_purple","floor":32.0,"key":"SMITH"},{"data":"Gensokyo:PrivateSquare","floor":41,"key":"SMITH"},{"data":"Bait_Toxicbait_purple","floor":42,"key":"SMITH"},{"data":"WorldDissolvedintheRealm_purple","floor":49,"key":"SMITH"},{"data":"WeekHit_purple","floor":56,"key":"SMITH"},{"floor":58,"key":"REST"}],"circlet_count":0,"master_deck":["AscendersBane","Erosivefilter_purple+1","WorldDissolvedintheRealm_purple+1","WeekHit_purple+1","WingOfChimera_purple+1","CommonSense_AntiCommonSense_purple+1","Bait_Toxicbait_purple+1","DimensionStaggered_purple+1","Monsters_DoubleDeathButterfly_purple+1","LoveAcrossDimensions_purple+1","Gensokyo:PrivateSquare+1"],"relics":["Boundary_crack","Memoryfragments_purpleEX","aspiration:AnachronicSnailShell","Shuriken","Mirror","aspiration:FrozenJewel","aspiration:ArtOfWarUpgrade","Mango","Gremlin Horn","Du-Vu Doll","Bottled Lightning","CaptainsWheel","SlaversCollar","Molten Egg 2","Golden Egg","HornCleat","Gensokyo:ConquerorOfFear","Akabeko","aspiration:SeaSaltIceCream","Gremlin Horn","Replay:Ringing Soul","HandDrill","aspiration:RandomNobGenerator","Quantum Egg","Replay:Baseball","Gensokyo:EmptyGrave","Medical Kit","Sling","TheEssenceOfRealm","conspire:TopHat","MawBank","Replay:Bottled Steam","conspire:DecoderRing","Turnip","conspire:GiftBox","paleoftheancients:Timepiece","paleoftheancients:KeyRelic","Oddly Smooth Stone","Pantograph","Antimatter_spacedebris","paleoftheancients:SoulOfTheThorton","Snack Pack","ReplayTheSpireMod:CursedCoin","Pet Ghost","Bottled Flame","conspire:DeflatedDodgeball","TheAbacus"],"acts_visited":["Exordium","Gensokyo:Gensokyo","Gensokyo:Gensokyoer","Gensokyo:Gensokyoest"],"potions_floor_usage":[57,57,61,61],"damage_taken":[{"damage":0.0,"enemies":"Gensokyo:Gryphon","floor":1.0,"turns":3.0},{"damage":0.0,"enemies":"Gensokyo:3_Fairies","floor":4.0,"turns":3.0},{"damage":29.0,"enemies":"Gensokyo:Mamizou","floor":6.0,"turns":7.0},{"damage":22.0,"enemies":"Gensokyo:Cirno","floor":7.0,"turns":5.0},{"damage":8.0,"enemies":"conspire:MimicChest","floor":10.0,"turns":4.0},{"damage":32.0,"enemies":"Gensokyo:Mamizou","floor":12.0,"turns":6.0},{"damage":0.0,"enemies":"Gensokyo:2_Kodama","floor":14.0,"turns":1.0},{"damage":0.0,"enemies":"Gensokyo:Yukari","floor":16.0,"turns":7.0},{"damage":0.0,"enemies":"Gensokyo:AngelMirror","floor":18.0,"turns":2.0},{"damage":0.0,"enemies":"Gensokyo:3_Dogs","floor":20.0,"turns":2.0},{"damage":0.0,"enemies":"Gensokyo:3_Gloops","floor":22.0,"turns":2.0},{"damage":101.0,"enemies":"Gensokyo:Reisen","floor":25.0,"turns":4.0},{"damage":9.0,"enemies":"Gensokyo:Tenshi","floor":28.0,"turns":3.0},{"damage":135.0,"enemies":"Gensokyo:Slime_Group","floor":31.0,"turns":2.0},{"damage":108.0,"enemies":"Gensokyo:Kaguya","floor":33.0,"turns":6.0},{"damage":0,"enemies":"Gensokyo:AncientGuardian","floor":35,"turns":4},{"damage":0,"enemies":"Gensokyo:Doremy","floor":40,"turns":5},{"damage":0,"enemies":"Gensokyo:Marisa","floor":44,"turns":4},{"damage":0,"enemies":"Gensokyo:3_Bats","floor":46,"turns":3},{"damage":0,"enemies":"Gensokyo:Yuyuko","floor":50,"turns":5},{"damage":0,"enemies":"Gensokyo:Shinki","floor":51,"turns":6},{"damage":0,"enemies":"Gensokyo:Shinki","floor":52,"turns":6},{"damage":0,"enemies":"Gensokyo:Shinki","floor":53,"turns":5},{"damage":0,"enemies":"paleoftheancients:Thorton1","floor":54,"turns":1},{"damage":2086,"enemies":"paleoftheancients:Thorton1","floor":57,"turns":10},{"damage":96,"enemies":"paleoftheancients:N","floor":61,"turns":11}],"seed_played":"-8182817843678388719","potions_obtained":[{"floor":3.0,"key":"conspire:TimeTravelPotion"},{"floor":4.0,"key":"SteroidPotion"},{"floor":7.0,"key":"EntropicBrew"}],"is_trial":true,"path_per_floor":["M","?","?","M","COS","E","E","R","T","?","$","E","?","M","R","B",null,"M","?","M","?","M","R","?","E","T","R","E","R","COS","M","R","B",null,"M","?","COS","?","?","E","R","R","T","E","R","M","R","?","R","B","B","M","M","M","$","R","M","R","$","?","B",null],"character_chosen":"Youkari","items_purchased":["DimensionStaggered_purple","ReplayTheSpireMod:CursedCoin","Pet Ghost","Bottled Flame","conspire:DeflatedDodgeball","TheAbacus"],"campfire_rested":1,"item_purchase_floors":[11,55,55,55,59,59],"current_hp_per_floor":[79,89,69,80,90,75,78,88,98,100,110,88,88,98,108,120,227,239,256,268,278,288,298,308,223,233,243,247,257,270,148,158,70,352,362,372,385,398,456,466,476,486,496,506,516,526,536,278,288,300,541,591,627,637,650,660,674,684,694,704,672],"gold":1658,"neow_bonus":"","is_daily":false,"chose_seed":false,"campfire_upgraded":9,"win_rate":0.0,"timestamp":1609961944,"path_taken":["M","?","?","?","COS","E","E","R","T","?","?","E","?","?","R","BOSS","M","?","?","?","?","R","?","E","T","R","E","R","COS","?","R","BOSS","M","?","COS","?","?","E","R","R","T","E","R","?","R","?","R","BOSS","BOSS","M","M","?","$","R","M","R","$","?","BOSS"],"items_purchased_type":["Card","Relic","Relic","Relic","Relic","Relic"],"build_version":"2020-12-22","purchased_purges":9,"victory":true,"max_hp_per_floor":[85,95,105,115,125,135,159,169,179,189,199,209,219,229,239,249,259,269,286,296,306,316,326,336,346,356,366,376,386,399,409,419,432,442,452,417,430,443,456,466,476,486,496,506,516,526,536,546,556,569,607,617,627,637,650,660,674,684,694,704,714],"card_choices":[{"not_picked":["Worldmountain_purple","Boundary_DreamRealityDamnation_purple"],"picked":"CommonSense_AntiCommonSense_purple","floor":3.0},{"not_picked":["Umbrella_purple","SfantasyHide_purple","RuptureOfTimeAndSpace_purple"],"picked":"SKIP","floor":6.0},{"not_picked":["MetroBOOM_purple","WingOfChimera_purple","WeekHit_purple"],"picked":"SKIP","floor":7.0},{"not_picked":["StateDuplicate_purple","Line_surface_state_purple"],"picked":"Bait_Toxicbait_purple","floor":10.0},{"not_picked":["OmniscientAndOmnipotent_Monster_purple","SfantasyHide_purple","Erosivefilter_purple"],"picked":"SKIP","floor":12.0},{"not_picked":["GluttonyofRealm_purpleEX","Know_ledgeAbilityRealm_purple"],"picked":"Monsters_DoubleDeathButterfly_purple","floor":16.0},{"not_picked":["MetroBOOM_purple+1","Line_surface_state_purple","ButterflyHabitatTemple_purple"],"picked":"SKIP","floor":25.0},{"not_picked":["Worldmountain_purple+1","Extrememeaning_purpleEX","StateDuplicate_purple"],"picked":"SKIP","floor":28.0},{"not_picked":["Fancifulhole_purple+1","Price_of_realm_purpleEX"],"picked":"LoveAcrossDimensions_purple","floor":33.0},{"not_picked":["Mirror_FormAndEmptin_purple+1","DimensionStaggered_purple","Extrememeaning_purpleEX"],"picked":"SKIP","floor":40},{"not_picked":["OmniscientAndOmnipotent_Monster_purple+1","RuleDissolution_purple","DarkRealmRedLine_purple+1"],"picked":"SKIP","floor":44},{"not_picked":["Mirror_TwoAndThreeElementRealm_purple","MagicEyes_LaplaceDemon_purple"],"picked":"Theboundaryofcreation_purpleEX","floor":50}],"player_experience":2059928,"relics_obtained":[{"floor":1.0,"key":"aspiration:AnachronicSnailShell"},{"floor":3.0,"key":"Mirror"},{"floor":4.0,"key":"aspiration:FrozenJewel"},{"floor":6.0,"key":"Art of War"},{"floor":7.0,"key":"Mango"},{"floor":10.0,"key":"Gremlin Horn"},{"floor":12.0,"key":"Bottled Lightning"},{"floor":14.0,"key":"CaptainsWheel"},{"floor":18.0,"key":"Molten Egg 2"},{"floor":20.0,"key":"Golden Egg"},{"floor":22.0,"key":"HornCleat"},{"floor":25.0,"key":"Gensokyo:ConquerorOfFear"},{"floor":25.0,"key":"Akabeko"},{"floor":26.0,"key":"aspiration:SeaSaltIceCream"},{"floor":28.0,"key":"Replay:Ringing Soul"},{"floor":35,"key":"Replay:Baseball"},{"floor":40,"key":"conspire:TopHat"},{"floor":43,"key":"MawBank"},{"floor":44,"key":"Replay:Bottled Steam"},{"floor":46,"key":"conspire:DecoderRing"},{"floor":52,"key":"Pantograph"},{"floor":53,"key":"Antimatter_spacedebris"},{"floor":54,"key":"paleoftheancients:SoulOfTheThorton"},{"floor":54,"key":"Snack Pack"}],"event_choices":[{"damage_healed":0.0,"max_hp_gain":0.0,"max_hp_loss":0.0,"gold_gain":0.0,"event_name":"conspire:Investor","player_choice":"Leave","floor":13.0,"gold_loss":0.0,"damage_taken":0.0}],"is_beta":false,"boss_relics":[{"not_picked":["aspiration:WatcherSkillbook","Snecko Eye"],"picked":"SlaversCollar"},{"not_picked":["Coffee Dripper","Runic Pyramid"],"picked":"aspiration:RandomNobGenerator"}],"items_purged_floors":[11,11,11,11,11,55,55,55,59],"is_endless":false,"potions_floor_spawned":[4,7,10,14,25,28,31,35,40,46,54],"ascension_level":20}}