{"host":"jm9833yuloeli2yd","time":1609907319,"event":{"mods":["BaseMod","Better Altar","Better Match","Better Note","Better Sensory Stone","Better Skull","Better Third Choice","Better Vampires","BetterRewards","Colored Map","Colored Powertips","DeckTracker","Minty Spire (QoL Compilation)","Permanent Neow","Quick Restart","StSLib","SuperFastMode"],"gold_per_floor":[213,213,42,53,63,63,89,103,176,210,224,0,14,29,29,108,108,78,78,92,92,106,106,124,124,124],"floor_reached":25,"playtime":909,"items_purged":["Strike_B"],"score":534,"play_id":"fdded70a-396a-4c2c-843d-3cb05afc3c69","local_time":"20210105232839","is_ascension_mode":true,"campfire_choices":[{"data":"Chaos","floor":6.0,"key":"SMITH"},{"floor":15,"key":"REST"},{"floor":23,"key":"REST"}],"circlet_count":0,"master_deck":["AscendersBane","Strike_B","Strike_B","Strike_B","Defend_B","Defend_B","Defend_B","Defend_B","Zap","Dualcast","Chaos+1","Coolheaded","Barrage","Buffer","FTL","Chill","Reboot","Cold Snap","Consume","Core Surge","Steam","Static Discharge","Pain","Loop"],"relics":["Cracked Core","Runic Capacitor","Dead Branch","Question Card","Potion Belt","Runic Pyramid","WarpedTongs"],"acts_visited":["Exordium","TheCity"],"potions_floor_usage":[8,14,16,16,25],"damage_taken":[{"damage":8.0,"enemies":"Small Slimes","floor":1.0,"turns":3.0},{"damage":2.0,"enemies":"Cultist","floor":4.0,"turns":4.0},{"damage":6.0,"enemies":"2 Louse","floor":5.0,"turns":3.0},{"damage":23.0,"enemies":"3 Sentries","floor":7.0,"turns":10.0},{"damage":8,"enemies":"Gremlin Gang","floor":8,"turns":3},{"damage":9,"enemies":"Lagavulin","floor":10,"turns":7},{"damage":4,"enemies":"Large Slime","floor":11,"turns":7},{"damage":1,"enemies":"Looter","floor":13,"turns":3},{"damage":1,"enemies":"Exordium Wildlife","floor":14,"turns":2},{"damage":0,"enemies":"Slime Boss","floor":16,"turns":9},{"damage":32,"enemies":"2 Thieves","floor":18,"turns":4},{"damage":21,"enemies":"Chosen","floor":20,"turns":6},{"damage":31,"enemies":"3 Cultists","floor":22,"turns":5},{"damage":5,"enemies":"Centurion and Healer","floor":24,"turns":10},{"damage":56,"enemies":"Gremlin Leader","floor":25,"turns":6}],"seed_played":"-6993604309630805360","potions_obtained":[{"floor":5.0,"key":"AttackPotion"},{"floor":10,"key":"Explosive Potion"},{"floor":13,"key":"Energy Potion"},{"floor":14,"key":"Fire Potion"},{"floor":22,"key":"Swift Potion"}],"is_trial":false,"path_per_floor":["M","?","$","M","M","R","E","M","T","E","M","$","M","M","R","B",null,"M","?","M","?","M","R","M","E"],"character_chosen":"DEFECT","items_purchased":["Runic Capacitor","Reboot","Cold Snap"],"campfire_rested":2,"item_purchase_floors":[3,12,12],"current_hp_per_floor":[56,61,61,59,53,53,30,22,22,13,9,9,8,7,29,29,64,32,86,65,65,34,59,54,0,0],"gold":124,"neow_bonus":"HUNDRED_GOLD","is_daily":false,"chose_seed":false,"campfire_upgraded":1,"win_rate":0.0,"timestamp":1609907319,"path_taken":["M","?","$","M","M","R","E","M","T","E","M","$","M","M","R","BOSS","M","?","?","?","?","R","M","E"],"items_purchased_type":["Relic","Card","Card"],"build_version":"2020-12-22","purchased_purges":1,"victory":false,"max_hp_per_floor":[71,76,76,76,76,76,76,76,76,76,76,76,76,76,76,76,76,76,86,86,86,86,86,86,86,86],"card_choices":[{"not_picked":["Hologram","Leap","Stack"],"picked":"SKIP","floor":1.0},{"not_picked":["Doom and Gloom","Hologram"],"picked":"Chaos","floor":4.0},{"not_picked":["BootSequence","Beam Cell"],"picked":"Coolheaded","floor":5.0},{"not_picked":["Doom and Gloom","Redo"],"picked":"Barrage","floor":7.0},{"not_picked":["Streamline","Ball Lightning"],"picked":"Buffer","floor":8},{"not_picked":["Tempest","Compile Driver","Lockon"],"picked":"FTL","floor":10},{"not_picked":["Heatsinks","Redo","Glacier"],"picked":"Chill","floor":11},{"not_picked":["Force Field","Redo","Stack"],"picked":"Consume","floor":13},{"not_picked":["Gash","Compile Driver","Chill"],"picked":"Reboot","floor":14},{"not_picked":["Reboot","Machine Learning","Multi-Cast"],"picked":"Core Surge","floor":16},{"not_picked":["Ball Lightning+1","Rebound+1","Streamline"],"picked":"Steam","floor":18},{"not_picked":["Cold Snap","Melter","Turbo"],"picked":"Static Discharge","floor":20},{"not_picked":["Barrage","Hologram","Lockon","Steam"],"picked":"SKIP","floor":22},{"not_picked":["Barrage","Hologram","Lockon","Steam"],"picked":"SKIP","floor":22},{"not_picked":["Go for the Eyes+1","Coolheaded","Hologram"],"picked":"Loop","floor":24}],"player_experience":1265084,"relics_obtained":[{"floor":7.0,"key":"Dead Branch"},{"floor":9,"key":"Question Card"},{"floor":10,"key":"Potion Belt"}],"event_choices":[{"damage_healed":0.0,"max_hp_gain":5.0,"max_hp_loss":0.0,"gold_gain":0.0,"event_name":"Big Fish","player_choice":"Donut","floor":2.0,"gold_loss":0.0,"damage_taken":0.0},{"cards_removed":["Reboot"],"damage_healed":44,"gold_gain":0,"player_choice":"Offered Rare","damage_taken":0,"max_hp_gain":10,"max_hp_loss":0,"event_name":"Bonfire Elementals","floor":19,"gold_loss":0},{"damage_healed":0,"gold_gain":0,"player_choice":"Rummage","damage_taken":0,"relics_obtained":["WarpedTongs"],"max_hp_gain":0,"max_hp_loss":0,"event_name":"Accursed Blacksmith","floor":21,"gold_loss":0,"cards_obtained":["Pain"]}],"is_beta":false,"boss_relics":[{"not_picked":["Sozu","Snecko Eye"],"picked":"Runic Pyramid"}],"items_purged_floors":[12],"is_endless":false,"potions_floor_spawned":[5,10,13,14,22],"killed_by":"Gremlin Leader","ascension_level":20}}