{"host":"eydwxg59205c3vtl","time":1609957185,"event":{"mods":["2.2 Compatiblity","BaseMod","Colored Map","Colored Powertips","Hubris","Minty Spire (QoL Compilation)","StSLib","The Jungle","The Necromancer"],"gold_per_floor":[115,130,130,130,205,235,235,261,285,303,2,2,28,61,61,134,134,150,164,89,139,39,64,64,98,167,167,41,53,53,8,8,82,82,101,117,117,136,136,166,166,194,221,256,268,168,21,31,31,31],"floor_reached":51,"playtime":2139,"items_purged":["Strike_W","Defend_W"],"score":1427,"play_id":"a97e9c89-9dbf-49d7-9aed-aaf8f8164b73","local_time":"20210106131945","is_ascension_mode":true,"campfire_choices":[{"data":"Blood_Curse","floor":7.0,"key":"SMITH"},{"data":"Bone_Armor","floor":12,"key":"SMITH"},{"data":"Negative_Energy_Arrows","floor":15,"key":"SMITH"},{"data":"Bone_Armory","floor":30,"key":"SMITH"},{"floor":32,"key":"REST"},{"floor":41,"key":"REST"},{"floor":49,"key":"REST"}],"circlet_count":0,"master_deck":["AscendersBane","Defend_W","Defend_W+1","Defend_W","Negative_Energy_Arrows+1","Bone_Wall+1","Acid_Javelin+1","Blood_Curse+1","Bone_Armor+1","Negative_Energy_Javelin","Bone_Armory+1","Negative_Energy_Shield","Negative_Energy_Javelin","Negative_Energy_Burst","Plague_Bolt+1","Spectral_Armor","Negative_Energy_Shield","Bones_to_Steel","Negative_Energy_Shield","Hellfire","Chill_Blood+1","Shade_Step+1","Necrotic_Claws","Bone_Shift+1"],"relics":["Vampire_Amulet","NeowsBlessing","hubris:Icosahedron","Happy Flower","Orichalcum","Whetstone","hubris:OldNail","War Paint","Lizard Tail","Philosopher\u0027s Stone","Shuriken","White Beast Statue","Frozen Egg 2","hubris:Stopwatch","hubris:TinFlute","Juzu Bracelet","Regal Pillow","Toy Ornithopter","Oddly Smooth Stone"],"acts_visited":["Exordium","TheCity","TheBeyond"],"potions_floor_usage":[8,14,14,23,33,33,35,35,35,35,40,44,44,45,50,50],"damage_taken":[{"damage":0.0,"enemies":"Cultist","floor":1.0,"turns":1.0},{"damage":0.0,"enemies":"Jaw Worm","floor":2.0,"turns":1.0},{"damage":0.0,"enemies":"Gremlin Nob","floor":6.0,"turns":1.0},{"damage":6,"enemies":"Lagavulin","floor":8,"turns":8},{"damage":1,"enemies":"2 Louse","floor":10,"turns":3},{"damage":0,"enemies":"Gremlin Nob","floor":14,"turns":3},{"damage":37,"enemies":"Slime Boss","floor":16,"turns":12},{"damage":2,"enemies":"Chosen","floor":18,"turns":4},{"damage":19,"enemies":"3 Byrds","floor":19,"turns":7},{"damage":1,"enemies":"Book of Stabbing","floor":23,"turns":6},{"damage":20,"enemies":"Slavers","floor":25,"turns":5},{"damage":15,"enemies":"Shelled Parasite and Fungi","floor":29,"turns":4},{"damage":46,"enemies":"Automaton","floor":33,"turns":14},{"damage":15,"enemies":"3 Darklings","floor":35,"turns":7},{"damage":2,"enemies":"Orb Walker","floor":36,"turns":4},{"damage":17,"enemies":"Spire Growth","floor":38,"turns":5},{"damage":30,"enemies":"Reptomancer","floor":40,"turns":9},{"damage":16,"enemies":"Giant Head","floor":42,"turns":9},{"damage":14,"enemies":"Reptomancer","floor":44,"turns":6},{"damage":27,"enemies":"Sphere and 2 Shapes","floor":45,"turns":6},{"damage":0,"enemies":"4 Shapes","floor":48,"turns":3},{"damage":18,"enemies":"Awakened One","floor":50,"turns":15}],"seed_played":"6835237642629055929","potions_obtained":[{"floor":1.0,"key":"ColorlessPotion"},{"floor":6.0,"key":"Swift Potion"},{"floor":8,"key":"Swift Potion"},{"floor":19,"key":"Block Potion"},{"floor":25,"key":"Dexterity Potion"},{"floor":29,"key":"LiquidBronze"},{"floor":33,"key":"EntropicBrew"},{"floor":35,"key":"Fruit Juice"},{"floor":36,"key":"Ancient Potion"},{"floor":38,"key":"SkillPotion"},{"floor":40,"key":"Strength Potion"},{"floor":42,"key":"DistilledChaos"},{"floor":44,"key":"Regen Potion"},{"floor":45,"key":"Block Potion"},{"floor":48,"key":"SpeedPotion"}],"is_trial":false,"path_per_floor":["M","M","?","?","?","E","R","E","T","M","$","R","T","E","R","B",null,"M","M","?","?","$","E","?","E","T","?","$","M","R","$","R","B",null,"M","M","?","M","?","E","R","E","T","E","M","NS","$","M","R","B",null],"character_chosen":"NECROMANCER","items_purchased":["hubris:OldNail","Bone_Armory","Spectral_Armor","Negative_Energy_Shield","Negative_Energy_Shield","Oddly Smooth Stone"],"campfire_rested":3,"item_purchase_floors":[11,11,28,28,31,47],"current_hp_per_floor":[66,68,68,68,57,59,59,55,55,58,58,58,58,71,71,42,64,64,51,51,51,51,52,52,38,38,38,38,27,27,27,48,8,55,47,47,47,32,32,12,33,19,19,13,12,12,12,20,56,56],"gold":31,"neow_bonus":"THREE_ENEMY_KILL","is_daily":false,"chose_seed":false,"campfire_upgraded":4,"win_rate":0.0,"timestamp":1609957185,"path_taken":["M","?","?","?","?","E","R","E","T","M","$","R","?","E","R","BOSS","M","M","?","?","$","E","?","E","T","?","$","M","R","?","R","BOSS","M","M","?","M","?","E","R","E","T","E","M","NS","$","M","R","BOSS"],"items_purchased_type":["Relic","Card","Card","Card","Card","Relic"],"build_version":"2020-12-22","purchased_purges":2,"victory":true,"max_hp_per_floor":[71,71,71,71,71,71,71,71,71,71,71,71,71,71,71,71,71,71,71,71,71,71,71,71,71,71,71,71,71,71,71,71,71,71,76,76,76,76,72,72,72,72,72,72,72,72,72,72,72,72],"card_choices":[{"not_picked":["Summon_Undead","Death_Coil"],"picked":"Acid_Javelin","floor":1.0},{"not_picked":["Corrupt","Death_March_Dance"],"picked":"Blood_Curse","floor":2.0},{"not_picked":["Exploit","Blood_Shield","Bone_Spikes"],"picked":"SKIP","floor":6.0},{"not_picked":["Bone_Spikes","Blood_Whip"],"picked":"Bone_Armor","floor":8},{"not_picked":["Blood_Wake","Death_March_Dance"],"picked":"Negative_Energy_Javelin","floor":10},{"not_picked":["Strike_from_Beyond","Negative_Energy_Sphere","Chill_Blood"],"picked":"SKIP","floor":14},{"not_picked":["Bone_Shift","Blood_for_Blood"],"picked":"Negative_Energy_Shield","floor":18},{"not_picked":["Violent_Necrosis","Summon_Undead_Army"],"picked":"Negative_Energy_Javelin","floor":19},{"not_picked":["Thousand_Bone_Knives","Exploit"],"picked":"Negative_Energy_Burst","floor":23},{"not_picked":["Corrupt","Deaths_Shadow"],"picked":"Plague_Bolt+1","floor":25},{"not_picked":["Toxic_Smoke_Screen","Blood_Whip"],"picked":"Bones_to_Steel","floor":29},{"not_picked":["Cloudkill","Reap_The_Weak"],"picked":"Hellfire","floor":33},{"not_picked":["Acid_Javelin","Negative_Energy_Javelin"],"picked":"Chill_Blood+1","floor":35},{"not_picked":["Plague_Bolt","Negative_Energy_Mist+1","Finger_Of_Death"],"picked":"SKIP","floor":36},{"not_picked":["Plague_Bolt+1","Pandemic"],"picked":"Shade_Step+1","floor":38},{"not_picked":["Life_Tap+1","Negative_Energy_Mist","Hellfire"],"picked":"SKIP","floor":40},{"not_picked":["Negative_Energy_Sphere","Acid_Javelin"],"picked":"Necrotic_Claws","floor":42},{"not_picked":["Plague_Bolt","Bones_to_Steel+1","Corrupt"],"picked":"SKIP","floor":44},{"not_picked":["Spectral_Walk","Bones_to_Steel"],"picked":"Bone_Shift+1","floor":45},{"not_picked":["Blood_Whip","Chill_Blood","Bone_Spikes"],"picked":"SKIP","floor":48}],"player_experience":595522,"relics_obtained":[{"floor":6.0,"key":"Happy Flower"},{"floor":8,"key":"Orichalcum"},{"floor":9,"key":"Whetstone"},{"floor":13,"key":"War Paint"},{"floor":14,"key":"Lizard Tail"},{"floor":23,"key":"Shuriken"},{"floor":25,"key":"White Beast Statue"},{"floor":26,"key":"Frozen Egg 2"},{"floor":40,"key":"hubris:TinFlute"},{"floor":42,"key":"Juzu Bracelet"},{"floor":43,"key":"Regal Pillow"},{"floor":44,"key":"Toy Ornithopter"}],"event_choices":[{"damage_healed":0.0,"max_hp_gain":0.0,"max_hp_loss":0.0,"gold_gain":75.0,"event_name":"World of Goop","player_choice":"Gather Gold","floor":5.0,"gold_loss":0.0,"damage_taken":11.0},{"cards_removed":["Strike_W"],"damage_healed":0,"gold_gain":0,"player_choice":"Gave Gold","damage_taken":0,"max_hp_gain":0,"max_hp_loss":0,"event_name":"Beggar","floor":20,"gold_loss":75},{"damage_healed":0,"gold_gain":50,"player_choice":"Stole From Cult","damage_taken":0,"max_hp_gain":0,"max_hp_loss":0,"event_name":"Nest","floor":21,"gold_loss":0},{"damage_healed":0,"gold_gain":0,"player_choice":"Ignored","damage_taken":0,"max_hp_gain":0,"max_hp_loss":0,"event_name":"Ghosts","floor":27,"gold_loss":0},{"damage_healed":0,"gold_gain":0,"player_choice":"Ignored","damage_taken":0,"max_hp_gain":0,"max_hp_loss":0,"event_name":"Tomb of Lord Red Mask","floor":37,"gold_loss":0},{"damage_healed":0,"gold_gain":0,"player_choice":"Max HP","damage_taken":0,"max_hp_gain":0,"max_hp_loss":4,"event_name":"Winding Halls","floor":39,"gold_loss":0}],"is_beta":false,"boss_relics":[{"not_picked":["hubris:HollowSoul","Fusion Hammer"],"picked":"Philosopher\u0027s Stone"},{"not_picked":["hubris:GrandSneckoEye","Velvet Choker"],"picked":"hubris:Stopwatch"}],"items_purged_floors":[11,22],"is_endless":false,"potions_floor_spawned":[1,6,8,19,25,29,33,35,36,38,40,42,44,45,48],"ascension_level":15}}