{"host":"os7ajuuouznx3pj7","time":1609909469,"event":{"mods":["AchievementEnabler","BaseMod","Bestiary","Block Reminder","Colored Map","Colored Powertips","Keyboard Shortcuts","Minty Spire (QoL Compilation)","Quick Restart","Relic Sorter","Relic Stats","SuperFastMode"],"gold_per_floor":[150,183,183,240,300,300,360,403,403,435,435,14,100,135,135,255,255,324,324,362,461,506,506,522,522,593,648,703,37,37,96,96,219,219,234,234,271,289,327,327,383,383,383,18,18,49,91,117,117,117,117],"floor_reached":50,"playtime":9243,"items_purged":["Strike_G","Strike_G"],"score":1034,"play_id":"45625096-9558-47ed-ba19-74421cf44f5a","local_time":"20210106030429","is_ascension_mode":true,"campfire_choices":[{"data":"HandOfGreed","floor":6.0,"key":"SMITH"},{"data":"Cloak And Dagger","floor":15.0,"key":"SMITH"},{"data":"Phantasmal Killer","floor":23.0,"key":"SMITH"},{"data":"Blade Dance","floor":25.0,"key":"SMITH"},{"data":"Adrenaline","floor":32.0,"key":"SMITH"},{"data":"Choke","floor":40.0,"key":"SMITH"},{"data":"Infinite Blades","floor":42.0,"key":"SMITH"},{"floor":49,"key":"RECALL"}],"circlet_count":0,"master_deck":["Strike_G","Strike_G","Strike_G","Defend_G","Defend_G","Defend_G+1","Defend_G","Defend_G","Survivor+1","Neutralize","HandOfGreed+1","Backflip","Sucker Punch","Flying Knee","Blur","Dash","Finesse","Blur","Cloak And Dagger+1","PanicButton","Endless Agony","Leg Sweep","Phantasmal Killer+1","Flechettes","Blade Dance+1","Riddle With Holes+1","Flechettes+1","Choke+1","Adrenaline+1","Terror+1","Footwork","Infinite Blades+1","Caltrops","Backflip","Malaise","Footwork+1","Blade Dance+1","Backflip+1","Deflect+1","Footwork","Dodge and Roll+1","Blade Dance+1"],"relics":["Ring of the Snake","Oddly Smooth Stone","The Courier","White Beast Statue","WristBlade","InkBottle","Kunai","Blood Vial","Red Mask","Pantograph","HornCleat","Nilry\u0027s Codex","Orichalcum","Philosopher\u0027s Stone","MealTicket","Pen Nib","Toxic Egg 2","Bag of Marbles","Ancient Tea Set"],"acts_visited":["Exordium","TheCity","TheBeyond"],"potions_floor_usage":[48,48],"damage_taken":[{"damage":0.0,"enemies":"2 Louse","floor":1.0,"turns":3.0},{"damage":0.0,"enemies":"Cultist","floor":2.0,"turns":3.0},{"damage":7.0,"enemies":"Small Slimes","floor":4.0,"turns":3.0},{"damage":10.0,"enemies":"2 Fungi Beasts","floor":5.0,"turns":5.0},{"damage":19.0,"enemies":"Lagavulin","floor":7.0,"turns":9.0},{"damage":0.0,"enemies":"Blue Slaver","floor":8.0,"turns":5.0},{"damage":5.0,"enemies":"Gremlin Nob","floor":10.0,"turns":3.0},{"damage":0.0,"enemies":"3 Louse","floor":13.0,"turns":7.0},{"damage":0.0,"enemies":"Red Slaver","floor":14.0,"turns":7.0},{"damage":0.0,"enemies":"Slime Boss","floor":16.0,"turns":3.0},{"damage":0.0,"enemies":"2 Thieves","floor":18.0,"turns":5.0},{"damage":0.0,"enemies":"Shell Parasite","floor":20.0,"turns":8.0},{"damage":8.0,"enemies":"Centurion and Healer","floor":22.0,"turns":8.0},{"damage":0.0,"enemies":"Snecko","floor":24.0,"turns":2.0},{"damage":0.0,"enemies":"Gremlin Leader","floor":27.0,"turns":6.0},{"damage":0.0,"enemies":"Masked Bandits","floor":28.0,"turns":2.0},{"damage":0.0,"enemies":"Slavers","floor":31.0,"turns":8.0},{"damage":1.0,"enemies":"Champ","floor":33.0,"turns":11.0},{"damage":0.0,"enemies":"Orb Walker","floor":35.0,"turns":4.0},{"damage":0.0,"enemies":"3 Darklings","floor":37.0,"turns":7.0},{"damage":0.0,"enemies":"Transient","floor":38.0,"turns":5.0},{"damage":0.0,"enemies":"Maw","floor":39.0,"turns":9.0},{"damage":0.0,"enemies":"Reptomancer","floor":41.0,"turns":5.0},{"damage":0.0,"enemies":"Nemesis","floor":46.0,"turns":10.0},{"damage":0,"enemies":"Sphere and 2 Shapes","floor":47,"turns":3},{"damage":0,"enemies":"Giant Head","floor":48,"turns":6},{"damage":63,"enemies":"Time Eater","floor":50,"turns":7}],"seed_played":"-957865970484610034","potions_obtained":[{"floor":4.0,"key":"Strength Potion"},{"floor":5.0,"key":"FearPotion"},{"floor":7.0,"key":"CunningPotion"},{"floor":8.0,"key":"Strength Potion"},{"floor":10.0,"key":"Fire Potion"},{"floor":13.0,"key":"LiquidMemories"},{"floor":14.0,"key":"FearPotion"},{"floor":16.0,"key":"SkillPotion"},{"floor":18.0,"key":"Poison Potion"},{"floor":20.0,"key":"Poison Potion"},{"floor":22.0,"key":"Explosive Potion"},{"floor":24.0,"key":"ColorlessPotion"},{"floor":27.0,"key":"Regen Potion"},{"floor":28.0,"key":"Fire Potion"},{"floor":33.0,"key":"DuplicationPotion"},{"floor":37.0,"key":"SkillPotion"},{"floor":38.0,"key":"Strength Potion"},{"floor":41.0,"key":"DuplicationPotion"},{"floor":46.0,"key":"SteroidPotion"},{"floor":48,"key":"EssenceOfSteel"}],"is_trial":false,"path_per_floor":["M","M","?","M","M","R","E","M","T","E","?","$","M","M","R","B",null,"M","?","M","?","M","R","M","R","T","E","?","$","?","E","R","B",null,"M","?","M","M","M","R","E","R","T","$","?","E","M","E","R","B"],"character_chosen":"THE_SILENT","items_purchased":["Oddly Smooth Stone","Finesse","Blur","Cloak And Dagger","PanicButton","Pantograph","HornCleat","Footwork","Infinite Blades","Caltrops","Pen Nib","Toxic Egg 2","Deflect+1"],"campfire_rested":0,"item_purchase_floors":[12,12,12,12,12,29,29,29,29,29,44,44,44],"current_hp_per_floor":[63,63,63,56,46,46,27,27,27,22,9,9,9,9,9,9,50,50,50,50,50,42,42,42,42,42,42,44,44,28,30,30,56,61,63,60,60,60,60,60,60,60,60,60,60,60,60,60,60,0,0],"gold":117,"neow_bonus":"RANDOM_COLORLESS_2","is_daily":false,"chose_seed":false,"campfire_upgraded":7,"win_rate":0.0,"timestamp":1609909469,"path_taken":["M","M","?","M","?","R","E","M","T","E","?","$","M","M","R","BOSS","M","?","M","?","M","R","M","R","T","E","?","$","?","E","R","BOSS","M","?","M","M","M","R","E","R","T","$","?","E","M","E","R","BOSS"],"items_purchased_type":["Relic","Card","Card","Card","Card","Relic","Relic","Card","Card","Card","Relic","Relic","Card"],"build_version":"2020-12-22","purchased_purges":2,"victory":false,"max_hp_per_floor":[63,63,63,63,63,63,63,63,63,63,63,63,63,63,63,63,63,63,63,63,63,63,63,63,63,63,63,63,63,63,63,63,63,63,63,60,60,60,60,60,60,60,60,60,60,60,60,60,60,60,60],"relic_stats":{"Blood Vial":8,"counters":[27,154],"Pantograph":25,"MealTicket":0,"Pen Nib":[8],"Kunai":[60],"Orichalcum":[18],"obtain_stats":[{"Nilry\u0027s Codex":30,"Oddly Smooth Stone":12,"The Courier":7,"Pen Nib":44,"Orichalcum":31,"Ancient Tea Set":48,"White Beast Statue":10,"Blood Vial":27,"HornCleat":29,"WristBlade":17,"Pantograph":29,"Philosopher\u0027s Stone":34,"MealTicket":41,"Red Mask":28,"Bag of Marbles":46,"Kunai":26,"Toxic Egg 2":44,"InkBottle":9,"Ring of the Snake":0},{"Nilry\u0027s Codex":16,"Oddly Smooth Stone":7,"The Courier":5,"Pen Nib":23,"Orichalcum":17,"Ancient Tea Set":26,"White Beast Statue":7,"Blood Vial":15,"HornCleat":16,"WristBlade":10,"Pantograph":16,"Philosopher\u0027s Stone":18,"MealTicket":23,"Red Mask":16,"Bag of Marbles":24,"Kunai":14,"Toxic Egg 2":23,"InkBottle":6,"Ring of the Snake":0},{"Nilry\u0027s Codex":79,"Oddly Smooth Stone":31,"The Courier":23,"Pen Nib":128,"Orichalcum":87,"Ancient Tea Set":147,"White Beast Statue":31,"Blood Vial":77,"HornCleat":79,"WristBlade":48,"Pantograph":79,"Philosopher\u0027s Stone":98,"MealTicket":128,"Red Mask":79,"Bag of Marbles":138,"Kunai":71,"Toxic Egg 2":128,"InkBottle":28,"Ring of the Snake":0}],"InkBottle":[63],"Ring of the Snake":[54]},"card_choices":[{"not_picked":["Secret Technique","Apotheosis"],"picked":"HandOfGreed","floor":0.0},{"not_picked":["Slice","Acrobatics"],"picked":"Backflip","floor":1.0},{"not_picked":["Bane","Cloak And Dagger","Masterful Stab"],"picked":"SKIP","floor":2.0},{"not_picked":["Accuracy","Underhanded Strike"],"picked":"Sucker Punch","floor":4.0},{"not_picked":["Acrobatics","Choke"],"picked":"Flying Knee","floor":5.0},{"not_picked":["Outmaneuver","Underhanded Strike"],"picked":"Blur","floor":7.0},{"not_picked":["Eviscerate","Deadly Poison"],"picked":"Dash","floor":8.0},{"not_picked":["Bane","Choke","Concentrate"],"picked":"SKIP","floor":10.0},{"not_picked":["Flying Knee","Quick Slash"],"picked":"Endless Agony","floor":13.0},{"not_picked":["Concentrate","Underhanded Strike"],"picked":"Leg Sweep","floor":14.0},{"not_picked":["Night Terror","Wraith Form v2"],"picked":"Phantasmal Killer","floor":16.0},{"not_picked":["Leg Sweep","Bane"],"picked":"Flechettes","floor":18.0},{"not_picked":["Quick Slash","Deadly Poison"],"picked":"Riddle With Holes+1","floor":20.0},{"not_picked":["Expertise","Bane+1"],"picked":"Flechettes+1","floor":22.0},{"not_picked":["Dagger Spray","Poisoned Stab"],"picked":"Choke","floor":24.0},{"not_picked":["Dagger Spray","Expertise"],"picked":"Adrenaline","floor":27.0},{"not_picked":["Backflip","Underhanded Strike"],"picked":"Terror+1","floor":28.0},{"not_picked":["Slice+1","Acrobatics"],"picked":"Backflip","floor":31.0},{"not_picked":["Bullet Time","Venomology"],"picked":"Malaise","floor":33.0},{"not_picked":["Poisoned Stab","Calculated Gamble+1"],"picked":"Footwork","floor":35.0},{"not_picked":["Footwork+1","All Out Attack"],"picked":"Blade Dance+1","floor":37.0},{"not_picked":["Bane+1","Catalyst+1","Prepared"],"picked":"SKIP","floor":38.0},{"not_picked":["Deadly Poison","Bane+1","Poisoned Stab+1"],"picked":"SKIP","floor":39.0},{"not_picked":["Quick Slash","All Out Attack"],"picked":"Backflip+1","floor":41.0},{"not_picked":["Bane","Noxious Fumes+1"],"picked":"Footwork","floor":46.0},{"not_picked":["Masterful Stab+1","Heel Hook+1"],"picked":"Dodge and Roll+1","floor":47},{"not_picked":["Outmaneuver+1","Sucker Punch"],"picked":"Blade Dance+1","floor":48}],"player_experience":801081,"relics_obtained":[{"floor":7.0,"key":"The Courier"},{"floor":9.0,"key":"InkBottle"},{"floor":10.0,"key":"White Beast Statue"},{"floor":26.0,"key":"Kunai"},{"floor":27.0,"key":"Blood Vial"},{"floor":28.0,"key":"Red Mask"},{"floor":30.0,"key":"Nilry\u0027s Codex"},{"floor":31.0,"key":"Orichalcum"},{"floor":41.0,"key":"MealTicket"},{"floor":46.0,"key":"Bag of Marbles"},{"floor":48,"key":"Ancient Tea Set"}],"event_choices":[{"damage_healed":0.0,"max_hp_gain":0.0,"max_hp_loss":0.0,"gold_gain":0.0,"event_name":"Match and Keep!","player_choice":"0 cards matched","floor":3.0,"gold_loss":0.0,"damage_taken":0.0,"cards_obtained":[]},{"damage_healed":0.0,"max_hp_gain":0.0,"max_hp_loss":0.0,"gold_gain":0.0,"event_name":"Shining Light","player_choice":"Entered Light","floor":11.0,"gold_loss":0.0,"damage_taken":13.0,"cards_upgraded":["Defend_G","Survivor"]},{"damage_healed":0.0,"max_hp_gain":0.0,"max_hp_loss":0.0,"gold_gain":0.0,"event_name":"The Library","player_choice":"Read","floor":19.0,"gold_loss":0.0,"damage_taken":0.0,"cards_obtained":["Blade Dance"]},{"damage_healed":0.0,"max_hp_gain":0.0,"max_hp_loss":0.0,"gold_gain":99.0,"event_name":"Nest","player_choice":"Stole From Cult","floor":21.0,"gold_loss":0.0,"damage_taken":0.0},{"damage_healed":0.0,"max_hp_gain":0.0,"max_hp_loss":0.0,"gold_gain":0.0,"event_name":"Masked Bandits","player_choice":"Fought Bandits","floor":28.0,"gold_loss":0.0,"damage_taken":0.0},{"damage_healed":0.0,"max_hp_gain":0.0,"max_hp_loss":0.0,"gold_gain":0.0,"event_name":"Cursed Tome","player_choice":"Obtained Book","floor":30.0,"gold_loss":0.0,"damage_taken":16.0},{"damage_healed":0.0,"max_hp_gain":0.0,"max_hp_loss":3.0,"gold_gain":0.0,"event_name":"Winding Halls","player_choice":"Max HP","floor":36.0,"gold_loss":0.0,"damage_taken":0.0},{"damage_healed":0.0,"max_hp_gain":0.0,"max_hp_loss":0.0,"gold_gain":0.0,"event_name":"Upgrade Shrine","player_choice":"Upgraded","floor":45.0,"gold_loss":0.0,"damage_taken":0.0,"cards_upgraded":["Footwork"]}],"is_beta":false,"boss_relics":[{"not_picked":["Pandora\u0027s Box","Runic Dome"],"picked":"WristBlade"},{"not_picked":["Ring of the Serpent","HoveringKite"],"picked":"Philosopher\u0027s Stone"}],"items_purged_floors":[12,29],"is_endless":false,"potions_floor_spawned":[4,5,7,8,10,13,14,16,18,20,22,24,27,28,31,33,35,37,38,39,41,46,47,48],"killed_by":"Time Eater","ascension_level":6}}