{"host":"7s0ipaqx8m4pdduf","time":1609975336,"event":{"mods":["BaseMod","Better Note","BetterRewards","Colored Map","Downfall","Infinite Spire","Minty Spire (QoL Compilation)","StSLib","SuperFastMode"],"gold_per_floor":[99,117,136,154,173,173,200,228,328,57,57,77,90,125,163,267,267,192,224,224,233,265,265,265,54,72,85,85,85,104,104,119,119,119,119],"floor_reached":33,"playtime":2219,"items_purged":["hexamod:Strike","Pain"],"score":263,"play_id":"71a2fc09-203f-4094-966e-12ef16f85df8","local_time":"20210107002216","is_ascension_mode":false,"campfire_choices":[{"data":"hexamod:Float","floor":1,"key":"SMITH"},{"floor":6,"key":"REST"},{"data":"Apotheosis","floor":11,"key":"SMITH"},{"data":"hexamod:HexaLevel","floor":18,"key":"SMITH"},{"floor":29,"key":"REST"}],"circlet_count":0,"master_deck":["hexamod:Strike+1","hexamod:Strike+1","hexamod:Defend","hexamod:Defend+1","hexamod:Defend+1","hexamod:Sear+1","hexamod:Float+1","hexamod:SixthSeal","hexamod:GhostOfSpireFuture+1","hexamod:EtherealExpedition+1","hexamod:NightmareGuise","hexamod:FourthSeal","hexamod:ChargedBarrage+1","hexamod:SpectersWail+1","Apotheosis+1","hexamod:ThirdSeal","hexamod:ThermalTransfer","hexamod:GhostOfSpirePresent+1","hexamod:HauntingEcho","hexamod:HexaLevel+1","hexamod:AdvancingGuard+1","hexamod:CatchUp+1","hexamod:SoulSteal+1","hexamod:Firestarter+1","hexamod:TimeOfNeed+1","hexamod:VolcanoVisage+1","hexamod:NightmareGuise+1","hexamod:PhantomFireball","hexamod:DynamicBlow+1","hexamod:SpectersWail+1","hexamod:FifthSeal","hexamod:GhostOfSpirePast","hexamod:FirstSeal","hexamod:HauntingEcho+1"],"relics":["hexamod:SpiritBrand","MealTicket","Oddly Smooth Stone","SacredBark","downfall:HeartBlessingGreen","WarpedTongs","Vajra"],"acts_visited":["Exordium","TheCity"],"potions_floor_usage":[13,14,14,16,25,28,32,33],"damage_taken":[{"damage":16,"enemies":"infinitespire:Voidling","floor":2,"turns":6},{"damage":0,"enemies":"Cultist","floor":3,"turns":6},{"damage":10,"enemies":"2 Louse","floor":4,"turns":3},{"damage":4,"enemies":"Blue Slaver","floor":5,"turns":6},{"damage":17,"enemies":"3 Sentries","floor":8,"turns":14},{"damage":4,"enemies":"downfall:FleeingMerchant","floor":10,"turns":4},{"damage":3,"enemies":"Large Slime","floor":12,"turns":5},{"damage":5,"enemies":"3 Louse","floor":13,"turns":3},{"damage":2,"enemies":"Gremlin Nob","floor":14,"turns":4},{"damage":10,"enemies":"Exordium Thugs","floor":15,"turns":6},{"damage":13,"enemies":"downfall:Silent","floor":16,"turns":11},{"damage":24,"enemies":"Chosen","floor":19,"turns":5},{"damage":12,"enemies":"Centurion and Healer","floor":22,"turns":10},{"damage":9,"enemies":"downfall:FleeingMerchant","floor":25,"turns":4},{"damage":15,"enemies":"3 Cultists","floor":26,"turns":6},{"damage":9,"enemies":"Snecko","floor":27,"turns":5},{"damage":0,"enemies":"Snake Plant","floor":28,"turns":1},{"damage":25,"enemies":"Shelled Parasite and Fungi","floor":30,"turns":8},{"damage":7,"enemies":"Snecko","floor":32,"turns":6},{"damage":21,"enemies":"downfall:Defect","floor":33,"turns":7}],"seed_played":"-1969068604827441021","potions_obtained":[{"floor":2,"key":"DuplicationPotion"},{"floor":4,"key":"Swift Potion"},{"floor":8,"key":"BlessingOfTheForge"},{"floor":12,"key":"Fire Potion"},{"floor":13,"key":"Fire Potion"},{"floor":15,"key":"Dexterity Potion"},{"floor":16,"key":"SmokeBomb"},{"floor":22,"key":"FearPotion"},{"floor":26,"key":"LiquidBronze"},{"floor":30,"key":"Guardian:BlockOnCardUsePotion"},{"floor":32,"key":"SneckoOil"}],"is_trial":false,"path_per_floor":["R","M","M","M","M","R","T","E","?","$","R","M","M","E","M","B",null,"R","M","?","?","M","?","T","$","M","M","M","R","M","?","M","B"],"character_chosen":"THE_SPIRIT","items_purchased":["Apotheosis","Fruit Juice"],"campfire_rested":2,"item_purchase_floors":[10,25],"current_hp_per_floor":[49,43,43,33,29,50,50,33,33,44,44,41,36,34,24,11,70,70,46,46,46,34,34,34,50,35,26,26,50,25,25,18,0,0,0],"gold":119,"neow_bonus":"THREE_RARE_CARDS","is_daily":false,"chose_seed":false,"campfire_upgraded":3,"win_rate":0.0,"timestamp":1609975336,"path_taken":["R","M","?","M","M","R","T","E","?","$","R","M","M","E","M","BOSS","R","M","?","?","M","?","T","$","M","M","M","R","M","?","M","BOSS"],"items_purchased_type":["Card","Potion"],"build_version":"2020-12-22","purchased_purges":2,"victory":false,"max_hp_per_floor":[70,70,70,70,70,70,70,70,70,70,70,70,70,70,70,70,70,70,70,70,70,70,70,70,80,80,80,80,80,80,80,80,80,80,80],"card_choices":[{"not_picked":["hexamod:TimeOfNeed","hexamod:GiftsFromTheDead"],"picked":"hexamod:SixthSeal","floor":0},{"not_picked":["hexamod:NightmareStrike","hexamod:SwordOfDarkness"],"picked":"hexamod:GhostOfSpireFuture","floor":2},{"not_picked":["hexamod:NightmareStrike","hexamod:GhostShield"],"picked":"hexamod:EtherealExpedition","floor":3},{"not_picked":["hexamod:Again","hexamod:Firestarter"],"picked":"hexamod:NightmareGuise","floor":4},{"not_picked":["hexamod:RecurringNightmare","hexamod:SoulSteal"],"picked":"hexamod:FourthSeal","floor":5},{"not_picked":["hexamod:Incineration","hexamod:InspiringFlames"],"picked":"hexamod:ChargedBarrage","floor":8},{"not_picked":["hexamod:AdvancingGuard","hexamod:Firestarter"],"picked":"hexamod:SpectersWail","floor":10},{"not_picked":["hexamod:PhantomCloak","hexamod:NightmareGuise","hexamod:InspiringFlames"],"picked":"SKIP","floor":12},{"not_picked":["hexamod:SpectersWail","hexamod:NightmareStrike"],"picked":"hexamod:ThirdSeal","floor":13},{"not_picked":["hexamod:SixthSeal","hexamod:SwordOfDarkness"],"picked":"hexamod:ThermalTransfer","floor":14},{"not_picked":["hexamod:Rewind","hexamod:RainOfEmbers","hexamod:Haunt"],"picked":"SKIP","floor":14},{"not_picked":["hexamod:CatchUp","hexamod:SwordOfDarkness"],"picked":"hexamod:GhostOfSpirePresent","floor":15},{"not_picked":["hexamod:FastForward","hexamod:SpectersWail"],"picked":"hexamod:HauntingEcho","floor":15},{"not_picked":["hexamod:TimeOfNeed","hexamod:GiftsFromTheDead"],"picked":"hexamod:HexaLevel","floor":16},{"not_picked":["hexamod:BacktrackSmack","hexamod:Again"],"picked":"hexamod:AdvancingGuard","floor":19},{"not_picked":["hexamod:HeatShield+1","hexamod:NightmareGuise"],"picked":"hexamod:CatchUp+1","floor":19},{"not_picked":["hexamod:ChargedBarrage","hexamod:NecessarySacrifice"],"picked":"hexamod:SoulSteal+1","floor":22},{"not_picked":["hexamod:AdvancingGuard","hexamod:CatchUp"],"picked":"hexamod:Firestarter+1","floor":22},{"not_picked":["hexamod:GhostLash","hexamod:SecondSeal"],"picked":"hexamod:VolcanoVisage","floor":25},{"not_picked":["hexamod:Firestarter","hexamod:ChargedBarrage","hexamod:EtherealExpedition"],"picked":"SKIP","floor":25},{"not_picked":["hexamod:ShieldOfDarkness","hexamod:GhostShield"],"picked":"hexamod:NightmareGuise+1","floor":26},{"not_picked":["hexamod:SwordOfDarkness+1","hexamod:ExtraCrispy"],"picked":"hexamod:PhantomFireball","floor":26},{"not_picked":["hexamod:InspiringFlames","hexamod:SwordOfDarkness"],"picked":"hexamod:DynamicBlow+1","floor":27},{"not_picked":["hexamod:NightmareGuise","hexamod:NightmareStrike","hexamod:Firestarter"],"picked":"SKIP","floor":27},{"not_picked":["hexamod:AdvancingGuard","hexamod:NightmareGuise"],"picked":"hexamod:SpectersWail+1","floor":30},{"not_picked":["hexamod:NecessarySacrifice","hexamod:BurningTouch"],"picked":"hexamod:FifthSeal","floor":30},{"not_picked":["hexamod:SixthSeal","hexamod:FourthSeal"],"picked":"hexamod:FirstSeal","floor":32},{"not_picked":["hexamod:Haunt+1","hexamod:Incineration"],"picked":"hexamod:HauntingEcho+1","floor":32}],"player_experience":2340370,"relics_obtained":[{"floor":7,"key":"MealTicket"},{"floor":8,"key":"Oddly Smooth Stone"},{"floor":14,"key":"CeramicFish"},{"floor":24,"key":"Vajra"}],"event_choices":[{"cards_removed":["hexamod:Strike"],"damage_healed":0,"gold_gain":0,"player_choice":"Purged","damage_taken":0,"max_hp_gain":0,"max_hp_loss":0,"event_name":"Purifier","floor":20,"gold_loss":0},{"damage_healed":0,"gold_gain":0,"player_choice":"Rummage","damage_taken":0,"relics_obtained":["WarpedTongs"],"max_hp_gain":0,"max_hp_loss":0,"event_name":"Accursed Blacksmith","floor":21,"gold_loss":0,"cards_obtained":["Pain"]},{"damage_healed":0,"gold_gain":0,"cards_transformed":["hexamod:Defend"],"player_choice":"Transformed","damage_taken":0,"max_hp_gain":0,"max_hp_loss":0,"event_name":"Transmorgrifier","floor":31,"gold_loss":0,"cards_obtained":["hexamod:GhostOfSpirePast"]}],"is_beta":false,"boss_relics":[{"not_picked":["Calling Bell","Runic Dome"],"picked":"SacredBark"}],"items_purged_floors":[10,25],"is_endless":false,"potions_floor_spawned":[2,4,8,15,16,22,28,30,32],"killed_by":"downfall:Defect","ascension_level":0}}