{"host":"y3h3n3f7seyagppx","time":1609976138,"event":{"mods":["BaseMod","Colored Map","Colored Powertips","DeckTracker","Minty Spire (QoL Compilation)","Random Character Button","Rare Cards Sparkle","Relic Sorter","Relic Stats","StSLib"],"gold_per_floor":[112,126,145,160,2,2,27,42,42,62,97,114,133,161,161,237,237,256,256,256,268,286,314,314,343,392,410,6,37,37,51,51,127,127,137,162,182,195,212,246,261,290,317,317,342,342,368,387,387,387,387,387,387,42,73,73],"floor_reached":57,"playtime":18304,"items_purged":["Strike_R","Strike_R"],"score":2966,"play_id":"5be462c9-7b3d-480f-a0b2-e6393abd1d1e","local_time":"20210106183538","is_ascension_mode":true,"campfire_choices":[{"data":"Armaments","floor":6,"key":"SMITH"},{"data":"Immolate","floor":15,"key":"SMITH"},{"data":"Body Slam","floor":24,"key":"SMITH"},{"data":"Impervious","floor":30,"key":"SMITH"},{"data":"Shockwave","floor":32,"key":"SMITH"},{"floor":44,"key":"RECALL"},{"data":"Second Wind","floor":49,"key":"SMITH"},{"data":"Power Through","floor":53,"key":"SMITH"}],"circlet_count":0,"master_deck":["AscendersBane","Strike_R","Strike_R","Strike_R","Defend_R","Defend_R","Defend_R","Defend_R","Bash","Armaments+1","Body Slam+1","Power Through+1","Immolate+1","Battle Trance","Shockwave+1","Reaper","Shrug It Off","Barricade+1","Disarm","Inflame+1","Impervious+1","Dual Wield","Bloodletting","Battle Trance+1","Rage+1","Twin Strike+1","Feed","Reaper","Second Wind+1","Disarm+1","Thunderclap+1","Clothesline+1","Feel No Pain+1","Fiend Fire+1"],"relics":["Runic Pyramid","Orrery","Frozen Egg 2","Self Forming Clay","Shuriken","Bottled Flame","Sozu","Red Skull","Boot","Pen Nib","Nunchaku","Happy Flower","Velvet Choker","Calipers","Toy Ornithopter","Blue Candle","Bronze Scales","Molten Egg 2","Bag of Preparation","Medical Kit","Magic Flower"],"acts_visited":["Exordium","TheCity","TheBeyond","TheEnding"],"potions_floor_usage":[],"damage_taken":[{"damage":6,"enemies":"Cultist","floor":1,"turns":3},{"damage":8,"enemies":"Small Slimes","floor":2,"turns":5},{"damage":7,"enemies":"Jaw Worm","floor":3,"turns":5},{"damage":8,"enemies":"Blue Slaver","floor":4,"turns":5},{"damage":8,"enemies":"Gremlin Nob","floor":7,"turns":4},{"damage":0,"enemies":"3 Louse","floor":8,"turns":2},{"damage":0,"enemies":"2 Fungi Beasts","floor":10,"turns":4},{"damage":2,"enemies":"Lagavulin","floor":11,"turns":7},{"damage":0,"enemies":"Exordium Wildlife","floor":12,"turns":4},{"damage":0,"enemies":"Large Slime","floor":13,"turns":5},{"damage":0,"enemies":"3 Sentries","floor":14,"turns":5},{"damage":18,"enemies":"Slime Boss","floor":16,"turns":9},{"damage":20,"enemies":"Shell Parasite","floor":18,"turns":6},{"damage":3,"enemies":"Spheric Guardian","floor":21,"turns":7},{"damage":12,"enemies":"Centurion and Healer","floor":22,"turns":6},{"damage":19,"enemies":"Book of Stabbing","floor":23,"turns":5},{"damage":13,"enemies":"Gremlin Leader","floor":25,"turns":6},{"damage":9,"enemies":"Chosen and Byrds","floor":27,"turns":5},{"damage":17,"enemies":"Book of Stabbing","floor":29,"turns":6},{"damage":18,"enemies":"Snake Plant","floor":31,"turns":6},{"damage":6,"enemies":"Collector","floor":33,"turns":12},{"damage":0,"enemies":"3 Darklings","floor":35,"turns":6},{"damage":3,"enemies":"Mind Bloom Boss Battle","floor":36,"turns":8},{"damage":10,"enemies":"3 Shapes","floor":37,"turns":11},{"damage":3,"enemies":"Sphere and 2 Shapes","floor":38,"turns":4},{"damage":15,"enemies":"Writhing Mass","floor":39,"turns":5},{"damage":9,"enemies":"Giant Head","floor":40,"turns":6},{"damage":14,"enemies":"Maw","floor":41,"turns":9},{"damage":7,"enemies":"Nemesis","floor":42,"turns":9},{"damage":20,"enemies":"Reptomancer","floor":45,"turns":5},{"damage":6,"enemies":"Nemesis","floor":47,"turns":7},{"damage":7,"enemies":"Spire Growth","floor":48,"turns":4},{"damage":4,"enemies":"Time Eater","floor":50,"turns":5},{"damage":10,"enemies":"Awakened One","floor":51,"turns":13},{"damage":53,"enemies":"Shield and Spear","floor":55,"turns":11},{"damage":100,"enemies":"The Heart","floor":56,"turns":11}],"seed_played":"-3229272717315280636","potions_obtained":[{"floor":4,"key":"Ancient Potion"},{"floor":7,"key":"ColorlessPotion"},{"floor":8,"key":"Block Potion"},{"floor":12,"key":"Energy Potion"}],"is_trial":false,"path_per_floor":["M","M","M","M","$","R","E","M","T","M","E","M","M","E","R","B",null,"M","?","?","M","M","E","R","E","T","M","$","E","R","M","R","B",null,"M","?","M","M","M","E","M","E","T","R","E","?","E","M","R","B","B",null,"R","$","E","B",null],"character_chosen":"IRONCLAD","items_purchased":["Orrery","Pen Nib","Nunchaku","Feel No Pain+1","Medical Kit"],"campfire_rested":0,"item_purchase_floors":[5,28,28,54,54],"current_hp_per_floor":[62,54,47,39,39,39,31,43,43,49,47,59,65,70,70,68,73,65,65,61,63,75,68,68,75,75,75,75,70,70,64,64,75,75,79,92,102,103,107,111,115,116,116,116,122,122,125,126,126,126,130,133,133,133,134,75],"gold":73,"neow_bonus":"BOSS_RELIC","is_daily":false,"chose_seed":false,"campfire_upgraded":7,"win_rate":0.0,"timestamp":1609976138,"path_taken":["M","M","M","?","$","R","E","M","T","M","E","M","M","E","R","BOSS","M","?","?","M","M","E","R","E","T","?","?","E","R","M","R","BOSS","M","?","M","M","M","E","M","E","T","R","E","?","E","M","R","BOSS","BOSS","R","$","E","BOSS"],"items_purchased_type":["Relic","Relic","Relic","Card","Relic"],"build_version":"2020-12-22","purchased_purges":2,"victory":true,"max_hp_per_floor":[75,75,75,75,75,75,75,75,75,75,75,75,75,75,75,75,75,75,75,75,75,75,75,75,75,75,75,75,75,75,75,75,75,75,79,95,103,103,107,111,115,118,118,118,122,122,126,126,126,130,134,134,134,134,134,134],"relic_stats":{"Happy Flower":[44],"counters":[36,231],"Self Forming Clay":[240],"Blue Candle":[1],"Magic Flower":[14],"Pen Nib":[21],"Bag of Preparation":[10],"Boot":[39],"Medical Kit":[8],"Sozu":8,"Nunchaku":[21],"Shuriken":[44],"Bronze Scales":[311],"obtain_stats":[{"Calipers":36,"Happy Flower":29,"Self Forming Clay":9,"Blue Candle":42,"Velvet Choker":34,"Magic Flower":55,"Pen Nib":28,"Bag of Preparation":47,"Frozen Egg 2":7,"Boot":25,"Medical Kit":54,"Burning Blood":0,"Sozu":17,"Bottled Flame":14,"Nunchaku":28,"Shuriken":11,"Bronze Scales":43,"Orrery":5,"Molten Egg 2":45,"Red Skull":23,"Toy Ornithopter":40,"Runic Pyramid":0},{"Calipers":23,"Happy Flower":19,"Self Forming Clay":6,"Blue Candle":29,"Velvet Choker":21,"Magic Flower":35,"Pen Nib":18,"Bag of Preparation":31,"Frozen Egg 2":5,"Boot":17,"Medical Kit":34,"Burning Blood":0,"Sozu":12,"Bottled Flame":11,"Nunchaku":18,"Shuriken":8,"Bronze Scales":29,"Orrery":4,"Molten Egg 2":30,"Red Skull":16,"Toy Ornithopter":27,"Runic Pyramid":0},{"Calipers":131,"Happy Flower":99,"Self Forming Clay":24,"Blue Candle":175,"Velvet Choker":117,"Magic Flower":220,"Pen Nib":93,"Bag of Preparation":187,"Frozen Egg 2":22,"Boot":88,"Medical Kit":209,"Burning Blood":0,"Sozu":58,"Bottled Flame":49,"Nunchaku":93,"Shuriken":35,"Bronze Scales":175,"Orrery":18,"Molten Egg 2":180,"Red Skull":82,"Toy Ornithopter":157,"Runic Pyramid":0}],"Toy Ornithopter":0},"card_choices":[{"not_picked":["True Grit","Headbutt"],"picked":"Armaments","floor":1},{"not_picked":["Cleave","True Grit"],"picked":"Body Slam","floor":2},{"not_picked":["True Grit","Havoc"],"picked":"Dropkick","floor":3},{"not_picked":["Perfected Strike","Havoc"],"picked":"Power Through","floor":4},{"not_picked":["Bludgeon","Evolve"],"picked":"Immolate","floor":5},{"not_picked":["Armaments","Iron Wave"],"picked":"Battle Trance","floor":5},{"not_picked":["Dropkick","Twin Strike"],"picked":"Shockwave","floor":5},{"not_picked":["Second Wind","Evolve+1"],"picked":"Reaper","floor":7},{"not_picked":["Clothesline","True Grit"],"picked":"Shrug It Off","floor":8},{"not_picked":["Reckless Charge","Clothesline","Flex"],"picked":"SKIP","floor":10},{"not_picked":["Uppercut","Headbutt"],"picked":"Barricade+1","floor":11},{"not_picked":["Body Slam","Twin Strike","Armaments"],"picked":"SKIP","floor":12},{"not_picked":["Thunderclap","Shrug It Off"],"picked":"Disarm","floor":13},{"not_picked":["Immolate","Hemokinesis"],"picked":"Inflame+1","floor":14},{"not_picked":["Brutality+1","Limit Break"],"picked":"Impervious","floor":16},{"not_picked":["Shockwave","Inflame+1","Hemokinesis"],"picked":"SKIP","floor":18},{"not_picked":["Shockwave","Inflame+1","Hemokinesis"],"picked":"SKIP","floor":18},{"not_picked":["Shockwave","Inflame+1","Hemokinesis"],"picked":"SKIP","floor":18},{"not_picked":["Iron Wave","Flex","Blood for Blood+1"],"picked":"SKIP","floor":21},{"not_picked":["Iron Wave","Flex","Blood for Blood+1"],"picked":"SKIP","floor":21},{"not_picked":["Cleave","Flex"],"picked":"Dual Wield","floor":22},{"not_picked":["Iron Wave","Bloodletting","Intimidate"],"picked":"SKIP","floor":23},{"not_picked":["Iron Wave","Intimidate"],"picked":"Bloodletting","floor":23},{"not_picked":["Inflame+1","Seeing Red","Spot Weakness"],"picked":"SKIP","floor":25},{"not_picked":["Inflame+1","Seeing Red","Spot Weakness"],"picked":"SKIP","floor":25},{"not_picked":["Anger","Shockwave"],"picked":"Battle Trance+1","floor":27},{"not_picked":["Heavy Blade","Clothesline"],"picked":"Rage+1","floor":29},{"not_picked":["Sword Boomerang","Flex"],"picked":"Twin Strike+1","floor":31},{"not_picked":["Demon Form+1","Immolate"],"picked":"Feed","floor":33},{"not_picked":["Searing Blow","Twin Strike","Rage"],"picked":"SKIP","floor":35},{"not_picked":["Searing Blow","Twin Strike","Rage"],"picked":"SKIP","floor":35},{"not_picked":["Flex","Bloodletting","Warcry"],"picked":"SKIP","floor":37},{"not_picked":["Havoc","Body Slam","Dropkick"],"picked":"SKIP","floor":38},{"not_picked":["Havoc","Body Slam","Dropkick"],"picked":"SKIP","floor":38},{"not_picked":["Blood for Blood","Pommel Strike"],"picked":"Reaper","floor":39},{"not_picked":["Reckless Charge+1","Armaments","Rupture+1"],"picked":"SKIP","floor":40},{"not_picked":["Reckless Charge+1","Armaments","Rupture+1"],"picked":"SKIP","floor":40},{"not_picked":["Inflame+1","Clash"],"picked":"Second Wind","floor":41},{"not_picked":["Shrug It Off","Perfected Strike"],"picked":"Disarm+1","floor":42},{"not_picked":["Spot Weakness","Cleave+1","Immolate+1"],"picked":"SKIP","floor":45},{"not_picked":["Disarm","Battle Trance"],"picked":"Thunderclap+1","floor":47},{"not_picked":["Thunderclap+1","Dark Embrace+1"],"picked":"Clothesline+1","floor":48},{"not_picked":["Sever Soul+1","Shrug It Off"],"picked":"Fiend Fire+1","floor":55}],"player_experience":20389324,"relics_obtained":[{"floor":7,"key":"Frozen Egg 2"},{"floor":9,"key":"Self Forming Clay"},{"floor":11,"key":"Shuriken"},{"floor":14,"key":"Bottled Flame"},{"floor":23,"key":"Red Skull"},{"floor":25,"key":"Boot"},{"floor":29,"key":"Happy Flower"},{"floor":36,"key":"Calipers"},{"floor":40,"key":"Toy Ornithopter"},{"floor":42,"key":"Blue Candle"},{"floor":43,"key":"Bronze Scales"},{"floor":45,"key":"Molten Egg 2"},{"floor":47,"key":"Bag of Preparation"},{"floor":55,"key":"Magic Flower"}],"event_choices":[{"damage_healed":0,"gold_gain":0,"player_choice":"Ignored","damage_taken":0,"max_hp_gain":0,"max_hp_loss":0,"event_name":"The Mausoleum","floor":19,"gold_loss":0},{"damage_healed":0,"gold_gain":0,"player_choice":"Bought 0 Potions","damage_taken":0,"max_hp_gain":0,"max_hp_loss":0,"event_name":"The Woman in Blue","floor":20,"gold_loss":0},{"damage_healed":0,"gold_gain":0,"player_choice":"Fight","damage_taken":0,"max_hp_gain":0,"max_hp_loss":0,"event_name":"MindBloom","floor":36,"gold_loss":0},{"cards_removed":["Dropkick"],"damage_healed":0,"gold_gain":0,"player_choice":"Removed Attack","damage_taken":0,"max_hp_gain":0,"max_hp_loss":0,"event_name":"Falling","floor":46,"gold_loss":0}],"is_beta":false,"boss_relics":[{"not_picked":["Tiny House","Busted Crown"],"picked":"Sozu"},{"not_picked":["Mark of Pain","Pandora\u0027s Box"],"picked":"Velvet Choker"}],"items_purged_floors":[28,54],"is_endless":false,"potions_floor_spawned":[4,7,8,12,13,14,18,21,29,31,38,39,41,45,48],"ascension_level":20}}