{"host":"5x08nt64u3vxxcfi","time":1609907608,"event":{"mods":["BaseMod","Minty Spire (QoL Compilation)","StSLib","SuperFastMode"],"gold_per_floor":[212,387,387,189,204,204,234,250,328,328,328,352,317,332,332,453,453,473,493,95,126,126,7,27,2,2,2,23,44,79,102,102,102,102],"floor_reached":33,"playtime":586,"items_purged":["Doubt","Zap"],"score":365,"play_id":"5e84d34c-a48d-4e36-a8db-1d681caa49fe","local_time":"20210106133328","is_ascension_mode":true,"campfire_choices":[{"data":"White Noise","floor":6.0,"key":"SMITH"},{"data":"Sunder","floor":10.0,"key":"SMITH"},{"data":"Go for the Eyes","floor":15.0,"key":"SMITH"},{"floor":27,"key":"REST"},{"floor":32,"key":"REST"}],"circlet_count":0,"master_deck":["Strike_B","Strike_B","Strike_B","Strike_B","Defend_B","Defend_B","Defend_B","Defend_B","Dualcast","White Noise+1","Redo","Heatsinks","Scrape","Scrape","Sunder+1","FTL","Go for the Eyes+1","Amplify","Conserve Battery","Rebound","Go for the Eyes","Sunder+1","Sweeping Beam+1","Stack","Gash","Beam Cell","Echo Form+1","FTL"],"relics":["Cracked Core","Omamori","Mercury Hourglass","Golden Idol","Sozu","Frozen Egg 2","Red Mask","HornCleat","Ice Cream","Potion Belt"],"acts_visited":["TheCity"],"potions_floor_usage":[],"damage_taken":[{"damage":0.0,"enemies":"Small Slimes","floor":1.0,"turns":3.0},{"damage":7.0,"enemies":"Jaw Worm","floor":5.0,"turns":2.0},{"damage":25.0,"enemies":"Lagavulin","floor":7.0,"turns":7.0},{"damage":0.0,"enemies":"2 Louse","floor":8.0,"turns":1.0},{"damage":13.0,"enemies":"Large Slime","floor":12.0,"turns":4.0},{"damage":13.0,"enemies":"Blue Slaver","floor":14.0,"turns":2.0},{"damage":0.0,"enemies":"Slime Boss","floor":16.0,"turns":4.0},{"damage":26.0,"enemies":"2 Thieves","floor":18.0,"turns":3.0},{"damage":0.0,"enemies":"Spheric Guardian","floor":19.0,"turns":3.0},{"damage":10.0,"enemies":"Masked Bandits","floor":21.0,"turns":3.0},{"damage":17,"enemies":"3 Cultists","floor":24,"turns":4},{"damage":0,"enemies":"Snecko","floor":28,"turns":3},{"damage":21,"enemies":"Centurion and Healer","floor":29,"turns":5},{"damage":20,"enemies":"Book of Stabbing","floor":30,"turns":5},{"damage":0,"enemies":"Snake Plant","floor":31,"turns":4},{"damage":50,"enemies":"Champ","floor":33,"turns":8}],"seed_played":"-5833464139093925671","potions_obtained":[{"floor":1.0,"key":"Energy Potion"},{"floor":8.0,"key":"Strength Potion"},{"floor":16.0,"key":"SpeedPotion"}],"is_trial":false,"path_per_floor":["M","?","?","$","M","R","E","M","T","R","?","M","?","M","R","B",null,"M","M","$","?","?","?","M","$","T","R","M","M","E","M","R","B"],"character_chosen":"DEFECT","items_purchased":["Redo","Heatsinks","Go for the Eyes","Frozen Egg 2","Stack"],"campfire_rested":2,"item_purchase_floors":[4,4,20,20,25],"current_hp_per_floor":[75,75,80,80,73,73,48,48,48,48,28,15,35,22,22,22,80,54,54,54,44,44,44,27,27,27,51,51,30,10,10,34,0,0],"gold":102,"neow_bonus":"HUNDRED_GOLD","is_daily":false,"chose_seed":false,"campfire_upgraded":3,"win_rate":0.0,"timestamp":1609907608,"path_taken":["M","?","?","$","?","R","E","M","T","R","?","M","?","M","R","BOSS","M","M","$","?","?","?","M","$","T","R","M","M","E","M","R","BOSS"],"items_purchased_type":["Card","Card","Card","Relic","Card"],"build_version":"2020-12-22","purchased_purges":2,"victory":false,"max_hp_per_floor":[75,75,80,80,80,80,80,80,80,80,80,80,80,80,80,80,80,80,80,80,80,80,80,80,80,80,80,80,80,80,80,80,80,80],"card_choices":[{"not_picked":["Reinforced Body","Streamline"],"picked":"White Noise","floor":1.0},{"not_picked":["Beam Cell","Gash"],"picked":"Scrape","floor":5.0},{"not_picked":["Leap","Redo"],"picked":"Scrape","floor":7.0},{"not_picked":["Self Repair","Leap"],"picked":"Sunder","floor":8.0},{"not_picked":["Conserve Battery","Recycle"],"picked":"FTL","floor":12.0},{"not_picked":["Rebound","Barrage"],"picked":"Go for the Eyes","floor":14.0},{"not_picked":["Biased Cognition","Machine Learning"],"picked":"Amplify","floor":16.0},{"not_picked":["Darkness","Compile Driver"],"picked":"Conserve Battery","floor":18.0},{"not_picked":["Glacier+1","Turbo+1"],"picked":"Rebound","floor":19.0},{"not_picked":["Stack","Ball Lightning+1"],"picked":"Sunder+1","floor":21.0},{"not_picked":["Go for the Eyes","Redo"],"picked":"Sweeping Beam+1","floor":24},{"not_picked":["Hello World+1","Aggregate+1"],"picked":"Gash","floor":28},{"not_picked":["Leap","Turbo"],"picked":"Beam Cell","floor":29},{"not_picked":["Heatsinks+1","Stack"],"picked":"Echo Form+1","floor":30},{"not_picked":["Recycle","Ball Lightning"],"picked":"FTL","floor":31}],"player_experience":52051,"relics_obtained":[{"floor":7.0,"key":"Omamori"},{"floor":9.0,"key":"Mercury Hourglass"},{"floor":21.0,"key":"Red Mask"},{"floor":26,"key":"Ice Cream"},{"floor":30,"key":"Potion Belt"}],"event_choices":[{"damage_healed":0.0,"max_hp_gain":0.0,"max_hp_loss":0.0,"gold_gain":175.0,"event_name":"Liars Game","player_choice":"AGREE","floor":2.0,"gold_loss":0.0,"damage_taken":0.0,"cards_obtained":["Doubt"]},{"damage_healed":0.0,"max_hp_gain":5.0,"max_hp_loss":0.0,"gold_gain":0.0,"event_name":"Big Fish","player_choice":"Donut","floor":3.0,"gold_loss":0.0,"damage_taken":0.0},{"damage_healed":0.0,"max_hp_gain":0.0,"max_hp_loss":0.0,"gold_gain":0.0,"event_name":"Golden Idol","player_choice":"Take Damage","floor":11.0,"gold_loss":0.0,"damage_taken":20.0,"relics_obtained":["Golden Idol"]},{"damage_healed":20.0,"max_hp_gain":0.0,"max_hp_loss":0.0,"gold_gain":0.0,"event_name":"The Cleric","player_choice":"Healed","floor":13.0,"gold_loss":35.0,"damage_taken":0.0},{"damage_healed":0.0,"max_hp_gain":0.0,"max_hp_loss":0.0,"gold_gain":0.0,"event_name":"Masked Bandits","player_choice":"Fought Bandits","floor":21.0,"gold_loss":0.0,"damage_taken":0.0},{"damage_healed":0,"gold_gain":0,"player_choice":"Ignored","damage_taken":0,"max_hp_gain":0,"max_hp_loss":0,"event_name":"Beggar","floor":22,"gold_loss":0},{"damage_healed":0,"gold_gain":0,"player_choice":"Paid Gold","damage_taken":0,"relics_obtained":["HornCleat"],"max_hp_gain":0,"max_hp_loss":0,"event_name":"WeMeetAgain","floor":23,"gold_loss":119}],"is_beta":false,"boss_relics":[{"not_picked":["Black Star","Runic Pyramid"],"picked":"Sozu"}],"items_purged_floors":[4,20],"is_endless":false,"potions_floor_spawned":[1,8,16,19,21,29,31],"killed_by":"Champ","ascension_level":3}}