{"host":"0m7uut7ws4kj19nt","time":1609957307,"event":{"mods":["AchievementEnabler","BaseMod","Minty Spire (QoL Compilation)","Replay The Spire","StSLib","The Cursed","The Necromancer"],"gold_per_floor":[116,130,95,112,126,126,153,153,177,177,177],"floor_reached":10,"playtime":419,"items_purged":[],"score":92,"play_id":"0ed8ad72-15e8-4fb6-a0b1-d4bf333b86d9","local_time":"20210107012147","is_ascension_mode":true,"campfire_choices":[{"data":"Neutralize","floor":6,"key":"SMITH"}],"circlet_count":0,"master_deck":["Strike_G","Strike_G","Strike_G","Strike_G","Strike_G","Defend_G","Defend_G","Defend_G","Defend_G","Defend_G","Survivor","Neutralize+1","CurseOfTheBell","Outmaneuver","Catalyst","Malaise","Setup","Backstab","ReplayTheSpireMod:The Works","Outmaneuver","Underhanded Strike"],"relics":["Calling Bell","Oddly Smooth Stone","Ninja Scroll","Prayer Wheel","ReplayTheSpireMod:TigerMarble","Juzu Bracelet"],"acts_visited":["Exordium"],"potions_floor_usage":[7,10],"damage_taken":[{"damage":3,"enemies":"Small Slimes","floor":1,"turns":4},{"damage":2,"enemies":"Jaw Worm","floor":2,"turns":6},{"damage":0,"enemies":"2 Louse","floor":4,"turns":3},{"damage":7,"enemies":"Large Slime","floor":5,"turns":9},{"damage":45,"enemies":"Gremlin Nob","floor":7,"turns":6},{"damage":20,"enemies":"3 Sentries","floor":10,"turns":2}],"seed_played":"9149608729203177713","potions_obtained":[{"floor":2,"key":"Explosive Potion"},{"floor":4,"key":"Dexterity Potion"},{"floor":5,"key":"ColorlessPotion"}],"is_trial":false,"path_per_floor":["M","M","?","M","M","R","E","$","T","E"],"character_chosen":"THE_SILENT","items_purchased":[],"campfire_rested":0,"item_purchase_floors":[],"current_hp_per_floor":[60,58,70,70,63,63,18,18,18,0,0],"gold":177,"neow_bonus":"BOSS_RELIC","is_daily":false,"chose_seed":false,"campfire_upgraded":1,"win_rate":0.0,"timestamp":1609957307,"path_taken":["M","M","?","M","M","R","E","$","T","E"],"items_purchased_type":[],"build_version":"2020-12-22","purchased_purges":0,"victory":false,"max_hp_per_floor":[70,70,70,70,70,70,70,70,70,70,70],"card_choices":[{"not_picked":["Bouncing Flask","Prepared"],"picked":"Outmaneuver","floor":1},{"not_picked":["Quick Slash","Expertise","Deflect"],"picked":"SKIP","floor":1},{"not_picked":["Prepared","Replay:Poison Smokescreen"],"picked":"Catalyst","floor":2},{"not_picked":["Deflect","Riddle With Holes"],"picked":"Malaise","floor":2},{"not_picked":["Quick Slash","Dagger Throw"],"picked":"Setup","floor":4},{"not_picked":["ReplayTheSpireMod:Shiv Toss","Cloak And Dagger"],"picked":"Backstab","floor":4},{"not_picked":["Bane","After Image"],"picked":"ReplayTheSpireMod:The Works","floor":5},{"not_picked":["Dodge and Roll","Sucker Punch"],"picked":"Outmaneuver","floor":5},{"not_picked":["All Out Attack","Sucker Punch"],"picked":"Underhanded Strike","floor":7}],"player_experience":150827,"relics_obtained":[{"floor":0,"key":"Oddly Smooth Stone"},{"floor":0,"key":"Ninja Scroll"},{"floor":0,"key":"Prayer Wheel"},{"floor":7,"key":"ReplayTheSpireMod:TigerMarble"},{"floor":9,"key":"Juzu Bracelet"}],"event_choices":[{"damage_healed":17,"gold_gain":0,"player_choice":"Healed","damage_taken":0,"max_hp_gain":0,"max_hp_loss":0,"event_name":"The Cleric","floor":3,"gold_loss":35}],"is_beta":false,"boss_relics":[],"items_purged_floors":[],"is_endless":false,"potions_floor_spawned":[2,4,5],"killed_by":"3 Sentries","ascension_level":7}}