{"host":"788p3pvxhs5s9n7p","time":1609960317,"event":{"mods":["AchievementEnabler","BaseMod","Downfall","Minty Spire (QoL Compilation)","Replay The Spire","StSLib"],"gold_per_floor":[11,25,39,49,49,77,77,107,107,118,144,144,69,84,84,84,84],"floor_reached":16,"playtime":1055,"items_purged":["Defend_R"],"score":128,"play_id":"5495f131-7462-4160-86c0-ebb623d12929","local_time":"20210106131157","is_ascension_mode":true,"campfire_choices":[{"data":"Rampage","floor":7,"key":"SMITH"},{"floor":15,"key":"REST"}],"circlet_count":0,"master_deck":["Strike_R","Strike_R","Strike_R","Strike_R","Strike_R","Defend_R+1","Defend_R","Defend_R","Bash","Limit Break+1","Perfected Strike","Rampage+1","Berserk","Shrug It Off","Self Repair+1","Headbutt"],"relics":["Quantum Egg","Bag of Marbles","War Paint","Snack Pack","Iron Core"],"acts_visited":["Exordium"],"potions_floor_usage":[6,11,16,16],"damage_taken":[{"damage":11,"enemies":"Jaw Worm","floor":1,"turns":5},{"damage":0,"enemies":"2 Louse","floor":2,"turns":3},{"damage":3,"enemies":"Small Slimes","floor":3,"turns":4},{"damage":15,"enemies":"Looter","floor":4,"turns":3},{"damage":20,"enemies":"Gremlin Nob","floor":6,"turns":4},{"damage":22,"enemies":"Replay:BlueRogue","floor":8,"turns":6},{"damage":0,"enemies":"3 Louse","floor":10,"turns":3},{"damage":43,"enemies":"Lagavulin","floor":11,"turns":5},{"damage":7,"enemies":"Blue Slaver","floor":14,"turns":4},{"damage":36,"enemies":"Fading Forest","floor":16,"turns":7}],"seed_played":"-5185576597940894666","potions_obtained":[{"floor":2,"key":"BlessingOfTheForge"},{"floor":4,"key":"SpeedPotion"},{"floor":10,"key":"SkillPotion"},{"floor":14,"key":"SkillPotion"}],"is_trial":false,"path_per_floor":["M","M","M","M","?","E","R","E","T","M","E","?","$","M","R","B"],"character_chosen":"IRONCLAD","items_purchased":[],"campfire_rested":1,"item_purchase_floors":[],"current_hp_per_floor":[75,80,80,71,71,57,57,41,41,47,10,10,10,3,27,7,7],"gold":84,"neow_bonus":"THREE_RARE_CARDS","is_daily":false,"chose_seed":false,"campfire_upgraded":1,"win_rate":0.0,"timestamp":1609960317,"path_taken":["M","M","M","M","?","E","R","E","T","M","E","?","$","M","R","BOSS"],"items_purchased_type":[],"build_version":"2020-12-22","purchased_purges":1,"victory":false,"max_hp_per_floor":[80,80,80,80,80,80,80,80,80,80,80,80,80,80,80,80,80],"card_choices":[{"not_picked":["Exhume","Eclipse"],"picked":"Limit Break","floor":0},{"not_picked":["Clothesline","Twin Strike","ReplayTheSpireMod:Strike From Hell"],"picked":"SKIP","floor":1},{"not_picked":["Sword Boomerang","True Grit","Second Wind"],"picked":"SKIP","floor":2},{"not_picked":["Replay:Undeath\u0027s Touch","Cleave"],"picked":"Perfected Strike","floor":3},{"not_picked":["Anger","Shrug It Off","True Grit"],"picked":"SKIP","floor":4},{"not_picked":["Perfected Strike","Havoc"],"picked":"Rampage","floor":6},{"not_picked":["Warcry","Body Slam"],"picked":"Berserk","floor":8},{"not_picked":["Dark Embrace","Havoc","Defy Death"],"picked":"SKIP","floor":10},{"not_picked":["True Grit","Heavy Blade"],"picked":"Shrug It Off","floor":11},{"not_picked":["Beam Cell","Shrug It Off"],"picked":"Headbutt","floor":14}],"player_experience":150500,"relics_obtained":[{"floor":6,"key":"Quantum Egg"},{"floor":8,"key":"Bag of Marbles"},{"floor":9,"key":"War Paint"},{"floor":11,"key":"Snack Pack"}],"event_choices":[{"damage_healed":0,"gold_gain":0,"player_choice":"Ignored","damage_taken":0,"max_hp_gain":0,"max_hp_loss":0,"event_name":"Liars Game","floor":5,"gold_loss":0}],"is_beta":false,"boss_relics":[],"items_purged_floors":[13],"is_endless":false,"potions_floor_spawned":[2,4,10,14],"killed_by":"Fading Forest","ascension_level":1}}