{"host":"uxq2rly8rxtwffuf","time":1609942308,"event":{"mods":["BaseMod","Koishi","Minty Spire (QoL Compilation)","StSLib","The Judge","The Servant 0.9.4"],"gold_per_floor":[360,376,5,5,23,23,23,51,51,51,62,73,85,85,85,181,181,121,121,144,169,169,169],"floor_reached":22,"playtime":928,"items_purged":["Strike_B"],"score":326,"play_id":"17ceec56-bc65-4bec-a3d5-80bb547ce965","local_time":"20210106171148","is_ascension_mode":true,"campfire_choices":[{"floor":6,"key":"REST"},{"floor":10,"key":"REST"},{"floor":15,"key":"REST"}],"circlet_count":0,"master_deck":["AscendersBane","Strike_B+1","Strike_B+1","Defend_B","Defend_B","Defend_B","Defend_B","Zap","Dualcast","Capacitor","Doom and Gloom","Chill","Tempest","Melter","Defragment","Multi-Cast","Consume","Injury","Buffer","Cold Snap","Storm","Redo","Compile Driver+1"],"relics":["Cracked Core","ClockworkSouvenir","Pear","Nunchaku","Golden Idol","Fusion Hammer"],"acts_visited":["Exordium","TheCity"],"potions_floor_usage":[13,13,16,16,22],"damage_taken":[{"damage":0,"enemies":"2 Louse","floor":1,"turns":2},{"damage":0,"enemies":"Small Slimes","floor":2,"turns":3},{"damage":1,"enemies":"Cultist","floor":5,"turns":3},{"damage":30,"enemies":"Gremlin Nob","floor":8,"turns":4},{"damage":10,"enemies":"Looter","floor":11,"turns":4},{"damage":8,"enemies":"Blue Slaver","floor":12,"turns":3},{"damage":7,"enemies":"Exordium Wildlife","floor":13,"turns":3},{"damage":17,"enemies":"Slime Boss","floor":16,"turns":11},{"damage":31,"enemies":"2 Thieves","floor":18,"turns":4},{"damage":2,"enemies":"3 Byrds","floor":20,"turns":4},{"damage":34,"enemies":"Snecko","floor":21,"turns":5},{"damage":5,"enemies":"3 Cultists","floor":22,"turns":3}],"seed_played":"2807610888461694180","potions_obtained":[{"floor":5,"key":"Explosive Potion"},{"floor":12,"key":"EntropicBrew"},{"floor":21,"key":"DistilledChaos"}],"is_trial":false,"path_per_floor":["M","M","$","?","M","R","$","E","T","R","M","M","M","?","R","B",null,"M","?","M","M","M"],"character_chosen":"DEFECT","items_purchased":["ClockworkSouvenir","Chill","Tempest"],"campfire_rested":3,"item_purchase_floors":[3,3,3],"current_hp_per_floor":[46,46,46,25,24,45,45,25,25,49,39,31,24,24,48,31,69,38,38,36,2,0,0],"gold":169,"neow_bonus":"TWO_FIFTY_GOLD","is_daily":false,"chose_seed":false,"campfire_upgraded":0,"win_rate":0.0,"timestamp":1609942308,"path_taken":["M","M","$","?","M","R","$","E","T","R","M","M","M","?","R","BOSS","M","?","M","M","?"],"items_purchased_type":["Relic","Card","Card"],"build_version":"2020-12-22","purchased_purges":1,"victory":false,"max_hp_per_floor":[71,71,71,71,71,71,71,81,81,81,81,81,81,81,81,81,81,81,81,81,81,81,81],"card_choices":[{"not_picked":["Rebound","Sweeping Beam"],"picked":"Capacitor","floor":1},{"not_picked":["Rip and Tear","Steam"],"picked":"Doom and Gloom","floor":2},{"not_picked":["FTL","Compile Driver"],"picked":"Melter","floor":5},{"not_picked":["Hologram","Stack"],"picked":"Defragment","floor":8},{"not_picked":["Barrage","Stack","Hologram"],"picked":"SKIP","floor":11},{"not_picked":["Steam","Gash"],"picked":"Multi-Cast","floor":12},{"not_picked":["Reprogram","White Noise"],"picked":"Consume","floor":13},{"not_picked":["Hyperbeam","All For One"],"picked":"Buffer","floor":16},{"not_picked":["Stack","Beam Cell"],"picked":"Cold Snap","floor":18},{"not_picked":["Sweeping Beam+1","Turbo"],"picked":"Redo","floor":20},{"not_picked":["Conserve Battery","Leap"],"picked":"Compile Driver+1","floor":21}],"player_experience":1381501,"relics_obtained":[{"floor":8,"key":"Pear"},{"floor":9,"key":"Nunchaku"}],"event_choices":[{"damage_healed":0,"gold_gain":0,"player_choice":"Entered Light","damage_taken":21,"max_hp_gain":0,"max_hp_loss":0,"event_name":"Shining Light","floor":4,"gold_loss":0,"cards_upgraded":["Strike_B","Strike_B"]},{"damage_healed":0,"gold_gain":0,"player_choice":"Take Wound","damage_taken":0,"relics_obtained":["Golden Idol"],"max_hp_gain":0,"max_hp_loss":0,"event_name":"Golden Idol","floor":14,"gold_loss":0,"cards_obtained":["Injury"]},{"damage_healed":0,"gold_gain":0,"cards_transformed":["Strike_B"],"player_choice":"Transformed","damage_taken":0,"max_hp_gain":0,"max_hp_loss":0,"event_name":"Transmorgrifier","floor":19,"gold_loss":0,"cards_obtained":["Storm"]}],"is_beta":false,"boss_relics":[{"not_picked":["Ectoplasm","Runic Dome"],"picked":"Fusion Hammer"}],"items_purged_floors":[3],"is_endless":false,"potions_floor_spawned":[5,12,13,21],"killed_by":"3 Cultists","ascension_level":15}}