{"host":"ks0rgj8xgppw8yky","time":1609969281,"event":{"mods":["BaseMod","Better Match","Better Note","Better Sensory Stone","Colored Powertips","Conspire","Downfall","GungeonMod","Hubris","Jorbs\u0027s Wanderer Trilogy","Marisa????????","Minty Spire (QoL Compilation)","StSLib","The Bug Knight","The Druid","The Forsaken","The Jungle","The Servant 0.9.4"],"gold_per_floor":[116,132,57,77,27,27,72,72,72,72,105,105,159,47,47,153,153,163,163,163,163],"floor_reached":20,"playtime":1027,"items_purged":["conspire:GhostlyStrike"],"score":187,"play_id":"132d0e06-f2b4-4c57-9af6-cf42bfe7bb8e","local_time":"20210106164121","is_ascension_mode":false,"campfire_choices":[{"data":"Leap","floor":6,"key":"SMITH"},{"floor":8,"key":"REST"},{"data":"Defragment","floor":12,"key":"SMITH"},{"data":"Fusion","floor":15,"key":"SMITH"}],"circlet_count":0,"master_deck":["conspire:GhostlyStrike","conspire:GhostlyStrike","conspire:GhostlyStrike","conspire:GhostlyDefend","conspire:GhostlyDefend","conspire:GhostlyDefend","conspire:GhostlyDefend","Zap","Dualcast","Gash","Leap+1","conspire:SpireCoStock","Defragment+1","Fusion+1","Self Repair","Creative AI","Capacitor"],"relics":["Cracked Core","hubris:OldNail","Question Card","DemoMod:Metronome","hubris:VirtuousBlindfold"],"acts_visited":["Exordium","TheCity"],"potions_floor_usage":[20],"damage_taken":[{"damage":7,"enemies":"2 Louse","floor":1,"turns":3},{"damage":4,"enemies":"Cultist","floor":2,"turns":4},{"damage":0,"enemies":"conspire:RoseBush","floor":4,"turns":2},{"damage":13,"enemies":"3 Louse","floor":7,"turns":4},{"damage":9,"enemies":"conspire:2 RoseBushes","floor":11,"turns":6},{"damage":43,"enemies":"The Guardian","floor":16,"turns":14},{"damage":50,"enemies":"conspire:FuzzyDice","floor":18,"turns":6},{"damage":45,"enemies":"Chosen","floor":20,"turns":8}],"seed_played":"-2058674469581361666","potions_obtained":[{"floor":4,"key":"SteroidPotion"},{"floor":7,"key":"Block Potion"}],"is_trial":false,"path_per_floor":["M","M","?","M","?","R","M","R","T","?","M","R","T","$","R","B",null,"M","?","M"],"character_chosen":"DEFECT","items_purchased":["Self Repair"],"campfire_rested":1,"item_purchase_floors":[14],"current_hp_per_floor":[75,71,71,71,71,71,58,82,82,82,73,73,73,73,73,37,82,39,39,0,0],"gold":163,"neow_bonus":"TEN_PERCENT_HP_BONUS","is_daily":false,"chose_seed":false,"campfire_upgraded":3,"win_rate":0.0,"timestamp":1609969281,"path_taken":["M","M","?","?","?","R","M","R","T","?","M","R","?","$","R","BOSS","M","?","?"],"items_purchased_type":["Card"],"build_version":"2020-12-22","purchased_purges":1,"victory":false,"max_hp_per_floor":[82,82,82,82,82,82,82,82,82,82,82,82,82,82,82,82,82,82,82,82,82],"card_choices":[{"not_picked":["Turbo","Stack"],"picked":"Gash","floor":1},{"not_picked":["Go for the Eyes","Coolheaded"],"picked":"Leap","floor":2},{"not_picked":["Beam Cell","Steam","Go for the Eyes"],"picked":"SKIP","floor":4},{"not_picked":["Barrage","Conserve Battery"],"picked":"Defragment","floor":7},{"not_picked":["Beam Cell","hubris:PowerSurge","Redo"],"picked":"Fusion","floor":11},{"not_picked":["All For One","Reboot","Echo Form"],"picked":"Creative AI","floor":16},{"not_picked":["Chaos","hubris:Ukulele","Streamline+1"],"picked":"Capacitor","floor":18}],"player_experience":959188,"relics_obtained":[{"floor":9,"key":"Question Card"},{"floor":13,"key":"DemoMod:Metronome"}],"event_choices":[{"damage_healed":0,"gold_gain":0,"player_choice":"Paid Gold","damage_taken":0,"relics_obtained":["hubris:OldNail"],"max_hp_gain":0,"max_hp_loss":0,"event_name":"WeMeetAgain","floor":3,"gold_loss":75},{"damage_healed":0,"gold_gain":0,"player_choice":"Invest 1","damage_taken":0,"max_hp_gain":0,"max_hp_loss":0,"event_name":"conspire:Investor","floor":5,"gold_loss":0},{"damage_healed":0,"gold_gain":0,"player_choice":"Agree","damage_taken":0,"max_hp_gain":0,"max_hp_loss":0,"event_name":"conspire:LoneGhost","floor":10,"gold_loss":0},{"cards_removed":["conspire:GhostlyStrike"],"damage_healed":0,"gold_gain":0,"player_choice":"Give","damage_taken":0,"max_hp_gain":0,"max_hp_loss":0,"event_name":"betterNote:BetterNote","floor":19,"gold_loss":0,"cards_obtained":["Defend_R"]}],"is_beta":false,"boss_relics":[{"not_picked":["hubris:BlackHole","Nuclear Battery"],"picked":"hubris:VirtuousBlindfold"}],"items_purged_floors":[14],"is_endless":false,"potions_floor_spawned":[4,7],"killed_by":"Chosen","ascension_level":0}}