{"host":"avq773cl9g5msfol","time":1609945107,"event":{"mods":["100% Spire Juice","AchievementEnabler","Act Like it!","Ascension Unlocker","Aspiration","Astrologer","Bard","Bartender","BaseMod","Better Altar","Better Third Choice","BetterRewards","CapriCore","ChefMod","Colored Map","Colored Powertips","Conspire","Dio Mod","Downfall","Elementarium","Energized Spire","Gensokyo","GifTheSpireLib","GungeonMod","Hallownest","Hermit","Highlight Path","Hubris","Humility","Infinite Spire","Jorbs\u0027s Wanderer Trilogy","Koishi","Magitek Elite","Marisa????????","Marked Mod","Menagerie","Minty Spire (QoL Compilation)","Pale of the Ancients","Potionbrewer","Quarter Circle Forward PUNCH!","Rare Cards Sparkle","Reimu??????","Relic Stats","Remilia??????","Replay The Spire","SacredBarkPlus","Shade Mod","Somnambulant","Spicy Shops","StSLib","Synergy Search","The Administrix","The Blue Laboratory","The Bug Knight","The Construct","The Cursed","The Disciple","The Dragon Tamer","The Exalted","The Hayseed","The Hierophant","The Immortal","The Judge","The Marked","The Mystic","The Problem Sleuth","The Runesmith","The Senshi","The Vixen","The Wild Card","TheArtist","TheFirefly","Wandering Minibosses","vexMod"],"gold_per_floor":[112,112,126,126,142,142,142,168,168,202,218,704,714,748,748,844,844,864,693,693,693,703,703,356,236,291,291,306,324,324,324,324,423,423,442,457,473,473,633,633,653,713,713,730,383,383,143,58,58,58],"floor_reached":51,"playtime":3210,"items_purged":["Moonworks:FinalBattle+1","Moonworks:Assault+1"],"score":1257,"play_id":"55edfd06-976f-493e-bafb-734ca0558b97","local_time":"20210106215827","is_ascension_mode":false,"campfire_choices":[{"data":"Moonworks:Dash","floor":6.0,"key":"SMITH"},{"data":"Moonworks:IndiscriminateFireSupport","floor":15.0,"key":"SMITH"},{"data":"Moonworks:Ambush","floor":23.0,"key":"SMITH"},{"data":"Gensokyo:TurboGranny","floor":30.0,"key":"SMITH"},{"data":"somnambulantmod: Bruise","floor":32.0,"key":"SMITH"},{"data":"Moonworks:StiffCrystal","floor":40.0,"key":"SMITH"},{"data":"Moonworks:StiffCrystal","floor":46,"key":"SMITH"},{"data":"Hallownest:skillKingdomsEdgeMap","floor":49,"key":"SMITH"}],"circlet_count":0,"master_deck":["Moonworks:Ambush+1","Moonworks:LongDistanceShot","Moonworks:CrystalBarrier+1","Moonworks:FinalBattle+1","Moonworks:AwakeningOfTalent+1","Moonworks:ScrambledEve+1","Moonworks:TacticalRetreat+1","Moonworks:CookingTime+1","Moonworks:BackdoorTrade+1","Moonworks:x16BigRocket+1","Moonworks:TacticalRetreat+1","Moonworks:DevilHand+1","Sadistic Nature+1","Moonworks:NicePresent+1","Moonworks:FinalSurgery+1","Moonworks:RocketCannon+1","Moonworks:SakisCookie+1","Poisoned Strike+1","Moonworks:DeployBits+1","Moonworks:Dash+1","Moonworks:IndiscriminateFireSupport+1","Moonworks:StiffCrystal+1","Moonworks:Accelerator+1","Moonworks:StiffCrystal+1","Moonworks:HolyNight+1","Gensokyo:TurboGranny+1","somnambulantmod: Bruise+1","stsjorbsmod:Panic+1","Limit Break+1","WordoMod:ProjectilePurge","DTMod:BurningEnergy","Runesmith:Reinforce+1","Hallownest:skillKingdomsEdgeMap+1"],"relics":["Moonworks:BrokenBomb","Moonworks:Homemark","Golden Egg","Quantum Egg","Anchor","qcfpunch:Handcuffs","OrangePellets","DemoMod:WeirdEgg","qcfpunch:Wrestler\u0027s_Cloak","infinitespire:Broken Mirror","hubris:EvacipatedBox","DemoMod:GlassGuonStoneRelic","Mastiff:ReiMu","wanderingMiniBosses:LockLocket","Bromod:ArcaneDeflection","vexMod:EndlessSickness","PrismaticShard","Gensokyo:DirgeOfMelancholy","TungstenRod","HollowMod:JonisBlessing","Gensokyo:SpiderMask","aspiration:HiddenCompartment","hubris:Towel","Gem_Box","Hallownest:GodTamersBeastRelic","Pocketwatch","Guard_Bracelet"],"acts_visited":["Menagerie:Menagerie","Gensokyo:Gensokyoer","Hallownest:KingdomsEdge"],"potions_floor_usage":[50],"damage_taken":[{"damage":0.0,"enemies":"Menagerie:StygianBoar","floor":1.0,"turns":1.0},{"damage":0.0,"enemies":"Menagerie:2_RABBITS","floor":3.0,"turns":2.0},{"damage":0.0,"enemies":"Menagerie:WhisperingWraith","floor":5.0,"turns":2.0},{"damage":0.0,"enemies":"Menagerie:VoidReaper","floor":8.0,"turns":3.0},{"damage":0.0,"enemies":"conspire:MimicChest","floor":10.0,"turns":4.0},{"damage":0.0,"enemies":"Menagerie:3_RABBITS","floor":11.0,"turns":3.0},{"damage":0.0,"enemies":"Menagerie:BEAST_MAGE_AND_PROWLING_AMALGAM","floor":12.0,"turns":3.0},{"damage":0.0,"enemies":"Menagerie:STYGIAN_BOAR_AND_RABBIT","floor":13.0,"turns":3.0},{"damage":0.0,"enemies":"Menagerie:Hydra","floor":14.0,"turns":3.0},{"damage":0.0,"enemies":"Menagerie:AVATARS","floor":16.0,"turns":3.0},{"damage":0.0,"enemies":"Gensokyo:2_Gloops","floor":18.0,"turns":2.0},{"damage":0.0,"enemies":"Gensokyo:AngelMirror","floor":22.0,"turns":3.0},{"damage":0.0,"enemies":"Gensokyo:Slime_Group","floor":28.0,"turns":3.0},{"damage":0.0,"enemies":"Gensokyo:Monolith_and_Dog","floor":29.0,"turns":1.0},{"damage":0.0,"enemies":"Gensokyo:Eiki","floor":33.0,"turns":4.0},{"damage":0.0,"enemies":"Hallownest:2_Littles","floor":35.0,"turns":2.0},{"damage":0.0,"enemies":"Hallownest:3_Siblings","floor":36.0,"turns":4.0},{"damage":0.0,"enemies":"Hallownest:2_Wing_and_1_Kings","floor":37.0,"turns":3.0},{"damage":0.0,"enemies":"Hallownest:2_Wing_and_1_Kings","floor":39.0,"turns":3.0},{"damage":0.0,"enemies":"Hallownest:2_Wing_and_1_Kings","floor":39.0,"turns":4.0},{"damage":0.0,"enemies":"Hallownest:2_Wing_and_1_Kings","floor":39.0,"turns":2.0},{"damage":0.0,"enemies":"Hallownest:2_Wing_and_1_Kings","floor":39.0,"turns":2.0},{"damage":0.0,"enemies":"Hallownest:monsterPrimalAspid","floor":41.0,"turns":3.0},{"damage":0.0,"enemies":"Hallownest:2_Primals","floor":42.0,"turns":3.0},{"damage":0,"enemies":"Hallownest:2_Wandering_and_1_Horned","floor":44,"turns":6},{"damage":0,"enemies":"Hallownest:2_Great","floor":45,"turns":2},{"damage":0,"enemies":"Hallownest:BossHollowKnight","floor":50,"turns":9}],"seed_played":"46265681408503625","potions_obtained":[],"is_trial":false,"path_per_floor":["M","?","M","?","M","R","$","E","T","?","M","M","M","E","R","B",null,"M","$","?","?","M","R","COS","?","T","?","M","M","R","?","R","B",null,"M","M","M","?","?","R","M","?","T","M","M","R","$","?","R","B",null],"character_chosen":"THE_STARBREAKER","items_purchased":["Moonworks:BackdoorTrade","Moonworks:x16BigRocket","hexamod:EctoCoolerPotion","Swift Potion","Moonworks:TacticalRetreat","Blue Doll","Moonworks:DevilHand+1","Sadistic Nature","Anchor","LifebloodPotion","Moonworks:NicePresent","qcfpunch:Handcuffs","OrangePellets","Moonworks:FinalSurgery","DemoMod:WeirdEgg","qcfpunch:Wrestler\u0027s_Cloak","Moonworks:RocketCannon","Moonworks:SakisCookie","Poisoned Strike","infinitespire:Broken Mirror","Languid Potion","PrismaticShard"],"campfire_rested":0,"item_purchase_floors":[0,0,0,0,0,0,0,0,0,0,0,0,0,0,0,0,0,0,0,0,0,19],"current_hp_per_floor":[60,60,60,55,60,60,60,60,60,60,60,60,60,60,60,60,60,60,60,60,56,56,56,56,56,56,56,56,56,56,61,61,61,61,61,61,61,61,61,61,61,61,61,61,61,61,61,61,61,61],"gold":58,"neow_bonus":"","is_daily":false,"chose_seed":false,"campfire_upgraded":8,"win_rate":0.0,"timestamp":1609945107,"path_taken":["M","?","M","?","M","R","$","E","T","?","M","M","?","E","R","BOSS","M","$","?","?","?","R","COS","?","T","?","M","M","R","?","R","BOSS","M","M","?","?","?","R","M","?","T","M","M","R","$","?","R","BOSS"],"items_purchased_type":["Card","Card","Potion","Potion","Card","Relic","Card","Card","Relic","Potion","Card","Relic","Relic","Card","Relic","Relic","Card","Card","Card","Relic","Potion","Relic"],"build_version":"2020-12-22","purchased_purges":2,"victory":true,"max_hp_per_floor":[60,60,60,60,60,60,60,60,60,60,60,60,60,60,60,60,60,60,60,60,56,56,56,56,56,56,56,56,56,56,61,61,61,61,61,61,61,61,61,61,61,61,61,61,61,61,61,61,61,61],"relic_stats":{"OrangePellets":[16],"counters":[197,603],"obtain_stats":[{"Golden Egg":1,"construct:FoamFinger":0,"Bromod:ArcaneNullifier":43,"downfall:HeartBlessingGreen":35,"wanderingMiniBosses:OtherGremlinHorn":4,"Ginger":29,"qcfpunch:Red_Beret":35,"Old Coin":41,"Replay:Wanted Poster":34,"vexMod:InvisibilityCloak":0,"aspiration:PoetsPen":34,"Ribbon":0,"qcfpunch:Lotus_Statue":24,"vexMod:EndlessSickness":34,"HollowMod:QueensCombRelic":12,"construct:RocketBooster":0,"DemoMod:OrangeGuonStone":23,"HollowMod:JonisBlessing":53,"aspiration:FrozenJewel":14,"Akabeko":45,"Elementarium:GoldenMirage":20,"potionbrewer:Torch":38,"vexMod:GhostlyGear":0,"DemoMod:GundromedaStrain":48,"Elementarium:ElementariumTrophy":33,"infinitespire:Broken Mirror":4,"Bird Faced Urn":46,"Tintinnabulum":12,"Snecko Eye":24,"Pandora\u0027s Box":4,"MysticCrockPot":0,"hubris:TenFootPole":14,"infinitespire:Cupcake":34,"qcfpunch:Spiky_Bracers":0,"aspiration:Lifesprig":7,"Moonworks:GoldenDie":0,"hierophant:PropheticMaskRelic":3,"Bromod:ArcanePistoleer":23,"Blue Doll":10,"wanderingMiniBosses:AbyssPearl":15,"hubris:EmptyBottle":0,"Ancient Tea Set":41,"Gensokyo:PortableGap":17,"Cursed Key":17,"White_Cape":26,"Hallownest:GodTamersBeastRelic":39,"Pet Ghost":3,"Gensokyo:LunaticRedEyes":4,"hubris:EvacipatedBox":3,"Replay:Rubber Ducky":39,"hubris:Backtick":34,"Toolbox":37,"WingedGreaves":4,"energizedSpire:HugeHouse":17,"aspiration:FutureDiary":0,"Guardian:BottledAnomaly":0,"wanderingMiniBosses:LockLocket":12,"InkBottle":52,"Potion Belt":31,"Slimebound:SelfDamagePreventRelic":22,"Gensokyo:DirgeOfMelancholy":20,"downfall:HeartBlessingRed":18,"DemoMod:WeirdEgg":0,"Thread and Needle":0,"PreservedInsect":4,"hexamod:InflammatoryLetter":41,"The Courier":6,"infinitespire:CheckeredPen":8,"infinitespire:Lucky Rock":13,"hubris:Towel":29,"PureWhite:ReiMu":0,"Ornamental Fan":22,"Bromod:ArcaneDeflection":14,"CrazyTorch:ReiMu":45,"Slimebound:AbsorbEndCombat":0,"Garlic":26,"ReplayTheSpireMod:Lightbulb":37,"infinitespire:Midas Blood":43,"Ice Cream":0,"DemoMod:BlueGuonStone":0,"hubris:CrystalStatue":34,"Calipers":0,"Tea:ReiMu":24,"Vajra":12,"DemoMod:GlassGuonStoneRelic":2,"theSenshi:FeatherClipsRelic":13,"DemoMod:RiddleOfLead":17,"DemoMod:MonsterBlood":42,"Mastiff:ReiMu":0,"qcfpunch:Red_Gi":38,"qcfpunch:Handcuffs":0,"DemoMod:ClearGuonStone":0,"hexamod:SpiritBrand":0,"conspire:Dentures":41,"Guardian:BottledStasis":0,"Happy Flower":0,"aspiration:Nostalgia":3,"Dead Branch":0,"Oddly Smooth Stone":44,"Guardian:ModeShifter":0,"hexamod:TheBrokenSeal":3,"wanderingMiniBosses:MasterThiefsPresence":13,"hubris:FruitBowl":3,"potionbrewer:BhaskarasWheel":17,"vexMod:PaidLearning":0,"conspire:Boomerang":42,"War Paint":40,"Question Card":0,"aspiration:HiddenCompartment":26,"hexamod:MatchstickCase":8,"OrangePellets":29,"Replay:Baseball":28,"Shuriken":0,"energizedSpire:NeverEndingSparkler":17,"PaintedHorse:ReiMu":4,"Bronze Scales":26,"Moonworks:Homemark":0,"infinitespire:EmpoweringShard":0,"ReplayTheSpireMod:TigerMarble":7,"Grinning Jar":21,"aspiration:HatOfInfinitePower":11,"Meat on the Bone":9,"Pocketwatch":42,"Bromod:ArcaneAvenger":44,"theSenshi:SuperSailorFukuRelic":0,"SlipperyGoo":0,"qcfpunch:Not_Strongest_Fighting_Style_Guidebook":41,"Enchiridion":4,"Gensokyo:SpiderMask":25,"Juzu Bracelet":41,"Incense Burner":0,"hubris:SlimyHat":0,"Hallownest:DreamNailRelic":8,"DemoMod:WhiteGuonStone":40,"Empty Cage":5,"PrismaticShard":19,"ClockworkSouvenir":45,"DemoMod:SevenLeafClover":26,"Frozen Eye":25,"hubris:Icosahedron":19,"downfall:HeartBlessingBlue":18,"downfall:KnowingSkull":20,"Genji_Glove":26,"qcfpunch:Wrestler\u0027s_Cloak":39,"TheVixenMod:UmbreonRelic":37,"Bromod:ArcaneGuardian":26,"Gremlin Food":0,"hubris:DisguiseKit":45,"qcfpunch:Army_Boots":26,"BargainBundle":28,"ReplayTheSpireMod:Ninjato":22,"Replay:Towering Pillar of Hats":0,"aspiration:FetidBarrel":0,"Quantum Egg":1,"vexMod:ConsolationPrize":24,"vexMod:FocusSash":30,"qcfpunch:White_Boots":0,"Medical Kit":14,"theWildCard:VelvetContract":0,"Pondfish Scales":0,"Golden_Hairpin":34,"CaptainsWheel":0,"Anchor":0,"wanderingMiniBosses:CarrionFlame":22,"Chronometer":0,"vexMod:HeadHunter":0,"qcfpunch:Red_Headband":24,"Bag of Marbles":43,"Membership Card":0,"Gem_Box":34,"DemoMod:WaxWing":17,"potionbrewer:Keyblade":19,"Guard_Bracelet":43,"hexamod:IceCube":34,"TungstenRod":21,"RuthlessExorcism:ReiMu":25,"Moonworks:BrokenBomb":0},{"Golden Egg":0,"construct:FoamFinger":123,"Bromod:ArcaneNullifier":120,"downfall:HeartBlessingGreen":93,"wanderingMiniBosses:OtherGremlinHorn":2,"Ginger":15,"qcfpunch:Red_Beret":43,"Old Coin":45,"Replay:Wanted Poster":93,"vexMod:InvisibilityCloak":25,"aspiration:PoetsPen":18,"Ribbon":51,"qcfpunch:Lotus_Statue":86,"vexMod:EndlessSickness":117,"HollowMod:QueensCombRelic":158,"construct:RocketBooster":74,"DemoMod:OrangeGuonStone":12,"HollowMod:JonisBlessing":101,"aspiration:FrozenJewel":133,"Akabeko":147,"Elementarium:GoldenMirage":113,"potionbrewer:Torch":45,"vexMod:GhostlyGear":149,"DemoMod:GundromedaStrain":23,"Elementarium:ElementariumTrophy":117,"infinitespire:Broken Mirror":2,"Bird Faced Urn":98,"Tintinnabulum":7,"Snecko Eye":113,"Pandora\u0027s Box":2,"MysticCrockPot":123,"hubris:TenFootPole":32,"infinitespire:Cupcake":167,"qcfpunch:Spiky_Bracers":51,"aspiration:Lifesprig":28,"Moonworks:GoldenDie":153,"hierophant:PropheticMaskRelic":104,"Bromod:ArcanePistoleer":37,"Blue Doll":130,"wanderingMiniBosses:AbyssPearl":83,"hubris:EmptyBottle":25,"Ancient Tea Set":45,"Gensokyo:PortableGap":60,"Cursed Key":84,"White_Cape":113,"Hallownest:GodTamersBeastRelic":192,"Pet Ghost":27,"Gensokyo:LunaticRedEyes":53,"hubris:EvacipatedBox":154,"Replay:Rubber Ducky":68,"hubris:Backtick":43,"Toolbox":68,"WingedGreaves":53,"energizedSpire:HugeHouse":134,"aspiration:FutureDiary":0,"Guardian:BottledAnomaly":51,"wanderingMiniBosses:LockLocket":177,"InkBottle":101,"Potion Belt":41,"Slimebound:SelfDamagePreventRelic":11,"Gensokyo:DirgeOfMelancholy":181,"downfall:HeartBlessingRed":84,"DemoMod:WeirdEgg":51,"Thread and Needle":149,"PreservedInsect":27,"hexamod:InflammatoryLetter":96,"The Courier":127,"infinitespire:CheckeredPen":29,"infinitespire:Lucky Rock":57,"hubris:Towel":89,"PureWhite:ReiMu":74,"Ornamental Fan":11,"Bromod:ArcaneDeflection":179,"CrazyTorch:ReiMu":22,"Slimebound:AbsorbEndCombat":0,"Garlic":39,"ReplayTheSpireMod:Lightbulb":68,"infinitespire:Midas Blood":146,"Ice Cream":51,"DemoMod:BlueGuonStone":25,"hubris:CrystalStatue":43,"Calipers":153,"Tea:ReiMu":62,"Vajra":81,"DemoMod:GlassGuonStoneRelic":1,"theSenshi:FeatherClipsRelic":109,"DemoMod:RiddleOfLead":60,"DemoMod:MonsterBlood":69,"Mastiff:ReiMu":149,"qcfpunch:Red_Gi":144,"qcfpunch:Handcuffs":170,"DemoMod:ClearGuonStone":25,"hexamod:SpiritBrand":51,"conspire:Dentures":145,"Guardian:BottledStasis":25,"Happy Flower":25,"aspiration:Nostalgia":104,"Dead Branch":102,"Oddly Smooth Stone":22,"Guardian:ModeShifter":25,"hexamod:TheBrokenSeal":53,"wanderingMiniBosses:MasterThiefsPresence":133,"hubris:FruitBowl":154,"potionbrewer:BhaskarasWheel":9,"vexMod:PaidLearning":123,"conspire:Boomerang":146,"War Paint":21,"Question Card":25,"aspiration:HiddenCompartment":182,"hexamod:MatchstickCase":54,"OrangePellets":40,"Replay:Baseball":14,"Shuriken":51,"energizedSpire:NeverEndingSparkler":111,"PaintedHorse:ReiMu":151,"Bronze Scales":137,"Moonworks:Homemark":149,"infinitespire:EmpoweringShard":51,"ReplayTheSpireMod:TigerMarble":106,"Grinning Jar":113,"aspiration:HatOfInfinitePower":56,"Meat on the Bone":30,"Pocketwatch":194,"Bromod:ArcaneAvenger":72,"theSenshi:SuperSailorFukuRelic":25,"SlipperyGoo":123,"qcfpunch:Not_Strongest_Fighting_Style_Guidebook":120,"Enchiridion":125,"Gensokyo:SpiderMask":182,"Juzu Bracelet":21,"Incense Burner":25,"hubris:SlimyHat":25,"Hallownest:DreamNailRelic":106,"DemoMod:WhiteGuonStone":21,"Empty Cage":76,"PrismaticShard":181,"ClockworkSouvenir":22,"DemoMod:SevenLeafClover":39,"Frozen Eye":62,"hubris:Icosahedron":84,"downfall:HeartBlessingBlue":84,"downfall:KnowingSkull":10,"Genji_Glove":39,"qcfpunch:Wrestler\u0027s_Cloak":95,"TheVixenMod:UmbreonRelic":143,"Bromod:ArcaneGuardian":163,"Gremlin Food":149,"hubris:DisguiseKit":22,"qcfpunch:Army_Boots":39,"BargainBundle":138,"ReplayTheSpireMod:Ninjato":62,"Replay:Towering Pillar of Hats":51,"aspiration:FetidBarrel":25,"Quantum Egg":0,"vexMod:ConsolationPrize":113,"vexMod:FocusSash":139,"qcfpunch:White_Boots":51,"Medical Kit":133,"theWildCard:VelvetContract":102,"Pondfish Scales":25,"Golden_Hairpin":141,"CaptainsWheel":149,"Anchor":149,"wanderingMiniBosses:CarrionFlame":162,"Chronometer":123,"vexMod:HeadHunter":74,"qcfpunch:Red_Headband":12,"Bag of Marbles":71,"Membership Card":51,"Gem_Box":185,"DemoMod:WaxWing":34,"potionbrewer:Keyblade":60,"Guard_Bracelet":194,"hexamod:IceCube":67,"TungstenRod":181,"RuthlessExorcism:ReiMu":63,"Moonworks:BrokenBomb":149},{"Golden Egg":0,"construct:FoamFinger":362,"Bromod:ArcaneNullifier":356,"downfall:HeartBlessingGreen":285,"wanderingMiniBosses:OtherGremlinHorn":8,"Ginger":42,"qcfpunch:Red_Beret":120,"Old Coin":126,"Replay:Wanted Poster":285,"vexMod:InvisibilityCloak":71,"aspiration:PoetsPen":52,"Ribbon":143,"qcfpunch:Lotus_Statue":256,"vexMod:EndlessSickness":352,"HollowMod:QueensCombRelic":469,"construct:RocketBooster":213,"DemoMod:OrangeGuonStone":33,"HollowMod:JonisBlessing":316,"aspiration:FrozenJewel":399,"Akabeko":438,"Elementarium:GoldenMirage":345,"potionbrewer:Torch":126,"vexMod:GhostlyGear":448,"DemoMod:GundromedaStrain":66,"Elementarium:ElementariumTrophy":352,"infinitespire:Broken Mirror":8,"Bird Faced Urn":302,"Tintinnabulum":17,"Snecko Eye":345,"Pandora\u0027s Box":8,"MysticCrockPot":362,"hubris:TenFootPole":86,"infinitespire:Cupcake":511,"qcfpunch:Spiky_Bracers":143,"aspiration:Lifesprig":78,"Moonworks:GoldenDie":455,"hierophant:PropheticMaskRelic":328,"Bromod:ArcanePistoleer":99,"Blue Doll":387,"wanderingMiniBosses:AbyssPearl":246,"hubris:EmptyBottle":71,"Ancient Tea Set":126,"Gensokyo:PortableGap":173,"Cursed Key":251,"White_Cape":345,"Hallownest:GodTamersBeastRelic":580,"Pet Ghost":76,"Gensokyo:LunaticRedEyes":151,"hubris:EvacipatedBox":457,"Replay:Rubber Ducky":193,"hubris:Backtick":120,"Toolbox":193,"WingedGreaves":151,"energizedSpire:HugeHouse":404,"aspiration:FutureDiary":0,"Guardian:BottledAnomaly":143,"wanderingMiniBosses:LockLocket":538,"InkBottle":316,"Potion Belt":110,"Slimebound:SelfDamagePreventRelic":28,"Gensokyo:DirgeOfMelancholy":549,"downfall:HeartBlessingRed":251,"DemoMod:WeirdEgg":143,"Thread and Needle":448,"PreservedInsect":76,"hexamod:InflammatoryLetter":292,"The Courier":378,"infinitespire:CheckeredPen":81,"infinitespire:Lucky Rock":163,"hubris:Towel":266,"PureWhite:ReiMu":213,"Ornamental Fan":28,"Bromod:ArcaneDeflection":544,"CrazyTorch:ReiMu":64,"Slimebound:AbsorbEndCombat":0,"Garlic":107,"ReplayTheSpireMod:Lightbulb":193,"infinitespire:Midas Blood":435,"Ice Cream":143,"DemoMod:BlueGuonStone":71,"hubris:CrystalStatue":120,"Calipers":455,"Tea:ReiMu":178,"Vajra":238,"DemoMod:GlassGuonStoneRelic":4,"theSenshi:FeatherClipsRelic":337,"DemoMod:RiddleOfLead":173,"DemoMod:MonsterBlood":197,"Mastiff:ReiMu":448,"qcfpunch:Red_Gi":432,"qcfpunch:Handcuffs":520,"DemoMod:ClearGuonStone":71,"hexamod:SpiritBrand":143,"conspire:Dentures":434,"Guardian:BottledStasis":71,"Happy Flower":71,"aspiration:Nostalgia":328,"Dead Branch":325,"Oddly Smooth Stone":64,"Guardian:ModeShifter":71,"hexamod:TheBrokenSeal":150,"wanderingMiniBosses:MasterThiefsPresence":399,"hubris:FruitBowl":457,"potionbrewer:BhaskarasWheel":23,"vexMod:PaidLearning":362,"conspire:Boomerang":435,"War Paint":62,"Question Card":71,"aspiration:HiddenCompartment":552,"hexamod:MatchstickCase":154,"OrangePellets":108,"Replay:Baseball":38,"Shuriken":143,"energizedSpire:NeverEndingSparkler":343,"PaintedHorse:ReiMu":451,"Bronze Scales":413,"Moonworks:Homemark":448,"infinitespire:EmpoweringShard":143,"ReplayTheSpireMod:TigerMarble":331,"Grinning Jar":345,"aspiration:HatOfInfinitePower":158,"Meat on the Bone":83,"Pocketwatch":586,"Bromod:ArcaneAvenger":207,"theSenshi:SuperSailorFukuRelic":71,"SlipperyGoo":362,"qcfpunch:Not_Strongest_Fighting_Style_Guidebook":356,"Enchiridion":369,"Gensokyo:SpiderMask":552,"Juzu Bracelet":62,"Incense Burner":71,"hubris:SlimyHat":71,"Hallownest:DreamNailRelic":331,"DemoMod:WhiteGuonStone":62,"Empty Cage":217,"PrismaticShard":549,"ClockworkSouvenir":64,"DemoMod:SevenLeafClover":107,"Frozen Eye":178,"hubris:Icosahedron":251,"downfall:HeartBlessingBlue":251,"downfall:KnowingSkull":25,"Genji_Glove":107,"qcfpunch:Wrestler\u0027s_Cloak":289,"TheVixenMod:UmbreonRelic":431,"Bromod:ArcaneGuardian":498,"Gremlin Food":448,"hubris:DisguiseKit":64,"qcfpunch:Army_Boots":107,"BargainBundle":416,"ReplayTheSpireMod:Ninjato":178,"Replay:Towering Pillar of Hats":143,"aspiration:FetidBarrel":71,"Quantum Egg":0,"vexMod:ConsolationPrize":345,"vexMod:FocusSash":423,"qcfpunch:White_Boots":143,"Medical Kit":399,"theWildCard:VelvetContract":325,"Pondfish Scales":71,"Golden_Hairpin":428,"CaptainsWheel":448,"Anchor":448,"wanderingMiniBosses:CarrionFlame":488,"Chronometer":362,"vexMod:HeadHunter":213,"qcfpunch:Red_Headband":33,"Bag of Marbles":203,"Membership Card":143,"Gem_Box":560,"DemoMod:WaxWing":91,"potionbrewer:Keyblade":173,"Guard_Bracelet":586,"hexamod:IceCube":192,"TungstenRod":549,"RuthlessExorcism:ReiMu":181,"Moonworks:BrokenBomb":448}],"TungstenRod":0,"Pocketwatch":[11]},"card_choices":[{"not_picked":["Moonworks:IndiscriminateFireSupport","Moonworks:SakisCookie"],"picked":"Moonworks:DeployBits","floor":1.0},{"not_picked":["Moonworks:BigMagnum","Moonworks:LuckyCharm"],"picked":"Moonworks:Dash","floor":3.0},{"not_picked":["Moonworks:BackdoorTrade","Moonworks:Bloodlust"],"picked":"Moonworks:IndiscriminateFireSupport","floor":5.0},{"not_picked":["Moonworks:WindyEnchantment","Moonworks:IntelligenceOfficer"],"picked":"Moonworks:StiffCrystal","floor":8.0},{"not_picked":["Moonworks:AwakeningOfTalent","Moonworks:SakisCookie","Moonworks:CompletionReward"],"picked":"SKIP","floor":11.0},{"not_picked":["Moonworks:BigMagnum","Moonworks:UnpaidWork"],"picked":"Moonworks:Accelerator","floor":12.0},{"not_picked":["Moonworks:ForcedRevival","Moonworks:CookingTime"],"picked":"Moonworks:StiffCrystal","floor":13.0},{"not_picked":["Moonworks:SakisCookie","Moonworks:IndiscriminateFireSupport","Moonworks:JonathanRush"],"picked":"SKIP","floor":14.0},{"not_picked":["Moonworks:FinalBattle","Moonworks:Wanted"],"picked":"Moonworks:HolyNight","floor":16.0},{"not_picked":["Moonworks:BigMagnum","Moonworks:IndiscriminateFireSupport","Moonworks:NicePresent+1"],"picked":"SKIP","floor":18.0},{"not_picked":["champ:Circumvent+1","sneckomod:UnknownEthereal","AdministrixMod:CenturiesAscent"],"picked":"SKIP","floor":22.0},{"not_picked":["DTMod:MagicField","stsjorbsmod:Will"],"picked":"somnambulantmod: Bruise","floor":28.0},{"not_picked":["stsjorbsmod:ChainLightning+1","bard:Rhapsody"],"picked":"stsjorbsmod:Panic+1","floor":29.0},{"not_picked":["somnambulantmod: Ignorance","mysticmod:Momentum"],"picked":"Limit Break","floor":33.0},{"not_picked":["chefmod:AlooGobi","theSenshi:TuxedoSmokingBomber","TheVixenMod:Overheat+1"],"picked":"SKIP","floor":35.0},{"not_picked":["AlertArray:ReiMu+1","hubris:SpecializedCircuitry","WordoMod:Pestilence+1"],"picked":"SKIP","floor":36.0},{"not_picked":["champ:StanceDance","chefmod:NoSoupForYou"],"picked":"WordoMod:ProjectilePurge","floor":37.0},{"not_picked":["artistmod:BlueBrews","somnambulantmod: Wake"],"picked":"DTMod:BurningEnergy","floor":41.0},{"not_picked":["hermit:Dive","SpreadBorder2:ReiMu"],"picked":"Runesmith:Reinforce+1","floor":42.0},{"not_picked":["AdministrixMod:Transcension+1","Perfected Strike","theMarked:Parkour+1"],"picked":"SKIP","floor":44},{"not_picked":["WordoMod:BurdenOfSin+1","champ:HeartStrike+1","chefmod:Fillet+1"],"picked":"SKIP","floor":45}],"player_experience":1289053,"relics_obtained":[{"floor":8.0,"key":"Mastiff:ReiMu"},{"floor":12.0,"key":"wanderingMiniBosses:LockLocket"},{"floor":14.0,"key":"Bromod:ArcaneDeflection"},{"floor":26.0,"key":"aspiration:HiddenCompartment"},{"floor":42.0,"key":"Pocketwatch"},{"floor":43.0,"key":"Guard_Bracelet"}],"event_choices":[{"damage_healed":0.0,"max_hp_gain":0.0,"max_hp_loss":5.0,"gold_gain":0.0,"event_name":"Menagerie:HarrowingRitual","player_choice":"Accept","floor":4.0,"gold_loss":0.0,"damage_taken":0.0,"cards_upgraded":["Moonworks:DeployBits"]}],"is_beta":false,"boss_relics":[{"not_picked":["Bromod:ArcaneEnergize","Runesmith:UraniumAnvil","hubris:HollowSoul"],"picked":"vexMod:EndlessSickness"},{"not_picked":["vexMod:CursedCompass","ReplayTheSpireMod:SealedPack","Pandora\u0027s Box"],"picked":"Gem_Box"}],"items_purged_floors":[0,19],"is_endless":false,"potions_floor_spawned":[5,8,11,12,13,28,33,35,37,39,39,44],"ascension_level":0}}