{"host":"Brown Brick","time":1609973915,"event":{"mods":["BaseMod","Melee Mod","Minty Spire (QoL Compilation)","Rare Cards Sparkle","Relic Stats","Robot Space Explorer","StSLib","The Marked","Unceasing Turn Reminder","everything is the same but u backflip on backflip"],"gold_per_floor":[13,13,13,13,30,30,30,58,81,98,114,114,133,151,151,253,253,268,106,125,125,143,143,143,170,170,170,180,195,127,127,127,228,228,242,262,262,279,279,279,310,310,336,354,354,33,33,33,33],"floor_reached":48,"playtime":4345,"items_purged":[],"score":555,"play_id":"02a104c4-cb43-4540-bcd4-713126f207b2","local_time":"20210106235835","is_ascension_mode":false,"campfire_choices":[{"data":"Cloak And Dagger","floor":6,"key":"SMITH"},{"data":"Accuracy","floor":12,"key":"SMITH"},{"floor":15,"key":"REST"},{"data":"Accuracy","floor":23,"key":"SMITH"},{"floor":27,"key":"REST"},{"data":"Accuracy","floor":32,"key":"SMITH"},{"data":"Accuracy","floor":40,"key":"SMITH"},{"floor":42,"key":"REST"}],"circlet_count":0,"master_deck":["Defend_G+1","Defend_G+1","Defend_G+1","Defend_G+1","Defend_G+1","Survivor","Neutralize","Adrenaline","Leg Sweep","Cloak And Dagger+1","Deflect","Accuracy+1","Deflect","Accuracy+1","Tools of the Trade","Leg Sweep","Accuracy+1","Flash of Steel","Accuracy","Cloak And Dagger","Bite","Bite","Bite","Bite","Accuracy+1","Madness","Storm of Steel","Flying Knee+1","Reflex+1","Well Laid Plans+1","Blade Dance+1","Sadistic Nature","Finesse","Panache","Tactician"],"relics":["Ring of the Snake","Bronze Scales","Ice Cream","Regal Pillow","Akabeko","HoveringKite","Tingsha","Singing Bowl","Sundial","Shuriken"],"acts_visited":["Exordium","TheCity","TheBeyond"],"potions_floor_usage":[41,44,44,48],"damage_taken":[{"damage":0,"enemies":"2 Louse","floor":1,"turns":2},{"damage":0,"enemies":"Cultist","floor":5,"turns":4},{"damage":34,"enemies":"3 Sentries","floor":8,"turns":14},{"damage":0,"enemies":"Small Slimes","floor":10,"turns":2},{"damage":2,"enemies":"Looter","floor":11,"turns":3},{"damage":5,"enemies":"Gremlin Gang","floor":13,"turns":4},{"damage":4,"enemies":"Blue Slaver","floor":14,"turns":3},{"damage":54,"enemies":"Hexaghost","floor":16,"turns":13},{"damage":0,"enemies":"Shell Parasite","floor":18,"turns":6},{"damage":14,"enemies":"Chosen","floor":20,"turns":8},{"damage":4,"enemies":"Snake Plant","floor":22,"turns":6},{"damage":29,"enemies":"Slavers","floor":25,"turns":9},{"damage":7,"enemies":"Centurion and Healer","floor":28,"turns":7},{"damage":0,"enemies":"Sentry and Sphere","floor":29,"turns":6},{"damage":26,"enemies":"Champ","floor":33,"turns":12},{"damage":8,"enemies":"Orb Walker","floor":35,"turns":5},{"damage":0,"enemies":"3 Shapes","floor":36,"turns":6},{"damage":11,"enemies":"Spire Growth","floor":38,"turns":4},{"damage":41,"enemies":"Reptomancer","floor":41,"turns":6},{"damage":26,"enemies":"Transient","floor":44,"turns":5},{"damage":11,"enemies":"Sphere and 2 Shapes","floor":48,"turns":3}],"seed_played":"3537563970144104836","potions_obtained":[{"floor":5,"key":"ColorlessPotion"},{"floor":14,"key":"Fire Potion"},{"floor":16,"key":"Block Potion"},{"floor":41,"key":"Explosive Potion"}],"is_trial":false,"path_per_floor":["M","?","$","T","M","R","$","E","T","M","M","R","M","M","R","B",null,"M","$","M","?","M","R","?","E","T","R","M","M","$","?","R","B",null,"M","M","?","M","?","R","E","R","T","M","?","$","$","M"],"character_chosen":"THE_SILENT","items_purchased":["Accuracy","Flash of Steel","Accuracy","Shuriken","Tactician"],"campfire_rested":3,"item_purchase_floors":[19,19,30,46,46],"current_hp_per_floor":[70,70,70,70,70,70,70,36,36,36,34,34,29,25,61,7,70,70,70,56,56,52,52,49,28,28,49,50,53,53,53,53,41,53,47,53,50,43,43,43,10,40,40,16,6,6,6,0,0],"gold":33,"neow_bonus":"THREE_RARE_CARDS","is_daily":false,"chose_seed":false,"campfire_upgraded":5,"win_rate":0.0,"timestamp":1609973915,"path_taken":["M","?","$","?","?","R","$","E","T","M","M","R","M","M","R","BOSS","M","?","M","?","M","R","?","E","T","R","M","M","$","?","R","BOSS","M","?","?","M","?","R","E","R","T","?","?","?","$","M"],"items_purchased_type":["Card","Card","Card","Relic","Card"],"build_version":"2020-12-18","purchased_purges":0,"victory":false,"max_hp_per_floor":[70,70,70,70,70,70,70,70,70,70,70,70,70,70,70,70,70,70,70,70,70,70,70,49,49,49,49,51,53,53,53,53,53,53,53,53,50,52,52,52,52,52,52,52,52,52,52,52,52],"relic_stats":{"Regal Pillow":37,"Singing Bowl":6,"counters":[21,128],"Sundial":[0],"Shuriken":[0],"Bronze Scales":[403],"HoveringKite":[48],"Tingsha":[129],"obtain_stats":[{"Ice Cream":4,"Regal Pillow":8,"Singing Bowl":26,"Sundial":41,"Shuriken":46,"Bronze Scales":2,"HoveringKite":17,"Tingsha":25,"Akabeko":9,"Ring of the Snake":0},{"Ice Cream":1,"Regal Pillow":3,"Singing Bowl":12,"Sundial":19,"Shuriken":20,"Bronze Scales":1,"HoveringKite":8,"Tingsha":12,"Akabeko":3,"Ring of the Snake":0},{"Ice Cream":2,"Regal Pillow":20,"Singing Bowl":74,"Sundial":120,"Shuriken":125,"Bronze Scales":2,"HoveringKite":45,"Tingsha":74,"Akabeko":20,"Ring of the Snake":0}],"Ring of the Snake":[42]},"card_choices":[{"not_picked":["Phantasmal Killer","Wraith Form v2"],"picked":"Adrenaline","floor":0},{"not_picked":["Dagger Spray","PiercingWail"],"picked":"Leg Sweep","floor":1},{"not_picked":["Underhanded Strike","Eviscerate"],"picked":"Cloak And Dagger","floor":5},{"not_picked":["Grand Finale","Acrobatics","Bouncing Flask"],"picked":"SKIP","floor":8},{"not_picked":["Flying Knee","Concentrate"],"picked":"Deflect","floor":10},{"not_picked":["Deflect","Acrobatics"],"picked":"Accuracy","floor":11},{"not_picked":["PiercingWail","Quick Slash"],"picked":"Deflect","floor":13},{"not_picked":["PiercingWail","Outmaneuver"],"picked":"Accuracy","floor":14},{"not_picked":["Storm of Steel","Unload"],"picked":"Tools of the Trade","floor":16},{"not_picked":["Outmaneuver","Deadly Poison"],"picked":"Leg Sweep","floor":18},{"not_picked":["Bane","Poisoned Stab"],"picked":"Accuracy","floor":20},{"not_picked":["Quick Slash","Outmaneuver"],"picked":"Cloak And Dagger","floor":22},{"not_picked":["Acrobatics","Masterful Stab","Quick Slash"],"picked":"SKIP","floor":25},{"not_picked":["Bane+1","Underhanded Strike","Die Die Die"],"picked":"Singing Bowl","floor":28},{"not_picked":["Well Laid Plans","Setup","Blur"],"picked":"Singing Bowl","floor":29},{"not_picked":["Wraith Form v2","A Thousand Cuts"],"picked":"Storm of Steel","floor":33},{"not_picked":["Sucker Punch+1","Escape Plan"],"picked":"Flying Knee+1","floor":35},{"not_picked":["Underhanded Strike","Well Laid Plans"],"picked":"Reflex+1","floor":36},{"not_picked":["Dagger Throw","Sucker Punch","Poisoned Stab+1"],"picked":"Singing Bowl","floor":38},{"not_picked":["Envenom","Quick Slash"],"picked":"Well Laid Plans+1","floor":41},{"not_picked":["Distraction+1","Masterful Stab"],"picked":"Blade Dance+1","floor":44},{"not_picked":["Metamorphosis","Trip"],"picked":"Sadistic Nature","floor":45},{"not_picked":["Purity","Master of Strategy"],"picked":"Finesse","floor":45},{"not_picked":["The Bomb","Impatience"],"picked":"Panache","floor":45}],"player_experience":671143,"relics_obtained":[{"floor":2,"key":"Bronze Scales"},{"floor":4,"key":"Ice Cream"},{"floor":8,"key":"Regal Pillow"},{"floor":9,"key":"Akabeko"},{"floor":25,"key":"Tingsha"},{"floor":26,"key":"Singing Bowl"},{"floor":41,"key":"Sundial"}],"event_choices":[{"damage_healed":0,"gold_gain":0,"player_choice":"Relic","damage_taken":0,"max_hp_gain":0,"max_hp_loss":0,"event_name":"Wheel of Change","floor":2,"gold_loss":0},{"damage_healed":0,"gold_gain":0,"player_choice":"Simplicity","damage_taken":0,"max_hp_gain":0,"max_hp_loss":0,"event_name":"Back to Basics","floor":21,"gold_loss":0,"cards_upgraded":["Strike_G","Strike_G","Strike_G","Strike_G","Strike_G","Defend_G","Defend_G","Defend_G","Defend_G","Defend_G"]},{"damage_healed":0,"gold_gain":0,"player_choice":"Became a vampire","damage_taken":0,"max_hp_gain":0,"max_hp_loss":21,"event_name":"Vampires","floor":24,"gold_loss":0,"cards_obtained":["Bite","Bite","Bite","Bite","Bite"]},{"damage_healed":0,"gold_gain":0,"player_choice":"1 cards matched","damage_taken":0,"max_hp_gain":0,"max_hp_loss":0,"event_name":"Match and Keep!","floor":31,"gold_loss":0,"cards_obtained":["Madness"]},{"damage_healed":0,"gold_gain":0,"player_choice":"Max HP","damage_taken":0,"max_hp_gain":0,"max_hp_loss":3,"event_name":"Winding Halls","floor":37,"gold_loss":0},{"cards_removed":["Bite"],"damage_healed":0,"gold_gain":0,"player_choice":"Card Removal","damage_taken":0,"max_hp_gain":0,"max_hp_loss":0,"event_name":"Wheel of Change","floor":39,"gold_loss":0},{"damage_healed":0,"gold_gain":0,"player_choice":"Memory 3","damage_taken":10,"max_hp_gain":0,"max_hp_loss":0,"event_name":"SensoryStone","floor":45,"gold_loss":0}],"is_beta":true,"boss_relics":[{"not_picked":["Cursed Key","Runic Dome"],"picked":"HoveringKite"},{"not_picked":["Astrolabe","Snecko Eye","Busted Crown"]}],"items_purged_floors":[],"is_endless":false,"potions_floor_spawned":[5,14,16,22,28,29,41],"killed_by":"Sphere and 2 Shapes","ascension_level":0}}