{"host":"6b00v7211em4ihns","time":1609954365,"event":{"mods":["BaseMod","Bestiary","Better Match","Minty Spire (QoL Compilation)","Relic Stats","Spicy Shops","StSLib"],"gold_per_floor":[110,110,75,89,109,109,29,70,70,93,93,93],"floor_reached":11,"playtime":411,"items_purged":[],"score":128,"play_id":"d107da72-7e16-46ee-a86f-d2d4198e00a5","local_time":"20210106173245","is_ascension_mode":true,"campfire_choices":[{"data":"Uppercut","floor":6,"key":"SMITH"}],"circlet_count":0,"master_deck":["AscendersBane","Strike_R","Strike_R","Strike_R","Strike_R","Strike_R","Defend_R","Defend_R","Defend_R","Defend_R","Bash","Barricade","Cleave","Uppercut+1","Seeing Red","Bludgeon","Shrug It Off","Body Slam"],"relics":["Burning Blood","Golden Idol","The Courier","Pantograph"],"acts_visited":["Exordium"],"potions_floor_usage":[10],"damage_taken":[{"damage":13,"enemies":"Small Slimes","floor":1,"turns":4},{"damage":19,"enemies":"Jaw Worm","floor":4,"turns":5},{"damage":6,"enemies":"Cultist","floor":5,"turns":3},{"damage":15,"enemies":"Gremlin Nob","floor":8,"turns":3},{"damage":1,"enemies":"Red Slaver","floor":10,"turns":3},{"damage":40,"enemies":"Lagavulin","floor":11,"turns":6}],"seed_played":"-4037677174900025338","potions_obtained":[{"floor":4,"key":"SteroidPotion"}],"is_trial":false,"path_per_floor":["M","?","?","M","M","R","$","E","T","M","E"],"character_chosen":"IRONCLAD","items_purchased":["Bludgeon"],"campfire_rested":0,"item_purchase_floors":[7],"current_hp_per_floor":[61,35,53,40,40,40,40,31,31,36,0,0],"gold":93,"neow_bonus":"ONE_RANDOM_RARE_CARD","is_daily":false,"chose_seed":false,"campfire_upgraded":1,"win_rate":0.0,"timestamp":1609954365,"path_taken":["M","?","?","M","M","R","$","E","T","M","E"],"items_purchased_type":["Card"],"build_version":"2020-12-22","purchased_purges":0,"victory":false,"max_hp_per_floor":[75,75,75,75,75,75,75,75,75,75,75,75],"relic_stats":{"counters":[6,24],"Golden Idol":20,"Pantograph":0,"obtain_stats":[{"Golden Idol":2,"Pantograph":9,"The Courier":8,"Burning Blood":0},{"Golden Idol":1,"Pantograph":4,"The Courier":4,"Burning Blood":0},{"Golden Idol":4,"Pantograph":15,"The Courier":15,"Burning Blood":0}],"Burning Blood":30},"card_choices":[{"not_picked":["Headbutt","Heavy Blade"],"picked":"Cleave","floor":1},{"not_picked":["Havoc","Thunderclap"],"picked":"Uppercut","floor":4},{"not_picked":["Dual Wield","Clothesline"],"picked":"Seeing Red","floor":5},{"not_picked":["Disarm","Berserk"],"picked":"Shrug It Off","floor":8},{"not_picked":["True Grit","Perfected Strike"],"picked":"Body Slam","floor":10}],"player_experience":2481494,"relics_obtained":[{"floor":8,"key":"The Courier"},{"floor":9,"key":"Pantograph"}],"event_choices":[{"damage_healed":0,"gold_gain":0,"player_choice":"Take Damage","damage_taken":26,"relics_obtained":["Golden Idol"],"max_hp_gain":0,"max_hp_loss":0,"event_name":"Golden Idol","floor":2,"gold_loss":0},{"damage_healed":18,"gold_gain":0,"player_choice":"Healed","damage_taken":0,"max_hp_gain":0,"max_hp_loss":0,"event_name":"The Cleric","floor":3,"gold_loss":35}],"is_beta":false,"boss_relics":[],"items_purged_floors":[],"is_endless":false,"potions_floor_spawned":[4],"killed_by":"Lagavulin","ascension_level":15}}