{"host":"d2y4rmbezebiv8aj","time":1609926679,"event":{"mods":["AchievementEnabler","BaseMod","Bestiary","BetterRewards","Colored Map","Colored Powertips","Custom Start","Highlight Path","Minty Spire (QoL Compilation)","Quick Restart","Rare Cards Sparkle","Relic Sorter","Relic Stats","Shop Mod","Slay-I","StSLib","SuperFastMode"],"gold_per_floor":[110,130,147,21,37,37,57,57,57,89,99,99,99,99],"floor_reached":13,"playtime":540,"items_purged":[],"score":113,"play_id":"f067bcb3-1740-4d2c-9c70-775f15c9e966","local_time":"20210106105119","is_ascension_mode":true,"campfire_choices":[{"floor":6,"key":"REST"},{"data":"Mayhem","floor":8,"key":"SMITH"}],"circlet_count":0,"master_deck":["Strike_G","Strike_G","Strike_G","Strike_G","Defend_G","Defend_G","Defend_G","Defend_G","Defend_G","Survivor","Infinite Blades+1","Dagger Spray","Mayhem+1","Slice","Sucker Punch","Distraction","Dagger Throw","Footwork","Cloak And Dagger","All Out Attack","Predator","Poisoned Stab","Crippling Poison","Outmaneuver"],"relics":["Ring of the Snake","Dream Catcher","Frozen Egg 2","Letter Opener"],"acts_visited":["Exordium"],"potions_floor_usage":[10,13],"damage_taken":[{"damage":7,"enemies":"Jaw Worm","floor":1,"turns":4},{"damage":0,"enemies":"Cultist","floor":2,"turns":4},{"damage":0,"enemies":"Small Slimes","floor":3,"turns":2},{"damage":3,"enemies":"Red Slaver","floor":5,"turns":4},{"damage":0,"enemies":"Looter","floor":7,"turns":3},{"damage":35,"enemies":"3 Sentries","floor":10,"turns":8},{"damage":11,"enemies":"2 Fungi Beasts","floor":11,"turns":3},{"damage":15,"enemies":"Lagavulin","floor":13,"turns":6}],"seed_played":"-8457203697746831717","potions_obtained":[{"floor":5,"key":"SpeedPotion"},{"floor":7,"key":"Explosive Potion"}],"is_trial":false,"path_per_floor":["M","M","M","$","M","R","M","R","T","E","M","?","E"],"character_chosen":"THE_SILENT","items_purchased":["Infinite Blades","Dagger Spray","Poisoned Stab","Mayhem","Dream Catcher","Footwork","Cloak And Dagger"],"campfire_rested":1,"item_purchase_floors":[0,0,0,0,0,4,4],"current_hp_per_floor":[42,42,42,42,39,60,60,60,60,25,14,14,0,0],"gold":99,"neow_bonus":"","is_daily":false,"chose_seed":false,"campfire_upgraded":1,"win_rate":0.0,"timestamp":1609926679,"path_taken":["M","M","M","$","M","R","M","R","T","E","M","?","E"],"items_purchased_type":["Card","Card","Card","Card","Relic","Card","Card"],"build_version":"2020-12-22","purchased_purges":0,"victory":false,"max_hp_per_floor":[70,70,70,70,70,70,70,70,70,70,70,70,70,70],"relic_stats":{"Dream Catcher":5,"counters":[107,522],"Letter Opener":[50],"obtain_stats":[{"Gremlin Horn":0,"Spirit Poop":3,"Boot":27,"Blood Vial":27,"Centennial Puzzle":3,"Lizard Tail":36,"Strawberry":6,"MealTicket":9,"Prayer Wheel":13,"Kunai":27,"Girya":26,"Happy Flower":14,"Oddly Smooth Stone":9,"Pen Nib":25,"Letter Opener":8,"Paper Crane":9,"WarpedTongs":2,"Bottled Flame":25,"Shuriken":26,"Bird Faced Urn":7,"Molten Egg 2":10,"CultistMask":12,"Nloth\u0027s Gift":19,"Black Star":17,"Meat on the Bone":9,"Darkstone Periapt":23,"Bag of Preparation":2,"Juzu Bracelet":8,"Cursed Key":17,"Smiling Mask":6,"Nunchaku":0,"Dream Catcher":14,"Tough Bandages":0,"WristBlade":17,"Mummified Hand":27,"Ninja Scroll":25,"Toolbox":44,"Tiny Chest":7,"Red Mask":45,"Ring of the Snake":0,"Golden Idol":2,"Thread and Needle":31,"PreservedInsect":43,"Omamori":19,"Orichalcum":14,"Frozen Egg 2":9,"MawBank":9,"Mercury Hourglass":6,"CaptainsWheel":9,"Ornamental Fan":6,"Membership Card":14,"Bottled Lightning":44,"TungstenRod":27,"Toy Ornithopter":44},{"Gremlin Horn":72,"Spirit Poop":41,"Boot":88,"Blood Vial":37,"Centennial Puzzle":1,"Lizard Tail":94,"Strawberry":52,"MealTicket":5,"Prayer Wheel":62,"Kunai":88,"Girya":68,"Happy Flower":62,"Oddly Smooth Stone":13,"Pen Nib":22,"Letter Opener":53,"Paper Crane":27,"WarpedTongs":73,"Bottled Flame":37,"Shuriken":87,"Bird Faced Urn":60,"Molten Egg 2":53,"CultistMask":80,"Nloth\u0027s Gift":64,"Black Star":82,"Meat on the Bone":79,"Darkstone Periapt":21,"Bag of Preparation":1,"Juzu Bracelet":79,"Cursed Key":17,"Smiling Mask":43,"Nunchaku":0,"Dream Catcher":16,"Tough Bandages":55,"WristBlade":32,"Mummified Hand":22,"Ninja Scroll":87,"Toolbox":95,"Tiny Chest":13,"Red Mask":95,"Ring of the Snake":0,"Golden Idol":41,"Thread and Needle":91,"PreservedInsect":95,"Omamori":18,"Orichalcum":8,"Frozen Egg 2":104,"MawBank":53,"Mercury Hourglass":26,"CaptainsWheel":60,"Ornamental Fan":4,"Membership Card":62,"Bottled Lightning":95,"TungstenRod":68,"Toy Ornithopter":95},{"Gremlin Horn":368,"Spirit Poop":199,"Boot":436,"Blood Vial":185,"Centennial Puzzle":8,"Lizard Tail":456,"Strawberry":254,"MealTicket":35,"Prayer Wheel":288,"Kunai":436,"Girya":332,"Happy Flower":288,"Oddly Smooth Stone":74,"Pen Nib":124,"Letter Opener":258,"Paper Crane":146,"WarpedTongs":371,"Bottled Flame":185,"Shuriken":432,"Bird Faced Urn":280,"Molten Egg 2":258,"CultistMask":399,"Nloth\u0027s Gift":311,"Black Star":412,"Meat on the Bone":398,"Darkstone Periapt":115,"Bag of Preparation":8,"Juzu Bracelet":398,"Cursed Key":94,"Smiling Mask":212,"Nunchaku":0,"Dream Catcher":84,"Tough Bandages":264,"WristBlade":166,"Mummified Hand":124,"Ninja Scroll":432,"Toolbox":460,"Tiny Chest":74,"Red Mask":460,"Ring of the Snake":0,"Golden Idol":199,"Thread and Needle":443,"PreservedInsect":460,"Omamori":97,"Orichalcum":49,"Frozen Egg 2":505,"MawBank":258,"Mercury Hourglass":143,"CaptainsWheel":280,"Ornamental Fan":32,"Membership Card":288,"Bottled Lightning":460,"TungstenRod":332,"Toy Ornithopter":460}],"Ring of the Snake":[196]},"card_choices":[{"not_picked":["Dagger Spray","Finisher"],"picked":"Sucker Punch","floor":1},{"not_picked":["Heel Hook","Calculated Gamble"],"picked":"Distraction","floor":2},{"not_picked":["Well Laid Plans","Deadly Poison"],"picked":"Dagger Throw","floor":3},{"not_picked":["Poisoned Stab","Bane"],"picked":"All Out Attack","floor":5},{"not_picked":["Eviscerate","Deflect"],"picked":"Predator","floor":6},{"not_picked":["Blade Dance","Bullet Time"],"picked":"Poisoned Stab","floor":7},{"not_picked":["Deflect","Dodge and Roll"],"picked":"Crippling Poison","floor":10},{"not_picked":["Blade Dance","Dodge and Roll"],"picked":"Outmaneuver","floor":11}],"player_experience":355529,"relics_obtained":[{"floor":9,"key":"Frozen Egg 2"},{"floor":10,"key":"Letter Opener"}],"event_choices":[{"damage_healed":0,"gold_gain":0,"player_choice":"Grow","damage_taken":0,"max_hp_gain":0,"max_hp_loss":0,"event_name":"Living Wall","floor":12,"gold_loss":0,"cards_upgraded":["Infinite Blades"]}],"is_beta":false,"boss_relics":[],"items_purged_floors":[],"is_endless":false,"potions_floor_spawned":[5,7],"killed_by":"Lagavulin","ascension_level":6}}