{"host":"a0paspe0zwqgzttz","time":1609893252,"event":{"mods":["AchievementEnabler","Act Like it!","BaseMod","BetterRewards","Colored Powertips","Conspire","Downfall","GifTheSpireLib","Hermit","Highlight Path","Lobotomy","Marisa????????","Minty Spire (QoL Compilation)","Quick Restart","Replay The Spire","Robot Space Explorer","Shop Mod","StSLib","SuperFastMode","The Bug Knight","The Construct","The Cursed","The Hierophant","The Jungle","The Mystic","The Necromancer","The Runesmith","The Senshi","The Servant 0.9.4"],"gold_per_floor":[116,129,140,156,172,172,186,186,186,199,199,199,218,247,247,247,247],"floor_reached":16,"playtime":3391,"items_purged":[],"score":106,"play_id":"832f3665-bfc5-4ec0-944f-5ce1a2aef492","local_time":"20210105193412","is_ascension_mode":false,"campfire_choices":[{"data":"hermit:Spite","floor":6,"key":"SMITH"},{"data":"hermit:Covet","floor":8,"key":"SMITH"},{"floor":12,"key":"REST"},{"floor":15,"key":"REST"}],"circlet_count":0,"master_deck":["hermit:Strike_Hermit+1","hermit:Strike_Hermit","hermit:Strike_Hermit","hermit:Strike_Hermit","hermit:Defend_Hermit","hermit:Defend_Hermit","hermit:Defend_Hermit","hermit:Defend_Hermit","hermit:Snapshot+1","hermit:Covet+1","hermit:Spite+1","hermit:HoleUp","hermit:LowProfile","hermit:ShadowCloak","hermit:Misfire","hermit:Misfire+1","hermit:SprayPray","hermit:CalledShot","hermit:Desperado"],"relics":["hermit:Momento","Torii","Anchor"],"acts_visited":["Exordium"],"potions_floor_usage":[7,14,14],"damage_taken":[{"damage":1,"enemies":"Cultist","floor":1,"turns":3},{"damage":1,"enemies":"2 Louse","floor":2,"turns":2},{"damage":6,"enemies":"Jaw Worm","floor":3,"turns":3},{"damage":6,"enemies":"Lots of Slimes","floor":4,"turns":5},{"damage":5,"enemies":"3 Louse","floor":5,"turns":3},{"damage":20,"enemies":"Exordium Thugs","floor":7,"turns":5},{"damage":0,"enemies":"Large Slime","floor":10,"turns":4},{"damage":4,"enemies":"Lots of Slimes","floor":13,"turns":4},{"damage":25,"enemies":"Lagavulin","floor":14,"turns":6},{"damage":40,"enemies":"The Guardian","floor":16,"turns":11}],"seed_played":"-4770236421471503854","potions_obtained":[{"floor":1,"key":"SpeedPotion"},{"floor":4,"key":"SpeedPotion"},{"floor":7,"key":"hexamod:EctoCoolerPotion"},{"floor":10,"key":"Dexterity Potion"}],"is_trial":false,"path_per_floor":["M","M","M","M","M","R","M","R","T","M","?","R","M","E","R","B"],"character_chosen":"HERMIT","items_purchased":[],"campfire_rested":2,"item_purchase_floors":[],"current_hp_per_floor":[74,73,67,61,56,56,36,36,36,36,21,43,39,14,36,0,0],"gold":247,"neow_bonus":"RANDOM_EVENT","is_daily":false,"chose_seed":false,"campfire_upgraded":2,"win_rate":0.0,"timestamp":1609893252,"path_taken":["M","M","M","?","M","R","M","R","T","M","?","R","M","E","R","BOSS"],"items_purchased_type":[],"build_version":"2020-12-22","purchased_purges":0,"victory":false,"max_hp_per_floor":[75,75,75,75,75,75,75,75,75,75,75,75,75,75,75,75,75],"card_choices":[{"not_picked":["hermit:TakeAim","hermit:CalledShot"],"picked":"hermit:Spite","floor":1},{"not_picked":["hermit:Desperado","hermit:Showdown"],"picked":"hermit:HoleUp","floor":2},{"not_picked":["hermit:Deadeye","hermit:LoneWolf"],"picked":"hermit:LowProfile","floor":3},{"not_picked":["hermit:Gambit","hermit:ItchyTrigger"],"picked":"hermit:ShadowCloak","floor":4},{"not_picked":["hermit:BigShot","hermit:Coalescence"],"picked":"hermit:Misfire","floor":5},{"not_picked":["hermit:Combo","hermit:TrackingShot"],"picked":"hermit:Misfire","floor":7},{"not_picked":["hermit:Adapt","hermit:FullyLoaded"],"picked":"hermit:SprayPray","floor":10},{"not_picked":["hermit:Maintenance","hermit:EyeOfTheStorm"],"picked":"hermit:CalledShot","floor":13},{"not_picked":["hermit:LowProfile","hermit:BodyArmor"],"picked":"hermit:Desperado","floor":14}],"player_experience":388298,"relics_obtained":[{"floor":9,"key":"Torii"},{"floor":14,"key":"Anchor"}],"event_choices":[{"damage_healed":0,"gold_gain":0,"player_choice":"Grow","damage_taken":0,"max_hp_gain":0,"max_hp_loss":0,"event_name":"Living Wall","floor":0,"gold_loss":0,"cards_upgraded":["hermit:Snapshot"]},{"damage_healed":0,"gold_gain":0,"player_choice":"Entered Light","damage_taken":15,"max_hp_gain":0,"max_hp_loss":0,"event_name":"Shining Light","floor":11,"gold_loss":0,"cards_upgraded":["hermit:Strike_Hermit","hermit:Misfire"]}],"is_beta":false,"boss_relics":[],"items_purged_floors":[],"is_endless":false,"potions_floor_spawned":[1,4,7,10],"killed_by":"The Guardian","ascension_level":0}}