{"host":"q206iib20se9i6w7","time":1609974810,"event":{"mods":["AchievementEnabler","BaseMod","Block Reminder","Colored Powertips","Googly Eyes","Highlight Path","Minty Spire (QoL Compilation)","Quick Restart","Relic Stats","StSLib","SuperFastMode"],"gold_per_floor":[112,112,112,132,132,171,171,211,211,211,236,28,52,122,122,253,253,278,294,294,310,333,333,366,366,366,405,418,236,236,252,252,373,373,391,391,460,335,435,435,435,124,124,157,157,195,219,260,260,260],"floor_reached":51,"playtime":3861,"items_purged":["Defend_P","Defend_P","Strike_P"],"score":1003,"play_id":"c6d649b5-c2d6-4765-8506-41b80d895245","local_time":"20210106171330","is_ascension_mode":true,"campfire_choices":[{"data":"ClearTheMind","floor":7,"key":"SMITH"},{"floor":10,"key":"REST"},{"data":"Madness","floor":15,"key":"SMITH"},{"data":"Study","floor":23,"key":"SMITH"},{"data":"Vault","floor":25,"key":"SMITH"},{"floor":32,"key":"REST"},{"floor":41,"key":"REST"},{"floor":45,"key":"REST"},{"floor":49,"key":"REST"}],"circlet_count":0,"master_deck":["Strike_P","Strike_P","Defend_P","Defend_P","Eruption+1","Vigilance","Madness+1","ClearTheMind+1","Meditate","FlyingSleeves","FearNoEvil","WheelKick","FollowUp","EmptyBody","Wallop","Vault+1","Study+1","Consecrate+1","FlurryOfBlows+1","ThirdEye+1","TalkToTheHand","InnerPeace+1","DevaForm","CrushJoints","Vengeance","InnerPeace","Finesse","Adaptation","FlurryOfBlows+1","EmptyFist+1","Indignation+1"],"relics":["HolyWater","Golden Idol","Meat on the Bone","Regal Pillow","Mercury Hourglass","Bag of Marbles","Incense Burner","Kunai","Red Mask","Sozu","Torii","Question Card","Art of War","Ancient Tea Set","Letter Opener"],"acts_visited":["Exordium","TheCity","TheBeyond"],"potions_floor_usage":[33,33,33,33,40,50],"damage_taken":[{"damage":4,"enemies":"Small Slimes","floor":1,"turns":3},{"damage":0,"enemies":"Jaw Worm","floor":4,"turns":3},{"damage":25,"enemies":"Lagavulin","floor":6,"turns":10},{"damage":23,"enemies":"3 Sentries","floor":8,"turns":10},{"damage":0,"enemies":"2 Louse","floor":11,"turns":3},{"damage":6,"enemies":"Looter","floor":13,"turns":2},{"damage":1,"enemies":"Gremlin Nob","floor":14,"turns":3},{"damage":0,"enemies":"Slime Boss","floor":16,"turns":4},{"damage":6,"enemies":"Spheric Guardian","floor":18,"turns":3},{"damage":7,"enemies":"Chosen","floor":19,"turns":3},{"damage":24,"enemies":"Snake Plant","floor":21,"turns":3},{"damage":12,"enemies":"Cultist and Chosen","floor":22,"turns":3},{"damage":0,"enemies":"Gremlin Leader","floor":24,"turns":5},{"damage":0,"enemies":"Masked Bandits","floor":27,"turns":3},{"damage":1,"enemies":"Sentry and Sphere","floor":28,"turns":4},{"damage":8,"enemies":"Chosen and Byrds","floor":31,"turns":5},{"damage":0,"enemies":"Collector","floor":33,"turns":5},{"damage":0,"enemies":"3 Darklings","floor":35,"turns":4},{"damage":27,"enemies":"2 Orb Walkers","floor":37,"turns":5},{"damage":26,"enemies":"Reptomancer","floor":40,"turns":5},{"damage":34,"enemies":"Nemesis","floor":44,"turns":7},{"damage":45,"enemies":"Reptomancer","floor":46,"turns":5},{"damage":1,"enemies":"Orb Walker","floor":47,"turns":3},{"damage":1,"enemies":"Nemesis","floor":48,"turns":6},{"damage":46,"enemies":"Awakened One","floor":50,"turns":9}],"seed_played":"6487783579124197791","potions_obtained":[{"floor":11,"key":"Ancient Potion"},{"floor":13,"key":"StancePotion"},{"floor":16,"key":"Fire Potion"},{"floor":18,"key":"Block Potion"},{"floor":20,"key":"EntropicBrew"},{"floor":20,"key":"FearPotion"},{"floor":33,"key":"SmokeBomb"}],"is_trial":false,"path_per_floor":["M","?","?","M","?","E","R","E","T","R","M","$","M","?","R","B",null,"M","M","?","M","M","R","E","R","T","?","M","$","?","M","R","B",null,"M","?","?","$","?","E","R","$","T","E","R","E","M","E","R","B",null],"character_chosen":"WATCHER","items_purchased":["WheelKick","FollowUp","TalkToTheHand","Vengeance","InnerPeace","Finesse","Adaptation"],"campfire_rested":5,"item_purchase_floors":[12,12,29,42,42,42,42],"current_hp_per_floor":[68,61,61,61,61,36,36,25,25,60,60,60,54,53,53,53,67,61,54,54,42,42,42,42,42,42,42,41,41,29,33,69,69,72,72,72,45,45,45,31,67,67,67,45,72,39,38,37,72,38],"gold":260,"neow_bonus":"RANDOM_COLORLESS","is_daily":false,"chose_seed":false,"campfire_upgraded":4,"win_rate":0.0,"timestamp":1609974810,"path_taken":["M","?","?","M","?","E","R","E","T","R","M","?","?","?","R","BOSS","M","M","?","?","M","R","E","R","T","?","M","$","?","M","R","BOSS","M","?","?","$","?","E","R","$","T","E","R","E","?","E","R","BOSS"],"items_purchased_type":["Card","Card","Card","Card","Card","Card","Card"],"build_version":"2020-12-22","purchased_purges":3,"victory":true,"max_hp_per_floor":[72,72,72,72,67,67,67,67,67,67,67,67,67,67,67,67,67,67,67,67,67,67,67,67,67,67,67,67,67,72,72,72,72,72,72,72,72,72,72,72,72,72,72,72,72,72,72,72,72,72],"relic_stats":{"Sozu":1,"Regal Pillow":65,"Torii":12,"counters":[25,114],"Golden Idol":212,"Art of War":[1],"Kunai":[44],"Letter Opener":[60],"Question Card":4,"obtain_stats":[{"Regal Pillow":8,"Torii":37,"Golden Idol":5,"Incense Burner":24,"Letter Opener":48,"Question Card":43,"Ancient Tea Set":46,"Mercury Hourglass":9,"Sozu":34,"HolyWater":17,"Bag of Marbles":14,"Red Mask":27,"Art of War":44,"Kunai":26,"PureWater":0,"Meat on the Bone":6},{"Regal Pillow":4,"Torii":19,"Golden Idol":2,"Incense Burner":13,"Letter Opener":24,"Question Card":20,"Ancient Tea Set":22,"Mercury Hourglass":4,"Sozu":17,"HolyWater":8,"Bag of Marbles":6,"Red Mask":14,"Art of War":21,"Kunai":13,"PureWater":0,"Meat on the Bone":3},{"Regal Pillow":26,"Torii":80,"Golden Idol":6,"Incense Burner":55,"Letter Opener":105,"Question Card":85,"Ancient Tea Set":97,"Mercury Hourglass":26,"Sozu":72,"HolyWater":38,"Bag of Marbles":31,"Red Mask":58,"Art of War":92,"Kunai":55,"PureWater":0,"Meat on the Bone":16}],"Meat on the Bone":96,"Mercury Hourglass":[353]},"card_choices":[{"not_picked":["Finesse","Purity"],"picked":"Madness","floor":0},{"not_picked":["Consecrate","Perseverance"],"picked":"ClearTheMind","floor":1},{"not_picked":["PathToVictory","Halt","Swivel"],"picked":"SKIP","floor":4},{"not_picked":["Omniscience","ThirdEye"],"picked":"Meditate","floor":6},{"not_picked":["ThirdEye","ClearTheMind"],"picked":"FlyingSleeves","floor":8},{"not_picked":["Prostrate","DeceiveReality"],"picked":"FearNoEvil","floor":11},{"not_picked":["WheelKick","DeceiveReality"],"picked":"EmptyBody","floor":13},{"not_picked":["Sanctity","Protect"],"picked":"Wallop","floor":14},{"not_picked":["DeusExMachina","Scrawl"],"picked":"Vault","floor":16},{"not_picked":["PathToVictory","ReachHeaven+1"],"picked":"Study","floor":18},{"not_picked":["WheelKick","BattleHymn"],"picked":"Consecrate+1","floor":19},{"not_picked":["EmptyFist","SashWhip"],"picked":"FlurryOfBlows+1","floor":21},{"not_picked":["Weave","WindmillStrike"],"picked":"ThirdEye+1","floor":22},{"not_picked":["ForeignInfluence","Pray+1","CarveReality"],"picked":"SKIP","floor":24},{"not_picked":["Sanctity+1","Swivel","FearNoEvil"],"picked":"SKIP","floor":28},{"not_picked":["FollowUp+1","ClearTheMind"],"picked":"InnerPeace+1","floor":31},{"not_picked":["LessonLearned","Brilliance"],"picked":"DevaForm","floor":33},{"not_picked":["ThirdEye+1","Wallop","Prostrate+1"],"picked":"SKIP","floor":35},{"not_picked":["Protect","Halt+1"],"picked":"CrushJoints","floor":37},{"not_picked":["PathToVictory+1","SashWhip","Adaptation"],"picked":"FlurryOfBlows+1","floor":44},{"not_picked":["ForeignInfluence+1","SandsOfTime","WreathOfFlame","Nirvana"],"picked":"SKIP","floor":46},{"not_picked":["ClearTheMind+1","ThirdEye","Alpha"],"picked":"EmptyFist+1","floor":47},{"not_picked":["EmptyBody+1","ClearTheMind","Fasting2+1"],"picked":"Indignation+1","floor":48}],"player_experience":191519,"relics_obtained":[{"floor":6,"key":"Meat on the Bone"},{"floor":8,"key":"Regal Pillow"},{"floor":9,"key":"Mercury Hourglass"},{"floor":24,"key":"Incense Burner"},{"floor":26,"key":"Kunai"},{"floor":27,"key":"Red Mask"},{"floor":37,"key":"Torii"},{"floor":43,"key":"Question Card"},{"floor":44,"key":"Art of War"},{"floor":46,"key":"Ancient Tea Set"},{"floor":48,"key":"Letter Opener"}],"event_choices":[{"cards_removed":["Strike_P"],"damage_healed":0,"gold_gain":0,"player_choice":"Card Removal","damage_taken":7,"max_hp_gain":0,"max_hp_loss":0,"event_name":"Golden Wing","floor":2,"gold_loss":0},{"damage_healed":0,"gold_gain":0,"player_choice":"Grow","damage_taken":0,"max_hp_gain":0,"max_hp_loss":0,"event_name":"Living Wall","floor":3,"gold_loss":0,"cards_upgraded":["Eruption"]},{"damage_healed":0,"gold_gain":0,"player_choice":"Lose Max HP","damage_taken":0,"relics_obtained":["Golden Idol"],"max_hp_gain":0,"max_hp_loss":5,"event_name":"Golden Idol","floor":5,"gold_loss":0},{"damage_healed":0,"gold_gain":0,"player_choice":"Searched \u00272\u0027 times","damage_taken":0,"relics_obtained":["Bag of Marbles"],"max_hp_gain":0,"max_hp_loss":0,"event_name":"Dead Adventurer","floor":14,"gold_loss":0},{"damage_healed":0,"gold_gain":0,"player_choice":"Got Potions","damage_taken":0,"max_hp_gain":0,"max_hp_loss":0,"event_name":"Lab","floor":20,"gold_loss":0},{"damage_healed":0,"gold_gain":0,"player_choice":"Fought Bandits","damage_taken":0,"max_hp_gain":0,"max_hp_loss":0,"event_name":"Masked Bandits","floor":27,"gold_loss":0},{"damage_healed":0,"gold_gain":0,"player_choice":"Shed Blood","damage_taken":17,"max_hp_gain":5,"max_hp_loss":0,"event_name":"Forgotten Altar","floor":30,"gold_loss":0},{"damage_healed":0,"gold_gain":0,"player_choice":"Memory 1","damage_taken":0,"max_hp_gain":0,"max_hp_loss":0,"event_name":"SensoryStone","floor":36,"gold_loss":0},{"damage_healed":0,"gold_gain":0,"player_choice":"Fight","damage_taken":0,"max_hp_gain":0,"max_hp_loss":0,"event_name":"Mysterious Sphere","floor":37,"gold_loss":0},{"damage_healed":0,"gold_gain":100,"player_choice":"Pray","damage_taken":0,"max_hp_gain":0,"max_hp_loss":0,"event_name":"Golden Shrine","floor":39,"gold_loss":0}],"is_beta":false,"boss_relics":[{"not_picked":["Empty Cage","Runic Dome"],"picked":"HolyWater"},{"not_picked":["Tiny House","Velvet Choker"],"picked":"Sozu"}],"items_purged_floors":[12,29,38],"is_endless":false,"potions_floor_spawned":[11,13,16,18,24,28,33,40,48],"ascension_level":2}}