{"host":"o2955cdxcjqh1w0j","time":1609896526,"event":{"mods":["AchievementEnabler","Aspiration","BaseMod","Challenge The Spire","Colored Map","Colored Powertips","Energized Spire","Halation","Highlight Path","Infinite Spire","Minty Spire (QoL Compilation)","Replay The Spire","StSLib"],"gold_per_floor":[118,118,118,129,143,175,193,193,193],"floor_reached":8,"playtime":370,"items_purged":[],"score":61,"play_id":"a0d56680-99a3-489b-8513-2e8bad8e26b8","local_time":"20210105232846","is_ascension_mode":true,"campfire_choices":[],"circlet_count":0,"master_deck":["Strike_R","Strike_R","Strike_R","Strike_R","Strike_R","Defend_R","Defend_R","Defend_R","Defend_R","Bash+1","Body Slam"],"relics":["energizedSpire:OgreHead","Replay:Mystery Machine"],"acts_visited":["Exordium"],"potions_floor_usage":[6,6,8],"damage_taken":[{"damage":6,"enemies":"Jaw Worm","floor":1,"turns":3},{"damage":7,"enemies":"Small Slimes","floor":4,"turns":3},{"damage":0,"enemies":"Cultist","floor":5,"turns":2},{"damage":51,"enemies":"3 Sentries","floor":6,"turns":12},{"damage":14,"enemies":"3 Louse","floor":7,"turns":3},{"damage":15,"enemies":"Gremlin Nob","floor":8,"turns":3}],"seed_played":"6300816261611820204","potions_obtained":[{"floor":4,"key":"Flashbang"},{"floor":5,"key":"Dexterity Potion"},{"floor":6,"key":"HeartOfIron"}],"is_trial":false,"path_per_floor":["M","?","?","M","M","E","M","E"],"character_chosen":"IRONCLAD","items_purchased":[],"campfire_rested":0,"item_purchase_floors":[],"current_hp_per_floor":[74,80,80,73,73,22,8,0,0],"gold":193,"neow_bonus":"BOSS_RELIC","is_daily":false,"chose_seed":false,"campfire_upgraded":0,"win_rate":0.0,"timestamp":1609896526,"path_taken":["M","?","?","M","M","E","M","E"],"items_purchased_type":[],"build_version":"2020-12-22","purchased_purges":0,"victory":false,"max_hp_per_floor":[80,80,80,80,80,80,80,80,80],"card_choices":[{"not_picked":["True Grit","Cleave","Headbutt"],"picked":"SKIP","floor":1},{"not_picked":["ReplayTheSpireMod:Stacked","Flex"],"picked":"Body Slam","floor":4},{"not_picked":["Defy Death","Demon Form","Heavy Blade"],"picked":"SKIP","floor":5},{"not_picked":["Demonic Infusion","Spot Weakness","Pommel Strike"],"picked":"SKIP","floor":6},{"not_picked":["ReplayTheSpireMod:LeadingStrike","ReplayTheSpireMod:Corrosion Curse","Havoc"],"picked":"SKIP","floor":7}],"player_experience":226487,"relics_obtained":[{"floor":6,"key":"Replay:Mystery Machine"}],"event_choices":[],"is_beta":false,"boss_relics":[],"items_purged_floors":[],"is_endless":false,"potions_floor_spawned":[4,5,6],"killed_by":"Gremlin Nob","ascension_level":1}}