{"host":"5dk97cf2ubw2v967","time":1609922196,"event":{"mods":["AlwaysNeverKeys","BaseMod","Better Altar","Better Vampires","Block Reminder","Colored Powertips","Downfall","Googly Eyes","Highlight Path","Minty Spire (QoL Compilation)","Permanent Neow","Potion Indicator Mod","Quick Restart","Relic Filter","Relic Stats","Say the Spire","Spicy Shops","StSLib","Waifu the Spire","everything is the same but u backflip on backflip"],"gold_per_floor":[99,119,134,147,163,18,43,74,74,74,74,91,118,118,137,212,212,62,81,31,31,45,77,77,77,477,508,508,493,508,508,526,599,599,599,599],"floor_reached":34,"playtime":2336,"items_purged":["Guardian:Strike_Guardian"],"score":800,"play_id":"72ffcecb-fc42-4aef-9bd9-984a10068eca","local_time":"20210106083636","is_ascension_mode":true,"campfire_choices":[{"floor":1.0,"key":"RECALL"},{"data":"Guardian:Defend_Guardian","floor":9.0,"key":"PURGE"},{"floor":11.0,"key":"REST"},{"data":"Guardian:Strike_Guardian","floor":18.0,"key":"PURGE"},{"data":"Guardian:Strike_Guardian","floor":25.0,"key":"PURGE"},{"floor":28.0,"key":"REST"}],"circlet_count":0,"master_deck":["AscendersBane","Guardian:Strike_Guardian","Guardian:Defend_Guardian","Guardian:Defend_Guardian","Guardian:CurlUp","Guardian:TwinSlam","expansioncontent:Corrupt","Guardian:Recover","Guardian:TimeBomb","Guardian:Preprogram","Guardian:TemporalStrike","Guardian:DecasProtection","Guardian:BaubleBeam","Guardian:VentSteam+1","expansioncontent:Corrupt","Guardian:FierceBash","Guardian:Orbwalk","Guardian:Harden","Guardian:Orbwalk","Shame","Guardian:Incinerate+1","Guardian:StasisStrike+1"],"relics":["Guardian:ModeShifter","Potion Belt","Peace Pipe","Turnip","Sozu","downfall:HeartBlessingRed","downfall:HeartBlessingGreen","Oddly Smooth Stone","Shuriken","Old Coin","HornCleat","Art of War","Molten Egg 2"],"acts_visited":["Exordium","TheCity","TheBeyond"],"potions_floor_usage":[],"damage_taken":[{"damage":4.0,"enemies":"Small Slimes","floor":2.0,"turns":4.0},{"damage":0.0,"enemies":"2 Louse","floor":3.0,"turns":2.0},{"damage":3.0,"enemies":"Jaw Worm","floor":4.0,"turns":4.0},{"damage":8.0,"enemies":"3 Louse","floor":5.0,"turns":2.0},{"damage":5.0,"enemies":"downfall:FleeingMerchant","floor":6.0,"turns":4.0},{"damage":24.0,"enemies":"Gremlin Nob","floor":8.0,"turns":4.0},{"damage":6.0,"enemies":"Exordium Thugs","floor":12.0,"turns":2.0},{"damage":31.0,"enemies":"3 Sentries","floor":13.0,"turns":6.0},{"damage":5.0,"enemies":"Blue Slaver","floor":15.0,"turns":4.0},{"damage":1.0,"enemies":"downfall:Watcher","floor":16.0,"turns":15.0},{"damage":9.0,"enemies":"Shell Parasite","floor":19.0,"turns":4.0},{"damage":6.0,"enemies":"Spheric Guardian","floor":22.0,"turns":4.0},{"damage":19.0,"enemies":"Book of Stabbing","floor":23.0,"turns":4.0},{"damage":13.0,"enemies":"downfall:Defect","floor":26.0,"turns":5.0},{"damage":1.0,"enemies":"Gremlin Leader","floor":27.0,"turns":5.0},{"damage":0.0,"enemies":"downfall:FleeingMerchant","floor":29.0,"turns":4.0},{"damage":0,"enemies":"Snecko","floor":30,"turns":4},{"damage":0,"enemies":"Shelled Parasite and Fungi","floor":32,"turns":6},{"damage":14,"enemies":"downfall:Ironclad","floor":33,"turns":9}],"seed_played":"-5983002427785215493","potions_obtained":[{"floor":2.0,"key":"BlessingOfTheForge"},{"floor":3.0,"key":"SteroidPotion"},{"floor":8.0,"key":"Guardian:DefensiveModePotion"},{"floor":12.0,"key":"Explosive Potion"},{"floor":16.0,"key":"Swift Potion"}],"is_trial":false,"path_per_floor":["R","M","M","M","M","$","T","E","R","?","R","M","E","?","M","B",null,"R","M","?","?","M","E","T","R","?","E","R","$","M","?","M","B",null],"character_chosen":"GUARDIAN","items_purchased":["ColorlessPotion"],"campfire_rested":2,"item_purchase_floors":[6],"current_hp_per_floor":[65,61,61,58,50,45,45,21,21,21,40,34,3,24,19,18,53,53,44,65,65,59,40,40,40,27,26,45,45,45,45,45,31,57,57,57],"gold":599,"neow_bonus":"RANDOM_COLORLESS_2","is_daily":false,"chose_seed":false,"campfire_upgraded":0,"win_rate":0.0,"timestamp":1609922196,"path_taken":["R","M","M","M","M","$","T","E","R","?","R","M","E","?","M","BOSS","R","M","?","?","?","E","T","R","?","E","R","$","M","?","M","BOSS"],"items_purchased_type":["Potion"],"build_version":"2020-12-22","purchased_purges":1,"victory":false,"max_hp_per_floor":[65,65,65,65,65,65,65,65,65,65,65,65,65,65,65,65,65,65,65,65,65,65,65,65,65,65,65,65,65,65,65,65,65,65,65,65],"relic_stats":{"Peace Pipe":3,"Sozu":3,"counters":[19,91],"Shuriken":[11],"Turnip":[16],"Art of War":[3],"obtain_stats":[{"Potion Belt":7,"downfall:HeartBlessingRed":18,"Guardian:ModeShifter":0,"Oddly Smooth Stone":23,"downfall:HeartBlessingGreen":18,"Old Coin":26,"Peace Pipe":8,"Sozu":17,"HornCleat":26,"Shuriken":24,"Molten Egg 2":31,"Turnip":13,"Art of War":27},{"Potion Belt":5,"downfall:HeartBlessingRed":10,"Guardian:ModeShifter":0,"Oddly Smooth Stone":13,"downfall:HeartBlessingGreen":10,"Old Coin":14,"Peace Pipe":6,"Sozu":10,"HornCleat":14,"Shuriken":13,"Molten Egg 2":17,"Turnip":8,"Art of War":15},{"Potion Belt":16,"downfall:HeartBlessingRed":46,"Guardian:ModeShifter":0,"Oddly Smooth Stone":58,"downfall:HeartBlessingGreen":46,"Old Coin":63,"Peace Pipe":19,"Sozu":46,"HornCleat":63,"Shuriken":58,"Molten Egg 2":76,"Turnip":27,"Art of War":68}]},"card_choices":[{"not_picked":["Violence","Panache"],"picked":"expansioncontent:Corrupt","floor":0.0},{"not_picked":["Guardian:VentSteam","Guardian:RollAttack"],"picked":"Guardian:Recover","floor":2.0},{"not_picked":["Guardian:Reroute","Guardian:TimeCapacitor"],"picked":"Guardian:TimeBomb","floor":3.0},{"not_picked":["Guardian:RollAttack","Guardian:PrimingBeam"],"picked":"Guardian:Preprogram","floor":4.0},{"not_picked":["Guardian:PrimingBeam","Guardian:RefractedBeam"],"picked":"Guardian:TemporalStrike","floor":5.0},{"not_picked":["Guardian:Gem_Lightblue","Guardian:PiercingHide"],"picked":"Guardian:DecasProtection","floor":6.0},{"not_picked":["Guardian:Reroute","Guardian:PrismaticBeam"],"picked":"Guardian:Gem_Blue","floor":8.0},{"not_picked":["Guardian:Gem_Lightblue","Guardian:Reroute"],"picked":"Guardian:Gem_White","floor":12.0},{"not_picked":["Guardian:TemporalStrike","Guardian:Emergency"],"picked":"Guardian:Gem_Cyan","floor":13.0},{"not_picked":["Guardian:GuardianWhirl","Guardian:FuturePlans"],"picked":"Guardian:Gem_Crimson","floor":15.0},{"not_picked":["Guardian:AncientConstruct","Guardian:GemFire"],"picked":"Guardian:BaubleBeam","floor":16.0},{"not_picked":["Guardian:WalkerClaw","Guardian:Incinerate"],"picked":"Guardian:VentSteam+1","floor":19.0},{"not_picked":["Guardian:Reroute+1","Guardian:ArmoredProtocol"],"picked":"Guardian:Gem_Red","floor":22.0},{"not_picked":["Guardian:MultiBeam","Guardian:PrimingBeam"],"picked":"Guardian:FierceBash","floor":23.0},{"not_picked":["Guardian:RollAttack","Guardian:ShieldCharger"],"picked":"Guardian:Gem_White","floor":26.0},{"not_picked":["Guardian:EvasiveProtocol","Guardian:Recover"],"picked":"Guardian:Orbwalk","floor":27.0},{"not_picked":["Guardian:RefractedBeam","Guardian:TimeBomb"],"picked":"Guardian:Harden","floor":29},{"not_picked":["Guardian:Gem_Blue","Guardian:TemporalShield"],"picked":"Guardian:Orbwalk","floor":30},{"not_picked":["Guardian:EvasiveProtocol","Guardian:PrimingBeam+1"],"picked":"Guardian:Incinerate+1","floor":32},{"not_picked":["Guardian:StasisEngine","Guardian:GemFinder"],"picked":"Guardian:StasisStrike+1","floor":33}],"player_experience":1312004,"relics_obtained":[{"floor":7.0,"key":"Potion Belt"},{"floor":8.0,"key":"Peace Pipe"},{"floor":13.0,"key":"Turnip"},{"floor":23.0,"key":"Oddly Smooth Stone"},{"floor":24.0,"key":"Shuriken"},{"floor":26.0,"key":"Old Coin"},{"floor":26.0,"key":"HornCleat"},{"floor":27.0,"key":"Art of War"}],"event_choices":[{"damage_healed":21.0,"max_hp_gain":0.0,"max_hp_loss":0.0,"gold_gain":0.0,"event_name":"Big Fish","player_choice":"Banana","floor":14.0,"gold_loss":0.0,"damage_taken":0.0},{"damage_healed":0.0,"max_hp_gain":0.0,"max_hp_loss":0.0,"gold_gain":0.0,"event_name":"Duplicator","player_choice":"Copied","floor":21.0,"gold_loss":0.0,"damage_taken":0.0,"cards_obtained":["expansioncontent:Corrupt"]},{"damage_healed":0,"gold_gain":0,"player_choice":"Stole Relic","damage_taken":0,"relics_obtained":["Molten Egg 2"],"max_hp_gain":0,"max_hp_loss":0,"event_name":"Addict","floor":31,"gold_loss":0,"cards_obtained":["Shame"]}],"is_beta":false,"boss_relics":[{"not_picked":["Astrolabe","Empty Cage"],"picked":"Sozu"},{"not_picked":["Velvet Choker","Guardian:StasisSlotReductionRelic","Snecko Eye"]}],"items_purged_floors":[6],"is_endless":false,"potions_floor_spawned":[2,3,8,12,16,19,27,30],"ascension_level":20}}