{"host":"z9grmtg2w0nmz8n1","time":1609910405,"event":{"mods":["Aspiration","Bard","BaseMod","Beaked The Cultist","Better Altar","Better Match","Better Note","Better Sensory Stone","Better Skull","Better Third Choice","BetterRewards","CCEM","Colored Map","Conspire","Downfall","GifTheSpireLib","Googly Eyes","Halation","Hermit","Highlight Path","Hubris","Hunter ??","Jedi Mod","Jorbs\u0027s Wanderer Trilogy","Mad Scientist","Marisa????????","Minty Spire (QoL Compilation)","Permanent Neow","Replay The Spire","Shade Mod","Shop Mod","Spicy Shops","StSLib","Stuff the Spire","The Bug Knight","The Construct","The Necromancer","The Runesmith","The Witch"],"gold_per_floor":[116,136,136,211,228,228,241,241,241,261,296,312,338,350,350,447,447,461,471,38,38,54,85,85,85,85,100,130,150,179,179,179],"floor_reached":31,"playtime":2199,"items_purged":["stsjorbsmod:Strike_Wanderer","stsjorbsmod:Strike_Wanderer","stsjorbsmod:Strike_Wanderer"],"score":359,"play_id":"350b9be2-fd07-4d09-99bb-9645c4b65184","local_time":"20210106032005","is_ascension_mode":false,"campfire_choices":[{"floor":6,"key":"RECALL"},{"floor":8,"key":"REST"},{"floor":15,"key":"REST"}],"circlet_count":0,"master_deck":["stsjorbsmod:ForbiddenGrimoire+1","stsjorbsmod:Defend_Wanderer","stsjorbsmod:Defend_Wanderer","stsjorbsmod:Defend_Wanderer","stsjorbsmod:Defend_Wanderer","stsjorbsmod:FreshAdventure","stsjorbsmod:EyeOfTheStorm","stsjorbsmod:Rediscovery+1","stsjorbsmod:BurningFlask","stsjorbsmod:SmithingStrike","stsjorbsmod:FracturedMind","stsjorbsmod:ChainLightning","stsjorbsmod:Inferno","stsjorbsmod:DeathThroes","stsjorbsmod:MageArmor","stsjorbsmod:Firebolt","stsjorbsmod:DeathThroes","stsjorbsmod:ChainLightning","stsjorbsmod:FindFamiliar","stsjorbsmod:Fireball","stsjorbsmod:LoseGrip+1","stsjorbsmod:ChatteringStrike","stsjorbsmod:Patron","stsjorbsmod:DisguiseSelf","stsjorbsmod:Firebolt","stsjorbsmod:ParryingBlow+1","stsjorbsmod:Message","stsjorbsmod:ChainLightning","stsjorbsmod:Channel","stsjorbsmod:MageArmor"],"relics":["stsjorbsmod:GrimoireRelic","hubris:Towel","Prayer Wheel","Bottled Lightning","aspiration:RitualDagger","Gremlin Horn","jedi:shrinkray","hubris:BottledRain","hubris:Reverence","Blood Vial"],"acts_visited":["Exordium","TheCity"],"potions_floor_usage":[12,13,13,16,19,23,30,31],"damage_taken":[{"damage":0,"enemies":"Small Slimes","floor":1,"turns":4},{"damage":0,"enemies":"Jaw Worm","floor":2,"turns":3},{"damage":7,"enemies":"2 Louse","floor":5,"turns":3},{"damage":10,"enemies":"Gremlin Gang","floor":7,"turns":6},{"damage":8,"enemies":"Red Slaver","floor":10,"turns":3},{"damage":26,"enemies":"Gremlin Nob","floor":11,"turns":4},{"damage":0,"enemies":"Blue Slaver","floor":12,"turns":3},{"damage":18,"enemies":"Lagavulin","floor":13,"turns":5},{"damage":5,"enemies":"Large Slime","floor":14,"turns":4},{"damage":0,"enemies":"Slime Boss","floor":16,"turns":6},{"damage":41,"enemies":"2 Thieves","floor":18,"turns":3},{"damage":6,"enemies":"3 Byrds","floor":19,"turns":2},{"damage":36,"enemies":"Snake Plant","floor":22,"turns":6},{"damage":24,"enemies":"Slavers","floor":23,"turns":3},{"damage":6,"enemies":"3 Cultists","floor":27,"turns":2},{"damage":8,"enemies":"conspire:Head Lice","floor":28,"turns":3},{"damage":6,"enemies":"Sentry and Sphere","floor":29,"turns":3},{"damage":86,"enemies":"conspire:SneckoGhost","floor":30,"turns":6},{"damage":16,"enemies":"Snake Plant","floor":31,"turns":1}],"seed_played":"1782491424194715817","potions_obtained":[{"floor":1,"key":"sneckomod:MuddlingPotion"},{"floor":11,"key":"SkillPotion"},{"floor":12,"key":"Fruit Juice"},{"floor":13,"key":"AttackPotion"},{"floor":16,"key":"Block Potion"},{"floor":19,"key":"Energy Potion"},{"floor":27,"key":"BlessingOfTheForge"},{"floor":29,"key":"sneckomod:MuddlingPotion"}],"is_trial":false,"path_per_floor":["M","M","?","?","M","R","M","R","T","M","E","M","E","M","R","B",null,"M","M","$","?","M","E","$","?","T","M","E","M","E","M"],"character_chosen":"WANDERER","items_purchased":["Gremlin Horn"],"campfire_rested":2,"item_purchase_floors":[20],"current_hp_per_floor":[68,68,68,57,51,51,42,62,62,56,31,37,21,17,38,42,73,33,28,28,28,73,62,57,57,57,69,73,72,9,0,0],"gold":179,"neow_bonus":"ONE_RANDOM_RARE_CARD","is_daily":false,"chose_seed":false,"campfire_upgraded":0,"win_rate":0.0,"timestamp":1609910405,"path_taken":["M","M","?","?","M","R","M","R","T","M","E","M","E","M","R","BOSS","M","M","$","?","?","E","?","?","T","M","E","M","E","M"],"items_purchased_type":["Relic"],"build_version":"2020-12-22","purchased_purges":3,"victory":false,"max_hp_per_floor":[68,68,68,68,68,68,68,68,68,68,68,73,73,73,73,73,73,73,73,73,73,73,73,73,73,73,73,73,73,73,73,73],"card_choices":[{"not_picked":["stsjorbsmod:WanderingMind","stsjorbsmod:Prepare"],"picked":"stsjorbsmod:BurningFlask","floor":1},{"not_picked":["stsjorbsmod:Prepare","stsjorbsmod:DisguiseSelf"],"picked":"stsjorbsmod:SmithingStrike","floor":2},{"not_picked":["stsjorbsmod:BurningFlask","stsjorbsmod:Patron"],"picked":"stsjorbsmod:FracturedMind","floor":5},{"not_picked":["stsjorbsmod:Prepare","stsjorbsmod:MagicMissiles"],"picked":"stsjorbsmod:ChainLightning","floor":7},{"not_picked":["stsjorbsmod:Prepare","stsjorbsmod:Hibernate"],"picked":"stsjorbsmod:Inferno","floor":10},{"not_picked":["stsjorbsmod:Index","stsjorbsmod:FlameWard"],"picked":"stsjorbsmod:DeathThroes","floor":11},{"not_picked":["stsjorbsmod:Prepare","stsjorbsmod:Will"],"picked":"stsjorbsmod:MageArmor","floor":12},{"not_picked":["stsjorbsmod:TrueStrike","stsjorbsmod:MagicMirror"],"picked":"stsjorbsmod:Firebolt","floor":12},{"not_picked":["stsjorbsmod:TrueStrike","stsjorbsmod:DisguiseSelf"],"picked":"stsjorbsmod:DeathThroes","floor":13},{"not_picked":["stsjorbsmod:BlackTentacles","stsjorbsmod:TrueStrike"],"picked":"stsjorbsmod:ChainLightning","floor":14},{"not_picked":["stsjorbsmod:Prepare","stsjorbsmod:Hurt"],"picked":"stsjorbsmod:FindFamiliar","floor":14},{"not_picked":["stsjorbsmod:Fear","stsjorbsmod:Withdraw"],"picked":"stsjorbsmod:Fireball","floor":16},{"not_picked":["stsjorbsmod:Will","stsjorbsmod:BurningFlask"],"picked":"stsjorbsmod:LoseGrip+1","floor":18},{"not_picked":["stsjorbsmod:FindFamiliar","stsjorbsmod:Index"],"picked":"stsjorbsmod:ChatteringStrike","floor":18},{"not_picked":["stsjorbsmod:SmithingStrike","stsjorbsmod:WanderingMind+1"],"picked":"stsjorbsmod:Patron","floor":19},{"not_picked":["stsjorbsmod:Stalwart+1","stsjorbsmod:BlackTentacles","stsjorbsmod:Mending"],"picked":"SKIP","floor":19},{"not_picked":["stsjorbsmod:Will","stsjorbsmod:WanderingMind"],"picked":"stsjorbsmod:DisguiseSelf","floor":22},{"not_picked":["stsjorbsmod:ArcaneWeapon","stsjorbsmod:Will"],"picked":"stsjorbsmod:Firebolt","floor":22},{"not_picked":["stsjorbsmod:RayOfFrost","stsjorbsmod:Hibernate"],"picked":"stsjorbsmod:ParryingBlow+1","floor":23},{"not_picked":["stsjorbsmod:AnimateObjects+1","stsjorbsmod:Mania","stsjorbsmod:Firebolt"],"picked":"SKIP","floor":27},{"not_picked":["stsjorbsmod:TrueStrike","stsjorbsmod:Will","stsjorbsmod:Firebolt"],"picked":"SKIP","floor":27},{"not_picked":["stsjorbsmod:FlameWard","stsjorbsmod:Inferno"],"picked":"stsjorbsmod:Message","floor":28},{"not_picked":["stsjorbsmod:Inferno+1","stsjorbsmod:MagicMissiles+1"],"picked":"stsjorbsmod:ChainLightning","floor":29},{"not_picked":["stsjorbsmod:AnimateObjects","stsjorbsmod:RayOfFrost+1"],"picked":"stsjorbsmod:Channel","floor":29},{"not_picked":["stsjorbsmod:Mending","stsjorbsmod:WeightOfMemory"],"picked":"stsjorbsmod:MageArmor","floor":30}],"player_experience":791506,"relics_obtained":[{"floor":11,"key":"Prayer Wheel"},{"floor":13,"key":"Bottled Lightning"},{"floor":23,"key":"jedi:shrinkray"},{"floor":26,"key":"hubris:BottledRain"},{"floor":28,"key":"hubris:Reverence"},{"floor":30,"key":"Blood Vial"}],"event_choices":[{"damage_healed":0,"gold_gain":75,"player_choice":"Gold","damage_taken":11,"max_hp_gain":0,"max_hp_loss":0,"event_name":"betterThird:BetterGoop","floor":4,"gold_loss":0},{"cards_removed":["stsjorbsmod:Strike_Wanderer"],"damage_healed":0,"gold_gain":0,"player_choice":"Purged","damage_taken":0,"max_hp_gain":0,"max_hp_loss":0,"event_name":"Purifier","floor":21,"gold_loss":0},{"damage_healed":0,"gold_gain":0,"player_choice":"Upgraded","damage_taken":0,"max_hp_gain":0,"max_hp_loss":0,"event_name":"Upgrade Shrine","floor":25,"gold_loss":0,"cards_upgraded":["stsjorbsmod:Rediscovery"]}],"is_beta":false,"boss_relics":[{"not_picked":["halation:Yufonium","hubris:GrandSneckoEye"],"picked":"aspiration:RitualDagger"}],"items_purged_floors":[20,20,24],"is_endless":false,"potions_floor_spawned":[1,11,12,13,16,19,27,29],"killed_by":"Snake Plant","ascension_level":0}}