{"host":"jm9833yuloeli2yd","time":1609963337,"event":{"mods":["BaseMod","Better Altar","Better Match","Better Note","Better Sensory Stone","Better Skull","Better Third Choice","Better Vampires","BetterRewards","Colored Map","Colored Powertips","DeckTracker","Minty Spire (QoL Compilation)","Permanent Neow","Quick Restart","StSLib","SuperFastMode"],"gold_per_floor":[109,259,271,281,109,109,134,150,177,195,195,222,34,47,47,47,47],"floor_reached":16,"playtime":507,"items_purged":["Doubt"],"score":224,"play_id":"e5495fd9-cf97-4818-8d9c-fdff3b59f082","local_time":"20210106150217","is_ascension_mode":true,"campfire_choices":[{"data":"Neutralize","floor":6,"key":"SMITH"},{"floor":15,"key":"REST"}],"circlet_count":0,"master_deck":["AscendersBane","Strike_G","Strike_G","Strike_G","Strike_G","Strike_G","Defend_G","Defend_G+1","Defend_G","Defend_G","Defend_G","Survivor","Neutralize+1","Bullet Time+1","Catalyst","Riddle With Holes","Escape Plan","Riddle With Holes","Deadly Poison","Dash","Poisoned Stab","Leg Sweep","Footwork"],"relics":["Ring of the Snake","Lantern","War Paint","Orichalcum","Membership Card"],"acts_visited":["Exordium"],"potions_floor_usage":[7,7,12,14,16],"damage_taken":[{"damage":1,"enemies":"2 Louse","floor":1,"turns":4},{"damage":6,"enemies":"Jaw Worm","floor":3,"turns":7},{"damage":7,"enemies":"Small Slimes","floor":4,"turns":4},{"damage":6,"enemies":"Gremlin Nob","floor":7,"turns":3},{"damage":8,"enemies":"Exordium Wildlife","floor":8,"turns":5},{"damage":0,"enemies":"Looter","floor":10,"turns":3},{"damage":17,"enemies":"3 Sentries","floor":12,"turns":8},{"damage":0,"enemies":"Large Slime","floor":14,"turns":4},{"damage":30,"enemies":"The Guardian","floor":16,"turns":9}],"seed_played":"-7118932153779555320","potions_obtained":[{"floor":4,"key":"CunningPotion"},{"floor":8,"key":"DistilledChaos"},{"floor":10,"key":"Poison Potion"},{"floor":12,"key":"Poison Potion"}],"is_trial":false,"path_per_floor":["M","?","M","M","$","R","E","M","T","M","?","E","$","M","R","B"],"character_chosen":"THE_SILENT","items_purchased":["AttackPotion","Riddle With Holes","Membership Card","Footwork"],"campfire_rested":1,"item_purchase_floors":[5,5,13,13],"current_hp_per_floor":[43,43,37,30,30,30,24,16,16,16,21,4,4,4,25,0,0],"gold":47,"neow_bonus":"THREE_RARE_CARDS","is_daily":false,"chose_seed":false,"campfire_upgraded":1,"win_rate":0.0,"timestamp":1609963337,"path_taken":["M","?","M","M","$","R","E","M","T","M","?","E","$","M","R","BOSS"],"items_purchased_type":["Potion","Card","Relic","Card"],"build_version":"2020-12-22","purchased_purges":1,"victory":false,"max_hp_per_floor":[66,66,66,66,66,66,66,66,66,66,71,71,71,71,71,71,71],"card_choices":[{"not_picked":["Phantasmal Killer","Grand Finale"],"picked":"Bullet Time","floor":0},{"not_picked":["Backflip","Cloak And Dagger"],"picked":"Catalyst","floor":1},{"not_picked":["Tactician","Setup"],"picked":"Riddle With Holes","floor":3},{"not_picked":["Underhanded Strike","Deflect"],"picked":"Escape Plan","floor":4},{"not_picked":["Slice","Calculated Gamble"],"picked":"Deadly Poison","floor":7},{"not_picked":["Prepared","Sucker Punch"],"picked":"Dash","floor":8},{"not_picked":["Distraction","Expertise"],"picked":"Poisoned Stab","floor":10},{"not_picked":["Glass Knife","Backstab"],"picked":"Leg Sweep","floor":12},{"not_picked":["Slice","Accuracy","Quick Slash"],"picked":"SKIP","floor":14}],"player_experience":1274078,"relics_obtained":[{"floor":7,"key":"Lantern"},{"floor":9,"key":"War Paint"},{"floor":12,"key":"Orichalcum"}],"event_choices":[{"damage_healed":0,"gold_gain":150,"player_choice":"AGREE","damage_taken":109,"max_hp_gain":0,"max_hp_loss":0,"event_name":"betterThird:BetterSerpent","floor":2,"gold_loss":0},{"damage_healed":0,"gold_gain":0,"player_choice":"Donut","damage_taken":0,"max_hp_gain":5,"max_hp_loss":0,"event_name":"Big Fish","floor":11,"gold_loss":0}],"is_beta":false,"boss_relics":[],"items_purged_floors":[5],"is_endless":false,"potions_floor_spawned":[4,8,10,12],"killed_by":"The Guardian","ascension_level":20}}