{"host":"tr12w2fixbnujl15","time":1609976855,"event":{"mods":["2.2 Compatiblity","BaseMod","Better Skull","BetterRewards","Colored Powertips","Evolution","Hubris","Infinite Spire","Minty Spire (QoL Compilation)","Quick Restart","Replay The Spire","Shop Mod","StSLib","SuperFastMode","The Necromancer","The Sage","The Senshi","The Servant 0.9.4","The Spell Scribe","TheFirefly","WarShipGirlsR/????R mod"],"gold_per_floor":[118,128,128,128,147,182,196,52,52,72,72,84,96,68,68,68,68],"floor_reached":16,"playtime":759,"items_purged":[],"score":106,"play_id":"06a79c97-6b32-4a96-8a42-915800302936","local_time":"20210106184735","is_ascension_mode":false,"campfire_choices":[{"floor":11,"key":"REST"},{"floor":15,"key":"REST"}],"circlet_count":0,"master_deck":["theScribe:EnchantedStrike","theScribe:StarterAttack","theScribe:LightningStrike","theScribe:LightningStrike","theScribe:StarterDefend","theScribe:StarterDefend","theScribe:StarterDefend","theScribe:IcyDefend","theScribe:IcyDefend","theScribe:StarterModifier","theScribe:CrystalShield+1","theScribe:FrostvenomToxin","theScribe:ArcaneBarrier","theScribe:AmplifyingSpellstone","theScribe:ScindoSpellstone+1","theScribe:FrostvenomToxin","theScribe:CripplingCharge","theScribe:Thunder","theScribe:ToxicSpellstone","theScribe:Thwack"],"relics":["theScribe:StarterRelic1","EVO:Axolotl","NeowsBlessing","theScribe:OsmoticFilter","Guide Book","Turnip"],"acts_visited":["Exordium"],"potions_floor_usage":[10,14,16,16],"damage_taken":[{"damage":0,"enemies":"Cultist","floor":1,"turns":1},{"damage":2,"enemies":"2 Louse","floor":2,"turns":2},{"damage":0,"enemies":"Jaw Worm","floor":5,"turns":1},{"damage":38,"enemies":"Lagavulin","floor":6,"turns":8},{"damage":21,"enemies":"2 Fungi Beasts","floor":7,"turns":7},{"damage":0,"enemies":"Looter","floor":10,"turns":5},{"damage":17,"enemies":"Exordium Wildlife","floor":12,"turns":12},{"damage":0,"enemies":"Lots of Slimes","floor":13,"turns":3},{"damage":17,"enemies":"Exordium Thugs","floor":14,"turns":5},{"damage":35,"enemies":"Hexaghost","floor":16,"turns":11}],"seed_played":"-8231802147277842971","potions_obtained":[{"floor":1,"key":"LifebloodPotion"},{"floor":7,"key":"DuplicationPotion"},{"floor":10,"key":"SteroidPotion"},{"floor":14,"key":"Dexterity Potion"}],"is_trial":false,"path_per_floor":["M","M","?","?","M","E","M","$","T","M","R","M","M","M","R","B"],"character_chosen":"THE_SCRIBE","items_purchased":["Guide Book"],"campfire_rested":2,"item_purchase_floors":[8],"current_hp_per_floor":[75,73,78,78,78,40,19,19,19,19,43,26,26,9,33,0,0],"gold":68,"neow_bonus":"THREE_ENEMY_KILL","is_daily":false,"chose_seed":false,"campfire_upgraded":0,"win_rate":0.0,"timestamp":1609976855,"path_taken":["M","?","?","?","M","E","M","$","T","M","R","?","M","M","R","BOSS"],"items_purchased_type":["Relic"],"build_version":"2020-12-22","purchased_purges":0,"victory":false,"max_hp_per_floor":[75,75,80,80,80,80,80,80,80,80,80,80,80,80,80,80,80],"card_choices":[{"not_picked":["theScribe:Divination","theScribe:Incendio"],"picked":"theScribe:CrystalShield","floor":1},{"not_picked":["theScribe:ThrownScroll","theScribe:MirrorImage"],"picked":"theScribe:FrostvenomToxin","floor":2},{"not_picked":["theScribe:Thunder","theScribe:Divination"],"picked":"theScribe:AmplifyingSpellstone","floor":5},{"not_picked":["theScribe:Insight","theScribe:Split"],"picked":"theScribe:ScindoSpellstone","floor":6},{"not_picked":["theScribe:LightningBolt","theScribe:ArcaneBarrier"],"picked":"theScribe:FrostvenomToxin","floor":7},{"not_picked":["theScribe:MirrorImage","theScribe:ScrollOfChaining"],"picked":"theScribe:CripplingCharge","floor":10},{"not_picked":["theScribe:ScrollOfShadows","theScribe:TelumSpellstone"],"picked":"theScribe:Thunder","floor":12},{"not_picked":["theScribe:StaticCage","theScribe:QuickStudy"],"picked":"theScribe:ToxicSpellstone","floor":13},{"not_picked":["theScribe:Thunder","theScribe:Frost"],"picked":"theScribe:Thwack","floor":14}],"player_experience":31087,"relics_obtained":[{"floor":6,"key":"theScribe:OsmoticFilter"},{"floor":9,"key":"Turnip"}],"event_choices":[{"damage_healed":0,"gold_gain":0,"player_choice":"Donut","damage_taken":0,"max_hp_gain":5,"max_hp_loss":0,"event_name":"Big Fish","floor":3,"gold_loss":0},{"damage_healed":0,"gold_gain":0,"player_choice":"1 cards matched","damage_taken":0,"max_hp_gain":0,"max_hp_loss":0,"event_name":"Match and Keep!","floor":4,"gold_loss":0,"cards_obtained":["theScribe:ArcaneBarrier"]}],"is_beta":false,"boss_relics":[],"items_purged_floors":[],"is_endless":false,"potions_floor_spawned":[1,7,10,14],"killed_by":"Hexaghost","ascension_level":0}}