{"host":"6qo42zgaknezulyg","time":1609929039,"event":{"mods":["2.2 Compatiblity","BaseMod","Colored Map","Downfall","Keyboard Shortcuts","Minty Spire (QoL Compilation)","Permanent Neow","Quick Restart","StSLib","SuperFastMode"],"gold_per_floor":[0,19,29,49,59,234,260,293,293,303,303,403,421,21,34,139,139,139,149,167,167,235,20,20,20,55,372,397,547,547,597,615,712,712,712,722,736,798,810,860,860,860,910,712,727,744,759,503,520,520],"floor_reached":51,"playtime":2475,"items_purged":["Doubt","bronze:Strike","bronze:Strike","bronze:Strike","bronze:Goto"],"score":1044,"play_id":"f41987a8-e52f-442c-b8df-a0e798f37c12","local_time":"20210106193039","is_ascension_mode":true,"campfire_choices":[{"data":"bronze:SpaghettiCode","floor":1.0,"key":"SMITH"},{"floor":9.0,"key":"REST"},{"data":"bronze:DigitalCarnage","floor":11.0,"key":"SMITH"},{"data":"bronze:Format","floor":18.0,"key":"SMITH"},{"data":"bronze:Repair","floor":25.0,"key":"SMITH"},{"data":"bronze:DonuBeam","floor":30.0,"key":"SMITH"},{"floor":35.0,"key":"REST"},{"floor":42.0,"key":"RECALL"}],"circlet_count":0,"master_deck":["bronze:Defend","bronze:Defend","bronze:Defend","bronze:Defend","bronze:Replicate+1","bronze:SpaghettiCode+1","bronze:DigitalCarnage+1","bronze:DelayedGuard","bronze:ChildClass","bronze:Flail+1","bronze:Frontload","bronze:Format+1","bronze:Boost","expansioncontent:QuickStudy","bronze:Fortify","bronze:FunctionCard","bronze:Repair+1","bronze:DonuBeam+1","expansioncontent:DefensiveStance","bronze:Fortify","bronze:ChildClass","expansioncontent:FaceSlap"],"relics":["bronze:BronzeCore","Dream Catcher","Centennial Puzzle","Membership Card","Whetstone","Snecko Eye","SsserpentHead","Lizard Tail","bronze:Mallet","Sundial","Pen Nib","Fusion Hammer","sneckomod:BlankCard","Guardian:BottledAnomaly","Mercury Hourglass"],"acts_visited":["Exordium","TheCity","TheBeyond"],"potions_floor_usage":[50,50],"damage_taken":[{"damage":4.0,"enemies":"2 Louse","floor":2.0,"turns":3.0},{"damage":2.0,"enemies":"Small Slimes","floor":3.0,"turns":3.0},{"damage":7.0,"enemies":"Jaw Worm","floor":4.0,"turns":2.0},{"damage":5.0,"enemies":"Large Slime","floor":5.0,"turns":4.0},{"damage":10.0,"enemies":"Lagavulin","floor":8.0,"turns":6.0},{"damage":1.0,"enemies":"Gremlin Gang","floor":10.0,"turns":3.0},{"damage":0.0,"enemies":"Red Slaver","floor":13.0,"turns":3.0},{"damage":0.0,"enemies":"downfall:FleeingMerchant","floor":14.0,"turns":4.0},{"damage":0.0,"enemies":"3 Louse","floor":15.0,"turns":1.0},{"damage":30.0,"enemies":"downfall:Watcher","floor":16.0,"turns":8.0},{"damage":0.0,"enemies":"3 Byrds","floor":19.0,"turns":5.0},{"damage":6.0,"enemies":"Shelled Parasite and Fungi","floor":20.0,"turns":2.0},{"damage":0.0,"enemies":"Centurion and Healer","floor":22.0,"turns":4.0},{"damage":0.0,"enemies":"downfall:FleeingMerchant","floor":23.0,"turns":4.0},{"damage":3.0,"enemies":"Book of Stabbing","floor":26.0,"turns":5.0},{"damage":0.0,"enemies":"downfall:FleeingMerchant","floor":27.0,"turns":3.0},{"damage":0.0,"enemies":"Gremlin Leader","floor":28.0,"turns":3.0},{"damage":2.0,"enemies":"Gremlin Leader","floor":29.0,"turns":3.0},{"damage":0.0,"enemies":"3 Cultists","floor":32.0,"turns":2.0},{"damage":61.0,"enemies":"downfall:Ironclad","floor":33.0,"turns":8.0},{"damage":0.0,"enemies":"Orb Walker","floor":36.0,"turns":4.0},{"damage":0.0,"enemies":"3 Shapes","floor":37.0,"turns":3.0},{"damage":0.0,"enemies":"Jaw Worm Horde","floor":38.0,"turns":3.0},{"damage":8.0,"enemies":"3 Darklings","floor":39.0,"turns":3.0},{"damage":16.0,"enemies":"Writhing Mass","floor":45.0,"turns":4.0},{"damage":0.0,"enemies":"4 Shapes","floor":46.0,"turns":2.0},{"damage":0.0,"enemies":"3 Darklings","floor":47.0,"turns":1.0},{"damage":0.0,"enemies":"Maw","floor":49.0,"turns":4.0},{"damage":25,"enemies":"downfall:Defect","floor":50,"turns":6}],"seed_played":"1152435357563113586","potions_obtained":[{"floor":2.0,"key":"CultistPotion"},{"floor":4.0,"key":"Fire Potion"},{"floor":5.0,"key":"Strength Potion"},{"floor":10.0,"key":"Ancient Potion"},{"floor":19.0,"key":"EntropicBrew"},{"floor":31.0,"key":"bronze:BurnAndBuffPotion"},{"floor":37.0,"key":"SkillPotion"},{"floor":38.0,"key":"Strength Potion"},{"floor":47.0,"key":"FairyPotion"}],"is_trial":false,"path_per_floor":["R","M","M","M","M","?","T","E","R","M","R","?","M","$","M","B",null,"R","M","M","?","M","$","T","R","E","$","E","?","R","?","M","B",null,"R","M","M","M","M","?","T","R","?","$","M","M","M","$","M","B",null],"character_chosen":"THE_AUTOMATON","items_purchased":["Membership Card","expansioncontent:QuickStudy","bronze:Fortify","Whetstone","Lizard Tail","expansioncontent:DefensiveStance","Guardian:BottledAnomaly","Mercury Hourglass","expansioncontent:FaceSlap"],"campfire_rested":2,"item_purchase_floors":[14,14,14,14,23,44,44,48,48],"current_hp_per_floor":[63,59,57,50,45,45,45,35,56,55,55,55,55,55,55,25,59,59,59,53,53,60,67,67,67,67,67,67,65,65,65,65,14,56,70,70,70,70,62,62,62,62,62,62,56,56,56,56,66,51],"gold":520,"neow_bonus":"THREE_RARE_CARDS","is_daily":false,"chose_seed":false,"campfire_upgraded":5,"win_rate":0.0,"timestamp":1609929039,"path_taken":["R","M","M","M","M","?","T","E","R","M","R","?","?","$","M","BOSS","R","M","M","?","?","$","T","R","E","?","E","?","R","?","M","BOSS","R","M","M","?","M","?","T","R","?","$","M","M","M","$","M","BOSS"],"items_purchased_type":["Relic","Card","Card","Relic","Relic","Card","Relic","Relic","Card"],"build_version":"2020-12-22","purchased_purges":5,"victory":true,"max_hp_per_floor":[70,70,70,70,70,70,70,70,70,70,70,70,70,70,70,70,70,70,70,70,70,70,70,70,70,70,70,70,70,70,70,70,70,70,70,70,70,70,70,70,70,70,70,70,70,70,70,70,70,70],"card_choices":[{"not_picked":["bronze:FindAndReplace","bronze:ThunderWave"],"picked":"bronze:SpaghettiCode","floor":0.0},{"not_picked":["bronze:DelayedGuard","bronze:Optimize"],"picked":"bronze:DigitalCarnage","floor":2.0},{"not_picked":["bronze:BuggyMess","bronze:RecursiveStrike","bronze:Invalidate"],"picked":"SKIP","floor":3.0},{"not_picked":["bronze:FineTuning","bronze:Terminator","bronze:CutThrough"],"picked":"SKIP","floor":4.0},{"not_picked":["bronze:BugBarrage","bronze:Constructor"],"picked":"bronze:DelayedGuard","floor":5.0},{"not_picked":["bronze:Library","bronze:Invalidate"],"picked":"bronze:ChildClass","floor":8.0},{"not_picked":["bronze:GetLatest","bronze:Safeguard"],"picked":"bronze:Flail","floor":9.0},{"not_picked":["bronze:Overheat","bronze:Terminator"],"picked":"bronze:Frontload","floor":10.0},{"not_picked":["bronze:Optimize","bronze:DelayedGuard"],"picked":"bronze:Format","floor":13.0},{"not_picked":["bronze:Turbo","bronze:Shield"],"picked":"bronze:Boost","floor":14.0},{"not_picked":["bronze:CutThrough","bronze:WhirlingStrike","bronze:Frontload"],"picked":"SKIP","floor":15.0},{"not_picked":["bronze:CleanCode","bronze:HardenedForm"],"picked":"bronze:Hardcode","floor":16.0},{"not_picked":["bronze:Allocate","bronze:FollowUp"],"picked":"bronze:Repair","floor":19.0},{"not_picked":["bronze:Shield","bronze:FineTuning","bronze:Iterate+1"],"picked":"SKIP","floor":20.0},{"not_picked":["bronze:DelayedSlice","bronze:Backtrace","bronze:WildBeam"],"picked":"SKIP","floor":22.0},{"not_picked":["bronze:Iterate","bronze:Deprecate","bronze:ForLoop"],"picked":"SKIP","floor":23.0},{"not_picked":["bronze:WildBeam","bronze:RecursiveStrike","bronze:Assembly"],"picked":"SKIP","floor":26.0},{"not_picked":["bronze:WildBeam","bronze:RecursiveStrike","bronze:Assembly"],"picked":"SKIP","floor":26.0},{"not_picked":["bronze:BronzeOrb","bronze:Branch","bronze:Safeguard"],"picked":"SKIP","floor":27.0},{"not_picked":["bronze:HardenedForm","bronze:WhirlingStrike+1","bronze:FineTuning+1"],"picked":"SKIP","floor":28.0},{"not_picked":[],"picked":"bronze:DonuBeam","floor":29.0},{"not_picked":["bronze:InfiniteBeams+1","bronze:DarkDash+1","bronze:Turbo"],"picked":"SKIP","floor":32.0},{"not_picked":["bronze:OilSpill","bronze:DigitalCarnage","bronze:Shield"],"picked":"SKIP","floor":36.0},{"not_picked":["bronze:Shield","bronze:Frontload","bronze:MaxOutput+1"],"picked":"SKIP","floor":37.0},{"not_picked":["bronze:Refactor+1","bronze:Deprecate","bronze:Frontload"],"picked":"SKIP","floor":38.0},{"not_picked":["bronze:Turbo","bronze:FollowUp+1","bronze:WhirlingStrike+1"],"picked":"SKIP","floor":39.0},{"not_picked":["bronze:Fortify","bronze:ForLoop","bronze:Iterate+1"],"picked":"SKIP","floor":45.0},{"not_picked":["bronze:ForLoop","bronze:Iterate+1"],"picked":"bronze:Fortify","floor":45.0},{"not_picked":["bronze:Break","bronze:Frontload"],"picked":"bronze:ChildClass","floor":46.0},{"not_picked":["bronze:ForLoop","bronze:Constructor","bronze:Terminator"],"picked":"SKIP","floor":47.0},{"not_picked":["bronze:BuggyMess","bronze:ChildClass","bronze:Terminator+1"],"picked":"SKIP","floor":49}],"player_experience":1114494,"relics_obtained":[{"floor":7.0,"key":"Dream Catcher"},{"floor":8.0,"key":"Centennial Puzzle"},{"floor":24.0,"key":"bronze:Mallet"},{"floor":26.0,"key":"Sundial"},{"floor":28.0,"key":"Pen Nib"},{"floor":41.0,"key":"sneckomod:BlankCard"}],"event_choices":[{"damage_healed":0.0,"max_hp_gain":0.0,"max_hp_loss":0.0,"gold_gain":0.0,"event_name":"FaceTrader","player_choice":"Trade","floor":21.0,"gold_loss":0.0,"damage_taken":0.0,"relics_obtained":["SsserpentHead"]},{"damage_healed":0.0,"max_hp_gain":0.0,"max_hp_loss":0.0,"gold_gain":0.0,"event_name":"Lab","player_choice":"Got Potions","floor":31.0,"gold_loss":0.0,"damage_taken":0.0},{"damage_healed":0.0,"max_hp_gain":0.0,"max_hp_loss":0.0,"gold_gain":0.0,"event_name":"Mysterious Sphere","player_choice":"Ignored","floor":40.0,"gold_loss":0.0,"damage_taken":0.0},{"cards_removed":["bronze:Strike"],"damage_healed":0.0,"max_hp_gain":0.0,"max_hp_loss":0.0,"gold_gain":0.0,"event_name":"Bonfire Elementals","player_choice":"Offered Basic","floor":43.0,"gold_loss":0.0,"damage_taken":0.0}],"is_beta":false,"boss_relics":[{"not_picked":["Astrolabe","Coffee Dripper"],"picked":"Snecko Eye"},{"not_picked":["Black Star","SlaversCollar"],"picked":"Fusion Hammer"}],"items_purged_floors":[14,23,27,44,48],"is_endless":false,"potions_floor_spawned":[2,4,5,10,15,19,20,22,37,38,46,47],"ascension_level":9}}