{"host":"t4ahr8360jjehcuv","time":1609941420,"event":{"mods":["BaseMod","Colored Map","DeckTracker","Highlight Path","Keyboard Shortcuts","Minty Spire (QoL Compilation)","Permanent Neow","Quick Restart","SuperFastMode","everything is the same but u backflip on backflip"],"gold_per_floor":[112,127,143,153,173,199,199,211,288,288,302,302,477,260,260,359,359,376,291,307,325,325,340,340,350,350,381,381,409,421,89,89,189,189,208,228,128,143,143,173,173,188,188,188,188,200,75,93,93,93],"floor_reached":51,"playtime":2648,"items_purged":["Strike_G","Strike_G","Strike_G"],"score":748,"play_id":"616824c5-2097-4b2a-86c4-afcfde980293","local_time":"20210106225700","is_ascension_mode":false,"campfire_choices":[{"data":"Apotheosis","floor":7.0,"key":"SMITH"},{"data":"Neutralize","floor":10.0,"key":"SMITH"},{"data":"Deadly Poison","floor":12.0,"key":"SMITH"},{"floor":15.0,"key":"REST"},{"floor":24.0,"key":"REST"},{"floor":32.0,"key":"REST"},{"floor":41.0,"key":"REST"},{"floor":45.0,"key":"REST"},{"floor":49,"key":"REST"}],"circlet_count":0,"master_deck":["Strike_G","Strike_G","Defend_G+1","Defend_G+1","Defend_G","Defend_G","Defend_G","Survivor","Neutralize+1","Apotheosis+1","Deflect","Deadly Poison+1","Dagger Spray","Acrobatics","Footwork","Footwork","Bane","Malaise+1","Noxious Fumes","Crippling Poison+1","Burst+1","PiercingWail+1","Noxious Fumes","Noxious Fumes","Crippling Poison+1","Backstab","Burst+1","Calculated Gamble+1","Blur+1","Secret Technique+1","Flash of Steel","Caltrops+1","Backflip+1","Regret"],"relics":["Ring of the Snake","Bag of Marbles","Toxic Egg 2","Fusion Hammer","Bronze Scales","Eternal Feather","Lizard Tail","Oddly Smooth Stone","Gambling Chip","Cursed Key","War Paint","Darkstone Periapt"],"acts_visited":["Exordium","TheCity","TheBeyond"],"potions_floor_usage":[50],"damage_taken":[{"damage":2.0,"enemies":"Small Slimes","floor":1.0,"turns":4.0},{"damage":2.0,"enemies":"Jaw Worm","floor":2.0,"turns":5.0},{"damage":2.0,"enemies":"2 Louse","floor":3.0,"turns":3.0},{"damage":4.0,"enemies":"Gremlin Gang","floor":4.0,"turns":3.0},{"damage":0.0,"enemies":"3 Louse","floor":5.0,"turns":3.0},{"damage":26.0,"enemies":"3 Sentries","floor":6.0,"turns":8.0},{"damage":0.0,"enemies":"Exordium Wildlife","floor":8.0,"turns":2.0},{"damage":11.0,"enemies":"Red Slaver","floor":11.0,"turns":4.0},{"damage":22.0,"enemies":"Hexaghost","floor":16.0,"turns":10.0},{"damage":2.0,"enemies":"Chosen","floor":18.0,"turns":6.0},{"damage":0.0,"enemies":"Shell Parasite","floor":20.0,"turns":5.0},{"damage":9.0,"enemies":"Shelled Parasite and Fungi","floor":21.0,"turns":4.0},{"damage":6.0,"enemies":"Centurion and Healer","floor":23.0,"turns":6.0},{"damage":17.0,"enemies":"Snecko","floor":25.0,"turns":6.0},{"damage":0.0,"enemies":"Book of Stabbing","floor":27.0,"turns":7.0},{"damage":12.0,"enemies":"Gremlin Leader","floor":29.0,"turns":6.0},{"damage":6.0,"enemies":"Shelled Parasite and Fungi","floor":30.0,"turns":5.0},{"damage":4.0,"enemies":"Collector","floor":33.0,"turns":8.0},{"damage":0.0,"enemies":"Orb Walker","floor":35.0,"turns":4.0},{"damage":8.0,"enemies":"3 Shapes","floor":36.0,"turns":4.0},{"damage":6.0,"enemies":"Maw","floor":38.0,"turns":8.0},{"damage":5.0,"enemies":"Giant Head","floor":40.0,"turns":9.0},{"damage":5.0,"enemies":"4 Shapes","floor":42.0,"turns":4.0},{"damage":6,"enemies":"Transient","floor":46,"turns":5},{"damage":0,"enemies":"Sphere and 2 Shapes","floor":48,"turns":4},{"damage":52,"enemies":"Donu and Deca","floor":50,"turns":10}],"seed_played":"-987733116372303335","potions_obtained":[{"floor":1.0,"key":"Explosive Potion"},{"floor":4.0,"key":"FearPotion"},{"floor":5.0,"key":"SpeedPotion"},{"floor":16.0,"key":"Strength Potion"},{"floor":18.0,"key":"AttackPotion"},{"floor":21.0,"key":"Weak Potion"},{"floor":29.0,"key":"SpeedPotion"},{"floor":33.0,"key":"ColorlessPotion"},{"floor":35.0,"key":"CunningPotion"}],"is_trial":false,"path_per_floor":["M","M","M","M","M","E","R","M","T","R","M","R","?","$","R","B",null,"M","?","M","M","?","M","R","M","T","E","?","E","M","$","R","B",null,"M","M","$","M","?","E","R","M","T","?","R","M","$","M","R","B",null],"character_chosen":"THE_SILENT","items_purchased":["Noxious Fumes","Crippling Poison+1","Gambling Chip","Backstab"],"campfire_rested":6,"item_purchase_floors":[14,14,31,31],"current_hp_per_floor":[68,66,64,60,60,34,34,34,34,34,23,23,23,23,44,22,70,68,68,68,59,59,53,70,53,53,53,53,41,35,35,70,66,70,70,62,62,56,46,41,70,65,65,65,66,60,60,60,66,14],"gold":93,"neow_bonus":"RANDOM_COLORLESS_2","is_daily":false,"chose_seed":false,"campfire_upgraded":3,"win_rate":0.0,"timestamp":1609941420,"path_taken":["M","M","M","M","M","E","R","M","T","R","M","R","?","$","R","BOSS","M","?","M","M","?","M","R","M","T","E","?","E","M","$","R","BOSS","M","?","$","M","?","E","R","M","T","?","R","M","$","M","R","BOSS"],"items_purchased_type":["Card","Card","Relic","Card"],"build_version":"2020-12-22","purchased_purges":3,"victory":true,"max_hp_per_floor":[70,70,70,70,70,70,70,70,70,70,70,70,70,70,70,70,70,70,70,70,70,70,70,70,70,70,70,70,70,70,70,70,70,70,70,70,70,70,70,70,70,70,70,66,66,66,66,66,66,66],"card_choices":[{"not_picked":["Secret Technique","Metamorphosis"],"picked":"Apotheosis","floor":0.0},{"not_picked":["Masterful Stab","Acrobatics"],"picked":"Deflect","floor":1.0},{"not_picked":["Poisoned Stab","Outmaneuver"],"picked":"Deadly Poison","floor":2.0},{"not_picked":["Underhanded Strike","Blur"],"picked":"Dagger Spray","floor":3.0},{"not_picked":["Outmaneuver","Blur"],"picked":"Acrobatics","floor":4.0},{"not_picked":["Dodge and Roll","Dagger Throw"],"picked":"Footwork","floor":5.0},{"not_picked":["Blade Dance","Cloak And Dagger"],"picked":"Footwork","floor":6.0},{"not_picked":["Dagger Spray","Cloak And Dagger"],"picked":"Bane","floor":8.0},{"not_picked":["Flying Knee","Prepared+1"],"picked":"Malaise+1","floor":11.0},{"not_picked":["Corpse Explosion+1","After Image"],"picked":"Burst+1","floor":16.0},{"not_picked":["Distraction+1","Endless Agony","Footwork"],"picked":"SKIP","floor":18.0},{"not_picked":["Distraction+1","Acrobatics+1"],"picked":"PiercingWail+1","floor":20.0},{"not_picked":["Choke","Flying Knee"],"picked":"Noxious Fumes","floor":21.0},{"not_picked":["Dagger Spray","Deflect+1","Prepared+1"],"picked":"SKIP","floor":23.0},{"not_picked":["Deadly Poison+1","Sucker Punch"],"picked":"Noxious Fumes","floor":25.0},{"not_picked":["Cloak And Dagger+1","Bane","Acrobatics+1"],"picked":"SKIP","floor":27.0},{"not_picked":["Die Die Die","Quick Slash","PiercingWail+1"],"picked":"SKIP","floor":29.0},{"not_picked":["Cloak And Dagger+1","Dagger Spray"],"picked":"Crippling Poison+1","floor":30.0},{"not_picked":["Die Die Die","Glass Knife"],"picked":"Burst+1","floor":33.0},{"not_picked":["Quick Slash","Acrobatics+1"],"picked":"Calculated Gamble+1","floor":35.0},{"not_picked":["Infinite Blades+1","Dagger Throw+1","Sucker Punch"],"picked":"SKIP","floor":36.0},{"not_picked":["Dagger Throw+1","Masterful Stab+1"],"picked":"Blur+1","floor":38.0},{"not_picked":["Enlightenment+1","Madness+1"],"picked":"Secret Technique+1","floor":39.0},{"not_picked":["Trip+1","Swift Strike"],"picked":"Flash of Steel","floor":39.0},{"not_picked":["Blade Dance+1","Prepared+1"],"picked":"Caltrops+1","floor":40.0},{"not_picked":["Dodge and Roll+1","Noxious Fumes"],"picked":"Backflip+1","floor":42.0},{"not_picked":["Deadly Poison+1","Slice","Dash"],"picked":"SKIP","floor":46},{"not_picked":["Deadly Poison+1","Prepared+1","Flying Knee"],"picked":"SKIP","floor":48}],"player_experience":42444,"relics_obtained":[{"floor":6.0,"key":"Bag of Marbles"},{"floor":9.0,"key":"Toxic Egg 2"},{"floor":26.0,"key":"Eternal Feather"},{"floor":27.0,"key":"Lizard Tail"},{"floor":29.0,"key":"Oddly Smooth Stone"},{"floor":40.0,"key":"War Paint"},{"floor":43.0,"key":"Darkstone Periapt"}],"event_choices":[{"damage_healed":0.0,"max_hp_gain":0.0,"max_hp_loss":0.0,"gold_gain":175.0,"event_name":"Liars Game","player_choice":"AGREE","floor":13.0,"gold_loss":0.0,"damage_taken":0.0,"cards_obtained":["Doubt"]},{"damage_healed":0.0,"max_hp_gain":0.0,"max_hp_loss":0.0,"gold_gain":0.0,"event_name":"Addict","player_choice":"Obtained Relic","floor":19.0,"gold_loss":85.0,"damage_taken":0.0,"relics_obtained":["Bronze Scales"]},{"damage_healed":0.0,"max_hp_gain":0.0,"max_hp_loss":0.0,"gold_gain":0.0,"event_name":"Vampires","player_choice":"Ignored","floor":22.0,"gold_loss":0.0,"damage_taken":0.0},{"cards_removed":["Doubt","Injury"],"damage_healed":0.0,"max_hp_gain":0.0,"max_hp_loss":0.0,"gold_gain":0.0,"event_name":"Fountain of Cleansing","player_choice":"Removed Curses","floor":28.0,"gold_loss":0.0,"damage_taken":0.0},{"damage_healed":0.0,"max_hp_gain":0.0,"max_hp_loss":0.0,"gold_gain":0.0,"event_name":"SensoryStone","player_choice":"Memory 3","floor":39.0,"gold_loss":0.0,"damage_taken":10.0},{"damage_healed":0.0,"max_hp_gain":0.0,"max_hp_loss":4.0,"gold_gain":0.0,"event_name":"Winding Halls","player_choice":"Max HP","floor":44.0,"gold_loss":0.0,"damage_taken":0.0}],"is_beta":false,"boss_relics":[{"not_picked":["WristBlade","Velvet Choker"],"picked":"Fusion Hammer"},{"not_picked":["Busted Crown","Black Star"],"picked":"Cursed Key"}],"items_purged_floors":[14,37,47],"is_endless":false,"potions_floor_spawned":[1,4,5,16,18,21,29,33,35,42,46],"ascension_level":0}}