{"host":"omsykib0woddca32","time":1609922679,"event":{"mods":["Ascension Reborn","BaseMod","Colored Powertips","Lobotomy","Minty Spire (QoL Compilation)","Random Character Button","Shop Mod","StSLib"],"gold_per_floor":[113,132,143,143,161,161,161],"floor_reached":6,"playtime":519,"items_purged":[],"score":40,"play_id":"cc6ed337-08a9-4685-bfe2-f0212769c7af","local_time":"20210106164439","is_ascension_mode":true,"campfire_choices":[],"circlet_count":0,"master_deck":["Strike_R","Strike_R","Strike_R+1","Strike_R+1","Strike_R","Defend_R","Defend_R","Defend_R","Defend_R","Bash","Power Through","Feel No Pain","Freischutz","True Grit"],"relics":["Burning Blood","CogitoBucket"],"acts_visited":["Exordium"],"potions_floor_usage":[6],"damage_taken":[{"damage":1.0,"enemies":"Cultist","floor":1.0,"turns":3.0},{"damage":3.0,"enemies":"Jaw Worm","floor":2.0,"turns":4.0},{"damage":0.0,"enemies":"Small Slimes","floor":3.0,"turns":3.0},{"damage":10,"enemies":"Looter","floor":5,"turns":3},{"damage":21,"enemies":"Lagavulin","floor":6,"turns":4}],"seed_played":"-7544754506993848368","potions_obtained":[{"floor":3.0,"key":"SmokeBomb"},{"floor":5,"key":"Energy Potion"}],"is_trial":false,"path_per_floor":["M","M","M","?","M","E"],"character_chosen":"IRONCLAD","items_purchased":[],"campfire_rested":0,"item_purchase_floors":[],"current_hp_per_floor":[80,80,80,64,60,0,0],"gold":161,"neow_bonus":"","is_daily":false,"chose_seed":false,"campfire_upgraded":0,"win_rate":0.0,"timestamp":1609922679,"path_taken":["M","?","M","?","M","E"],"items_purchased_type":[],"build_version":"2020-12-22","purchased_purges":0,"victory":false,"max_hp_per_floor":[80,80,80,80,80,80,80],"card_choices":[{"not_picked":["Flex","Anger"],"picked":"Power Through","floor":1.0},{"not_picked":["ShyLook","Porccubus"],"picked":"Yin","floor":2.0},{"not_picked":["Sword Boomerang","Clash"],"picked":"Feel No Pain","floor":2.0},{"not_picked":["Power Through","Flex","Sword Boomerang"],"picked":"SKIP","floor":3.0},{"not_picked":["PunishingBird","MeatLantern"],"picked":"Freischutz","floor":5},{"not_picked":["Twin Strike","Fire Breathing"],"picked":"True Grit","floor":5}],"player_experience":67163,"relics_obtained":[],"event_choices":[{"damage_healed":0.0,"max_hp_gain":0.0,"max_hp_loss":0.0,"gold_gain":0.0,"event_name":"Shining Light","player_choice":"Entered Light","floor":4.0,"gold_loss":0.0,"damage_taken":16.0,"cards_upgraded":["Strike_R","Strike_R"]}],"is_beta":false,"boss_relics":[],"items_purged_floors":[],"is_endless":false,"potions_floor_spawned":[3,5],"killed_by":"Lagavulin","ascension_level":1}}