{"host":"vlqejv0notyktumz","time":1609891396,"event":{"mods":["AchievementEnabler","BaseMod","Googly Eyes","Minty Spire (QoL Compilation)"],"gold_per_floor":[118,132,232,77,94,94,129,129,129,129,140,168,186,206,206,308,308,324,98,98,98,112,112,112,139,190,216,247,259,287,316,328,440,452,482,494,516,545,467,479,93,107,107,139,139,152,52,65,65,65,65],"floor_reached":50,"playtime":1429,"items_purged":["Strike_B","Defend_B"],"score":690,"play_id":"4ea7e43b-c23a-4cc8-a920-67e6f93ed17e","local_time":"20210105180316","is_ascension_mode":true,"campfire_choices":[{"data":"Conserve Battery","floor":6,"key":"SMITH"},{"data":"Loop","floor":8,"key":"SMITH"},{"data":"Zap","floor":10,"key":"SMITH"},{"data":"Darkness","floor":15,"key":"SMITH"},{"data":"Darkness","floor":23,"key":"SMITH"},{"floor":24,"key":"REST"},{"floor":29,"key":"REST"},{"floor":32,"key":"REST"},{"floor":40,"key":"REST"},{"floor":45,"key":"REST"},{"floor":49,"key":"REST"}],"circlet_count":0,"master_deck":["Defend_B","Zap+1","Dualcast","Cold Snap","Ball Lightning","Lockon","Conserve Battery+1","Loop+1","Darkness+1","Darkness+1","Redo+1","White Noise+1","Turbo+1","Hologram+1","Defragment+1","Conserve Battery+1","Chill+1","Steam+1","Thunder Strike","Defragment+1","Parasite","Auto Shields+1","Undo+1"],"relics":["Cracked Core","Blood Vial","InkBottle","WingedGreaves","Astrolabe","Anchor","Cables","White Beast Statue","MawBank","Nuclear Battery","Bottled Flame","Pen Nib","Shuriken","Toxic Egg 2"],"acts_visited":["Exordium","TheCity","TheBeyond"],"potions_floor_usage":[12,12,16,25,42,42,44,44,48,50,50],"damage_taken":[{"damage":5,"enemies":"Small Slimes","floor":1,"turns":3},{"damage":0,"enemies":"Cultist","floor":2,"turns":4},{"damage":5,"enemies":"Jaw Worm","floor":5,"turns":2},{"damage":17,"enemies":"3 Sentries","floor":7,"turns":8},{"damage":0,"enemies":"Exordium Thugs","floor":11,"turns":3},{"damage":3,"enemies":"Gremlin Nob","floor":12,"turns":3},{"damage":0,"enemies":"Large Slime","floor":13,"turns":3},{"damage":8,"enemies":"3 Louse","floor":14,"turns":2},{"damage":18,"enemies":"Slime Boss","floor":16,"turns":5},{"damage":33,"enemies":"3 Byrds","floor":18,"turns":4},{"damage":0,"enemies":"Spheric Guardian","floor":22,"turns":3},{"damage":4,"enemies":"Book of Stabbing","floor":25,"turns":3},{"damage":16,"enemies":"Snake Plant","floor":27,"turns":2},{"damage":8,"enemies":"Snecko","floor":28,"turns":3},{"damage":9,"enemies":"3 Cultists","floor":30,"turns":5},{"damage":13,"enemies":"Shelled Parasite and Fungi","floor":31,"turns":4},{"damage":18,"enemies":"Collector","floor":33,"turns":7},{"damage":0,"enemies":"3 Shapes","floor":35,"turns":4},{"damage":48,"enemies":"3 Darklings","floor":37,"turns":7},{"damage":45,"enemies":"Writhing Mass","floor":38,"turns":5},{"damage":20,"enemies":"Jaw Worm Horde","floor":42,"turns":6},{"damage":8,"enemies":"Giant Head","floor":44,"turns":5},{"damage":9,"enemies":"Maw","floor":46,"turns":7},{"damage":0,"enemies":"Spire Growth","floor":48,"turns":5},{"damage":73,"enemies":"Awakened One","floor":50,"turns":8}],"seed_played":"4894716372158178345","potions_obtained":[{"floor":2,"key":"FairyPotion"},{"floor":7,"key":"FocusPotion"},{"floor":11,"key":"EssenceOfSteel"},{"floor":13,"key":"Block Potion"},{"floor":22,"key":"Strength Potion"},{"floor":25,"key":"Ancient Potion"},{"floor":27,"key":"FocusPotion"},{"floor":30,"key":"LiquidMemories"},{"floor":38,"key":"Fire Potion"},{"floor":42,"key":"Explosive Potion"},{"floor":44,"key":"Strength Potion"},{"floor":46,"key":"Ancient Potion"},{"floor":48,"key":"Fruit Juice"}],"is_trial":false,"path_per_floor":["M","M","?","$","M","R","E","R","T","R","M","E","M","M","R","B",null,"M","$","?","?","M","R","R","E","T","M","M","R","M","M","R","B",null,"M","?","M","M","?","R","$","M","T","E","R","M","$","M","R","B"],"character_chosen":"DEFECT","items_purchased":["Lockon","Anchor","Defragment","Bottled Flame","Pen Nib"],"campfire_rested":6,"item_purchase_floors":[4,19,19,41,41],"current_hp_per_floor":[63,63,63,63,58,58,41,41,41,41,43,42,44,38,38,22,62,31,31,31,31,33,33,55,53,53,39,33,55,48,37,59,43,67,69,69,23,21,21,42,42,24,24,18,39,32,32,39,61,0,0],"gold":65,"neow_bonus":"REMOVE_CARD","is_daily":false,"chose_seed":false,"campfire_upgraded":5,"win_rate":0.0,"timestamp":1609891396,"path_taken":["M","M","?","$","M","R","E","R","T","R","M","E","?","M","R","BOSS","M","$","?","?","?","R","R","E","T","M","M","R","M","M","R","BOSS","M","?","M","M","?","R","$","M","T","E","R","M","$","?","R","BOSS"],"items_purchased_type":["Card","Relic","Card","Relic","Relic"],"build_version":"2020-12-22","purchased_purges":2,"victory":false,"max_hp_per_floor":[75,75,75,75,75,75,75,75,75,75,75,75,75,75,75,75,75,75,75,75,75,75,75,75,75,75,75,75,75,75,75,75,75,75,75,71,71,71,71,71,71,71,71,71,71,71,71,76,76,76,76],"card_choices":[{"not_picked":["Stack","Compile Driver"],"picked":"Cold Snap","floor":1},{"not_picked":["Beam Cell","Force Field"],"picked":"Ball Lightning","floor":2},{"not_picked":["Steam","Tempest"],"picked":"Conserve Battery","floor":5},{"not_picked":["Sweeping Beam","Glacier"],"picked":"Loop","floor":7},{"not_picked":["Sweeping Beam","Tempest"],"picked":"Darkness","floor":11},{"not_picked":["Go for the Eyes","Fusion","Steam"],"picked":"SKIP","floor":12},{"not_picked":["FTL","Cold Snap"],"picked":"Darkness","floor":13},{"not_picked":["Darkness","Thunder Strike","Reinforced Body"],"picked":"SKIP","floor":14},{"not_picked":["Streamline","Consume+1"],"picked":"Hologram+1","floor":18},{"not_picked":["Force Field","Coolheaded+1","Ball Lightning"],"picked":"SKIP","floor":22},{"not_picked":["BootSequence","Sweeping Beam"],"picked":"Conserve Battery+1","floor":25},{"not_picked":["Beam Cell","Sweeping Beam"],"picked":"Chill+1","floor":27},{"not_picked":["Ball Lightning","Redo","Core Surge"],"picked":"SKIP","floor":28},{"not_picked":["Redo","Streamline"],"picked":"Steam+1","floor":30},{"not_picked":["Stack","Streamline","Rebound+1"],"picked":"SKIP","floor":31},{"not_picked":["All For One","Core Surge"],"picked":"Thunder Strike","floor":33},{"not_picked":["Aggregate","Stack","Conserve Battery+1"],"picked":"SKIP","floor":35},{"not_picked":["Melter+1","Hello World+1"],"picked":"Defragment","floor":37},{"not_picked":["Redo+1","Scrape+1","Hologram+1"],"picked":"SKIP","floor":38},{"not_picked":["Force Field","Compile Driver","Cold Snap+1"],"picked":"SKIP","floor":42},{"not_picked":["Ball Lightning+1","Skim+1"],"picked":"Auto Shields+1","floor":44},{"not_picked":["Gash+1","Stack+1"],"picked":"Undo+1","floor":46},{"not_picked":["Auto Shields+1","Barrage","Skim+1"],"picked":"SKIP","floor":48}],"player_experience":294223,"relics_obtained":[{"floor":7,"key":"Blood Vial"},{"floor":9,"key":"InkBottle"},{"floor":12,"key":"WingedGreaves"},{"floor":25,"key":"White Beast Statue"},{"floor":26,"key":"MawBank"},{"floor":43,"key":"Shuriken"},{"floor":44,"key":"Toxic Egg 2"}],"event_choices":[{"damage_healed":0,"gold_gain":100,"player_choice":"Pray","damage_taken":0,"max_hp_gain":0,"max_hp_loss":0,"event_name":"Golden Shrine","floor":3,"gold_loss":0},{"damage_healed":0,"gold_gain":0,"player_choice":"Opened","damage_taken":0,"relics_obtained":["Cables"],"max_hp_gain":0,"max_hp_loss":0,"event_name":"The Mausoleum","floor":20,"gold_loss":0},{"damage_healed":0,"gold_gain":0,"player_choice":"Upgraded","damage_taken":0,"max_hp_gain":0,"max_hp_loss":0,"event_name":"Upgrade Shrine","floor":21,"gold_loss":0,"cards_upgraded":["Defragment"]},{"damage_healed":0,"gold_gain":0,"player_choice":"Max HP","damage_taken":0,"max_hp_gain":0,"max_hp_loss":4,"event_name":"Winding Halls","floor":36,"gold_loss":0},{"cards_removed":["Defend_B"],"damage_healed":0,"gold_gain":0,"player_choice":"Upgrade and Remove","damage_taken":0,"max_hp_gain":0,"max_hp_loss":0,"event_name":"Designer","floor":39,"gold_loss":90,"cards_upgraded":["Defragment"]}],"is_beta":false,"boss_relics":[{"not_picked":["SlaversCollar","Runic Dome"],"picked":"Astrolabe"},{"not_picked":["Busted Crown","Tiny House"],"picked":"Nuclear Battery"}],"items_purged_floors":[4,47],"is_endless":false,"potions_floor_spawned":[2,7,11,13,22,25,27,28,30,31,33,35,37,38,42,44,46,48],"killed_by":"Awakened One","ascension_level":6}}