{"host":"0m7uut7ws4kj19nt","time":1609953145,"event":{"mods":["AchievementEnabler","BaseMod","Minty Spire (QoL Compilation)","Replay The Spire","StSLib","The Cursed","The Necromancer"],"gold_per_floor":[118,68,86,98,98,98,132,132,180,208,224,240,266,281,281,379,379,393,393,410,410,192,192,46,46,46,46,57,57,83,98,98,193,193,213,213,232,232,251,251,271,271,271],"floor_reached":42,"playtime":2255,"items_purged":["Writhe"],"score":591,"play_id":"497d4436-b0b9-4b86-9412-42d00a907a81","local_time":"20210107001225","is_ascension_mode":true,"campfire_choices":[{"floor":6.0,"key":"REST"},{"floor":15.0,"key":"REST"},{"data":"Skewer","floor":23.0,"key":"SMITH"},{"data":"Deflect","floor":25.0,"key":"SMITH"},{"data":"Doppelganger","floor":29.0,"key":"SMITH"},{"floor":32.0,"key":"REST"},{"floor":40,"key":"REST"}],"circlet_count":0,"master_deck":["Survivor","Neutralize","Calculated Gamble","Poisoned Stab","Dagger Spray+1","Backstab","Noxious Fumes","Deflect+1","Blade Dance","Outmaneuver","Die Die Die","Crippling Poison","Grand Finale","Doppelganger+1","Dagger Spray","Skewer+1","Draining Mist","ReplayTheSpireMod:The Works","Prepared","Backflip+1","Outmaneuver+1","Quick Slash+1","Eviscerate+1","Adrenaline","Eviscerate+1","Backflip+1","Reflex+1","ReplayTheSpireMod:The Works+1"],"relics":["Replay:Bronze Core","Strawberry","Nunchaku","MealTicket","Incense Burner","Pandora\u0027s Box","Happy Flower","Sling","HandDrill","ReplayTheSpireMod:Ninjato","Molten Egg 2","Empty Cage","Ring of Misfortune"],"acts_visited":["Exordium","TheCity","TheBeyond"],"potions_floor_usage":[33,42,42],"damage_taken":[{"damage":2.0,"enemies":"Small Slimes","floor":1.0,"turns":4.0},{"damage":10.0,"enemies":"Jaw Worm","floor":3.0,"turns":5.0},{"damage":3.0,"enemies":"2 Louse","floor":4.0,"turns":2.0},{"damage":16.0,"enemies":"3 Sentries","floor":7.0,"turns":9.0},{"damage":29.0,"enemies":"Gremlin Nob","floor":10.0,"turns":4.0},{"damage":0.0,"enemies":"2 Fungi Beasts","floor":11.0,"turns":3.0},{"damage":1.0,"enemies":"3 Louse","floor":12.0,"turns":3.0},{"damage":10.0,"enemies":"3 Sentries","floor":13.0,"turns":5.0},{"damage":0.0,"enemies":"Exordium Wildlife","floor":14.0,"turns":2.0},{"damage":24.0,"enemies":"Hexaghost","floor":16.0,"turns":11.0},{"damage":7.0,"enemies":"Spheric Guardian","floor":18.0,"turns":3.0},{"damage":8.0,"enemies":"Chosen","floor":20.0,"turns":4.0},{"damage":20.0,"enemies":"Centurion and Healer","floor":28.0,"turns":4.0},{"damage":15.0,"enemies":"Gremlin Leader","floor":30.0,"turns":2.0},{"damage":8.0,"enemies":"Cultist and Chosen","floor":31.0,"turns":4.0},{"damage":21,"enemies":"Champ","floor":33,"turns":11},{"damage":31,"enemies":"3 Shapes","floor":35,"turns":4},{"damage":5,"enemies":"Orb Walker","floor":37,"turns":3},{"damage":13,"enemies":"Maw","floor":39,"turns":5},{"damage":21,"enemies":"3 Darklings","floor":41,"turns":6},{"damage":24,"enemies":"R_Hoarder","floor":42,"turns":2}],"seed_played":"5056899265862593297","potions_obtained":[{"floor":1.0,"key":"Strength Potion"},{"floor":3.0,"key":"Elixir"},{"floor":10.0,"key":"Elixir"},{"floor":12.0,"key":"SneckoOil"},{"floor":13.0,"key":"Swift Potion"},{"floor":20.0,"key":"Explosive Potion"},{"floor":31.0,"key":"PowerPotion"},{"floor":33,"key":"Poison Potion"},{"floor":36,"key":"Strength Potion"},{"floor":36,"key":"Cursed Concoction"}],"is_trial":false,"path_per_floor":["M","?","M","M","?","R","E","$","T","E","M","M","E","M","R","B",null,"M","?","M","?","$","R","$","R","T","?","M","R","E","M","R","B",null,"M","?","M","?","M","R","M","E"],"character_chosen":"THE_SILENT","items_purchased":["Sling","HandDrill"],"campfire_rested":4,"item_purchase_floors":[22,24],"current_hp_per_floor":[61,61,51,48,34,55,46,46,46,17,17,16,6,6,29,5,59,52,77,69,69,77,77,77,77,77,77,57,57,42,34,57,36,67,36,36,31,31,18,41,20,0,0],"gold":271,"neow_bonus":"BOSS_RELIC","is_daily":false,"chose_seed":false,"campfire_upgraded":3,"win_rate":0.0,"timestamp":1609953145,"path_taken":["M","?","M","M","?","R","E","$","T","E","M","M","E","M","R","BOSS","M","?","M","?","$","R","$","R","T","?","?","R","E","M","R","BOSS","M","?","?","?","M","R","M","E"],"items_purchased_type":["Relic","Relic"],"build_version":"2020-12-22","purchased_purges":1,"victory":false,"max_hp_per_floor":[70,70,70,70,70,70,77,77,77,77,77,77,77,77,77,77,77,77,77,77,77,77,77,77,77,77,77,77,77,77,77,77,77,77,77,77,77,77,77,77,77,77,77],"card_choices":[{"not_picked":["Sucker Punch","Poisoned Stab"],"picked":"Calculated Gamble","floor":1.0},{"not_picked":["Accuracy","Backflip"],"picked":"Poisoned Stab","floor":3.0},{"not_picked":["Backflip","Distraction"],"picked":"Dagger Spray","floor":4.0},{"not_picked":["Choke","Bullet Time"],"picked":"Backstab","floor":7.0},{"not_picked":["Sucker Punch","Prepared"],"picked":"Noxious Fumes","floor":10.0},{"not_picked":["Underhanded Strike","PiercingWail"],"picked":"Skewer","floor":11.0},{"not_picked":["Prepared","Poisoned Stab"],"picked":"Deflect","floor":12.0},{"not_picked":["Prepared","All Out Attack"],"picked":"Blade Dance","floor":13.0},{"not_picked":["Prepared","Sucker Punch"],"picked":"Outmaneuver","floor":14.0},{"not_picked":["Tools of the Trade","Atom Bomb"],"picked":"Die Die Die","floor":16.0},{"not_picked":["Underhanded Strike","Dagger Spray","Riddle With Holes"],"picked":"SKIP","floor":18.0},{"not_picked":["Blade Dance","Slice"],"picked":"Backflip+1","floor":20.0},{"not_picked":["Sucker Punch+1","Poisoned Stab"],"picked":"Outmaneuver+1","floor":28.0},{"not_picked":["Poison Darts","Infinite Blades"],"picked":"Quick Slash+1","floor":30.0},{"not_picked":["Dodge and Roll","Poisoned Stab+1"],"picked":"Eviscerate+1","floor":31.0},{"not_picked":["Glass Knife+1","Replay:Bag of Tricks"],"picked":"Adrenaline","floor":33},{"not_picked":["Dagger Throw+1","Caltrops+1"],"picked":"Eviscerate+1","floor":35},{"not_picked":["All Out Attack+1","Deadly Poison"],"picked":"Backflip+1","floor":37},{"not_picked":["Skewer+1","Deadly Poison"],"picked":"Reflex+1","floor":39},{"not_picked":["Underhanded Strike+1","Bane+1"],"picked":"ReplayTheSpireMod:The Works+1","floor":41}],"player_experience":145144,"relics_obtained":[{"floor":7.0,"key":"Strawberry"},{"floor":9.0,"key":"Nunchaku"},{"floor":10.0,"key":"MealTicket"},{"floor":13.0,"key":"Incense Burner"},{"floor":26.0,"key":"ReplayTheSpireMod:Ninjato"},{"floor":30.0,"key":"Molten Egg 2"},{"floor":38,"key":"Ring of Misfortune"}],"event_choices":[{"cards_removed":["Defend_G"],"damage_healed":0.0,"max_hp_gain":0.0,"max_hp_loss":0.0,"gold_gain":0.0,"event_name":"The Cleric","player_choice":"Card Removal","floor":2.0,"gold_loss":50.0,"damage_taken":0.0},{"damage_healed":0.0,"max_hp_gain":0.0,"max_hp_loss":0.0,"gold_gain":0.0,"event_name":"Shining Light","player_choice":"Entered Light","floor":5.0,"gold_loss":0.0,"damage_taken":14.0,"cards_upgraded":["Dagger Spray","Defend_G"]},{"damage_healed":25.0,"max_hp_gain":0.0,"max_hp_loss":0.0,"gold_gain":0.0,"event_name":"The Library","player_choice":"Heal","floor":19.0,"gold_loss":0.0,"damage_taken":0.0},{"damage_healed":0.0,"max_hp_gain":0.0,"max_hp_loss":0.0,"gold_gain":0.0,"event_name":"The Mausoleum","player_choice":"Opened","floor":21.0,"gold_loss":0.0,"damage_taken":0.0,"relics_obtained":["Happy Flower"],"cards_obtained":["Writhe"]},{"damage_healed":0,"gold_gain":0,"player_choice":"Got Potions","damage_taken":0,"max_hp_gain":0,"max_hp_loss":0,"event_name":"Lab","floor":36,"gold_loss":0}],"is_beta":false,"boss_relics":[{"not_picked":["Replay:Drink Me","Honey Jar"],"picked":"Pandora\u0027s Box"},{"not_picked":["Runic Dome","ChewingGum"],"picked":"Empty Cage"}],"items_purged_floors":[22],"is_endless":false,"potions_floor_spawned":[1,3,10,12,13,20,31,33,41],"killed_by":"R_Hoarder","ascension_level":7}}