{"host":"y36bp6mnm73x3iob","time":1609940680,"event":{"mods":["2.2 Compatiblity","Aspiration","BaseMod","Downfall","GifTheSpireLib","Hermit","Hubris","Marisa????????","Minty Spire (QoL Compilation)","Replay The Spire","Retaliation","StSLib","Stuff the Spire","The Disciple","The Servant 0.9.4"],"gold_per_floor":[111,386,16,33,33,58,58,58,58,58,82,120,132,154,191,218,282,402,414,441,267,282,296,315,315,347,347,347,347,202,240,240,265,320,419,419,433,438,438],"floor_reached":38,"playtime":2781,"items_purged":[],"score":641,"play_id":"318ae511-aa49-4044-a3f2-d14f49ef1f41","local_time":"20210106154440","is_ascension_mode":true,"campfire_choices":[{"floor":8,"key":"REST"},{"data":"hermit:Maintenance","floor":13,"key":"SMITH"},{"data":"hermit:FullyLoaded","floor":25,"key":"SMITH"}],"circlet_count":0,"master_deck":["expansioncontent:DashGenerateEvil","hermit:Strike_Hermit","hermit:Strike_Hermit","hermit:Strike_Hermit","hermit:Strike_Hermit","hermit:Defend_Hermit","hermit:Defend_Hermit","hermit:Defend_Hermit","hermit:Defend_Hermit","hermit:Snapshot","hermit:Covet","hermit:Malice","Regret","Pot Of Greed","Pot Of Greed","hermit:CursedWeapon","hermit:Dive","Spreading Infection","hermit:Virtue","hermit:Maintenance+1","hermit:Scavenge","hermit:FullyLoaded+1","hermit:Reprieve","hermit:Cheat","hermit:SprayPray+1","hermit:CursedWeapon","Pot Of Greed","hermit:ShadowCloak","hermit:GhostlyPresence","hermit:Deadeye","hermit:Grudge+1","hermit:Spite","Corruption","hermit:ShadowCloak+1","hermit:HighNoon","hermit:FullyLoaded+1"],"relics":["hermit:Momento","Simple Rune","Grinning Jar","Ring of Peace","Ring of Misfortune","Potion Belt","hubris:FruitBowl","hubris:EvacipatedBox","Cauldron","MawBank","Ornamental Fan","PreservedInsect","hubris:Backtick","StuffTheSpire:Saxophone","hubris:MysteriousPyramids","aspiration:Stabinomicon","hubris:DisguiseKit","StuffTheSpire:OldFever","Replay:Kaleidoscope","Tiny Chest","Black Star"],"acts_visited":["Exordium","TheCity","TheBeyond"],"potions_floor_usage":[18,18,18,18,23,35,35,35,35,35,35,37,38,38],"damage_taken":[{"damage":1,"enemies":"Jaw Worm","floor":1,"turns":4},{"damage":2,"enemies":"Cultist","floor":4,"turns":2},{"damage":0,"enemies":"Lagavulin","floor":6,"turns":7},{"damage":13,"enemies":"Gremlin Nob","floor":12,"turns":5},{"damage":0,"enemies":"Small Slimes","floor":14,"turns":2},{"damage":0,"enemies":"Exordium Thugs","floor":16,"turns":5},{"damage":0,"enemies":"Hexaghost","floor":18,"turns":9},{"damage":0,"enemies":"Chosen","floor":20,"turns":8},{"damage":0,"enemies":"Shell Parasite","floor":22,"turns":6},{"damage":0,"enemies":"Snake Plant","floor":23,"turns":6},{"damage":6,"enemies":"Centurion and Healer","floor":24,"turns":9},{"damage":16,"enemies":"Book of Stabbing","floor":26,"turns":6},{"damage":11,"enemies":"Slavers","floor":31,"turns":4},{"damage":9,"enemies":"Book of Stabbing","floor":33,"turns":4},{"damage":5,"enemies":"hubris:MusketHawk","floor":35,"turns":3},{"damage":41,"enemies":"3 Shapes","floor":37,"turns":5},{"damage":36,"enemies":"Orin","floor":38,"turns":5}],"seed_played":"4770937338011035370","potions_obtained":[{"floor":6,"key":"FearPotion"},{"floor":7,"key":"Reflective Coating"},{"floor":7,"key":"LifebloodPotion"},{"floor":7,"key":"Venom Potion"},{"floor":7,"key":"DistilledChaos"},{"floor":12,"key":"Adrenaline Potion"},{"floor":16,"key":"hermit:Tonic"},{"floor":18,"key":"Weak Potion"},{"floor":20,"key":"hermit:BlackBile"},{"floor":32,"key":"EntropicBrew"},{"floor":32,"key":"hermit:BlackBile"},{"floor":32,"key":"Strength Potion"}],"is_trial":false,"path_per_floor":["M","?","$","M","?","E","$","R","PTL","PTL","T","E","R","M","T","M","R","B",null,"M","$","M","M","M","R","E","?","T","?","$","E","?","E","R","B",null,"M","?"],"character_chosen":"HERMIT","items_purchased":["Simple Rune","Grinning Jar","hermit:CursedWeapon","hubris:FruitBowl","hubris:EvacipatedBox","Cauldron","hermit:SprayPray+1","hermit:CursedWeapon","hermit:ShadowCloak","StuffTheSpire:OldFever"],"campfire_rested":1,"item_purchase_floors":[3,3,3,7,7,7,21,21,21,30],"current_hp_per_floor":[74,74,74,72,72,72,24,46,46,46,46,33,33,33,33,33,33,33,75,75,75,75,75,73,73,63,47,47,47,47,36,36,39,39,34,75,34,0,0],"gold":438,"neow_bonus":"RANDOM_EVENT","is_daily":false,"chose_seed":false,"campfire_upgraded":2,"win_rate":0.0,"timestamp":1609940680,"path_taken":["M","?","$","?","?","E","?","R","PTL","PTL","T","E","R","M","?","?","R","BOSS","M","$","M","M","M","R","E","?","T","?","?","E","?","E","R","BOSS","M","?"],"items_purchased_type":["Relic","Relic","Card","Relic","Relic","Relic","Card","Card","Card","Relic"],"build_version":"2020-12-22","purchased_purges":0,"victory":false,"max_hp_per_floor":[75,75,75,75,75,75,75,75,75,75,75,75,75,75,75,75,75,75,75,75,75,75,75,75,75,75,75,75,75,75,75,75,75,75,75,75,75,75,75],"card_choices":[{"not_picked":["hermit:CalledShot","hermit:TakeAim"],"picked":"hermit:Malice","floor":1},{"not_picked":["hermit:Feint","hermit:TakeCover"],"picked":"hermit:Dive","floor":4},{"not_picked":["hermit:PistolWhip","hermit:EyeOfTheStorm"],"picked":"hermit:Virtue","floor":6},{"not_picked":["hermit:Roulette","hermit:DeadOrAlive"],"picked":"hermit:Maintenance","floor":12},{"not_picked":["hermit:TrackingShot","hermit:BodyArmor"],"picked":"hermit:Scavenge","floor":14},{"not_picked":["hermit:Enervate","hermit:LowProfile"],"picked":"hermit:FullyLoaded","floor":16},{"not_picked":["hermit:FromBeyond","hermit:Dissolve"],"picked":"hermit:Reprieve","floor":18},{"not_picked":["hermit:Misfire","hermit:PistolWhip"],"picked":"hermit:Cheat","floor":20},{"not_picked":["hermit:Combo+1","hermit:Brawl"],"picked":"hermit:GhostlyPresence","floor":22},{"not_picked":["hermit:WideOpen","hermit:TrackingShot+1"],"picked":"hermit:Deadeye","floor":23},{"not_picked":["hermit:NoHoldsBarred","hermit:WideOpen"],"picked":"hermit:Grudge+1","floor":24},{"not_picked":["hermit:GoldenBullet","hermit:Desperado","hermit:PistolWhip"],"picked":"SKIP","floor":26},{"not_picked":["hermit:ItchyTrigger","hermit:BodyArmor+1","hermit:Dive"],"picked":"Corruption","floor":31},{"not_picked":["hermit:Roughhouse","hermit:TakeAim","Clash"],"picked":"hermit:ShadowCloak+1","floor":33},{"not_picked":["hermit:RoundhouseKick","hermit:OverwhelmingPower","DDmod:SpikeShotSkill"],"picked":"hermit:HighNoon","floor":35},{"not_picked":["hermit:Manifest","hermit:HighCaliber","DDmod:EasePowerCard"],"picked":"hermit:FullyLoaded+1","floor":37}],"player_experience":399784,"relics_obtained":[{"floor":5,"key":"Ring of Peace"},{"floor":5,"key":"Ring of Misfortune"},{"floor":6,"key":"Potion Belt"},{"floor":11,"key":"MawBank"},{"floor":12,"key":"Ornamental Fan"},{"floor":15,"key":"PreservedInsect"},{"floor":26,"key":"hubris:MysteriousPyramids"},{"floor":27,"key":"aspiration:Stabinomicon"},{"floor":28,"key":"hubris:DisguiseKit"},{"floor":31,"key":"Replay:Kaleidoscope"},{"floor":33,"key":"Tiny Chest"}],"event_choices":[{"damage_healed":0,"gold_gain":275,"player_choice":"Desecrate","damage_taken":0,"max_hp_gain":0,"max_hp_loss":0,"event_name":"Golden Shrine","floor":2,"gold_loss":0,"cards_obtained":["Regret"]},{"damage_healed":0,"gold_gain":52,"player_choice":"Gained Gold","damage_taken":0,"max_hp_gain":0,"max_hp_loss":0,"event_name":"Golden Wing","floor":17,"gold_loss":0},{"damage_healed":0,"gold_gain":0,"player_choice":"Obtained Book","damage_taken":16,"max_hp_gain":0,"max_hp_loss":0,"event_name":"Cursed Tome","floor":27,"gold_loss":0},{"damage_healed":0,"gold_gain":0,"player_choice":"Read","damage_taken":0,"max_hp_gain":0,"max_hp_loss":0,"event_name":"The Library","floor":29,"gold_loss":0,"cards_obtained":["hermit:Spite"]},{"damage_healed":0,"gold_gain":0,"player_choice":"Got Potions","damage_taken":0,"max_hp_gain":0,"max_hp_loss":0,"event_name":"Lab","floor":32,"gold_loss":0},{"damage_healed":0,"gold_gain":0,"player_choice":"Fight","damage_taken":0,"max_hp_gain":0,"max_hp_loss":0,"event_name":"OrinTheCat","floor":38,"gold_loss":0}],"is_beta":false,"boss_relics":[{"not_picked":["hermit:ClaspedLocket","Replay:Drink Me","Coffee Dripper"],"picked":"hubris:Backtick"},{"not_picked":["hubris:GrandSneckoEye","Pandora\u0027s Box","Sozu"],"picked":"Black Star"}],"items_purged_floors":[],"is_endless":false,"potions_floor_spawned":[6,12,16,18,20,33],"killed_by":"Orin","ascension_level":1}}