{"host":"af4pzp5tm7cfibaw","time":1609898453,"event":{"mods":["AchievementEnabler","BaseMod","BetterRewards","Highlight Path","Minty Spire (QoL Compilation)","StSLib","SuperFastMode"],"gold_per_floor":[119,119,44,44,44,44,79,97,171,187,202,202,228,246,246,350,350,365,365,378,396,396,427,445,445,445,445,192,192,204,204,204,304,304,320,320,332,346,346,375,390,403,403,438,74,98,112,130,130,130],"floor_reached":51,"playtime":2403,"items_purged":["Strike_R","Reckless Charge","Inflame+1"],"score":1143,"play_id":"c85d5a01-06a9-45eb-add2-fa13ef8109c7","local_time":"20210106150053","is_ascension_mode":true,"campfire_choices":[{"data":"Fiend Fire","floor":6.0,"key":"SMITH"},{"data":"Burning Pact","floor":12.0,"key":"SMITH"},{"floor":15.0,"key":"REST"},{"floor":27.0,"key":"REST"},{"data":"Heavy Blade","floor":32.0,"key":"SMITH"},{"data":"Bloodletting","floor":49,"key":"SMITH"}],"circlet_count":0,"master_deck":["Bash","Shockwave+1","Fiend Fire+1","Demon Form+1","Burning Pact+1","Dark Embrace+1","Heavy Blade+1","Reaper","Twin Strike","Headbutt","Corruption+1","Burning Pact","Iron Wave+1","Armaments+1","Whirlwind","Heavy Blade+1","Reaper","Heavy Blade","Bloodletting+1","Uppercut","Offering","Second Wind","Shrug It Off+1","Havoc+1","Flash of Steel","Exhume"],"relics":["Burning Blood","NeowsBlessing","Toy Ornithopter","War Paint","Frozen Egg 2","HornCleat","Pandora\u0027s Box","Nloth\u0027s Gift","White Beast Statue","Potion Belt","Orrery","Nilry\u0027s Codex","SacredBark","Vajra","Paper Frog","Darkstone Periapt","Bag of Preparation","Centennial Puzzle"],"acts_visited":["Exordium","TheCity","TheBeyond"],"potions_floor_usage":[47,50,50,50,50,50],"damage_taken":[{"damage":0.0,"enemies":"2 Louse","floor":1.0,"turns":1.0},{"damage":0.0,"enemies":"Lagavulin","floor":7.0,"turns":2.0},{"damage":0.0,"enemies":"Small Slimes","floor":8.0,"turns":1.0},{"damage":6.0,"enemies":"Cultist","floor":10.0,"turns":3.0},{"damage":9.0,"enemies":"2 Fungi Beasts","floor":11.0,"turns":4.0},{"damage":56.0,"enemies":"3 Sentries","floor":13.0,"turns":7.0},{"damage":5.0,"enemies":"Blue Slaver","floor":14.0,"turns":3.0},{"damage":56.0,"enemies":"Slime Boss","floor":16.0,"turns":8.0},{"damage":6.0,"enemies":"3 Byrds","floor":18.0,"turns":5.0},{"damage":12.0,"enemies":"Chosen","floor":20.0,"turns":4.0},{"damage":30.0,"enemies":"Shelled Parasite and Fungi","floor":21.0,"turns":4.0},{"damage":30.0,"enemies":"Gremlin Leader","floor":23.0,"turns":6.0},{"damage":25.0,"enemies":"Sentry and Sphere","floor":24.0,"turns":5.0},{"damage":0.0,"enemies":"Centurion and Healer","floor":25.0,"turns":1.0},{"damage":13.0,"enemies":"Snecko","floor":30.0,"turns":4.0},{"damage":12.0,"enemies":"Champ","floor":33.0,"turns":6.0},{"damage":0.0,"enemies":"3 Shapes","floor":35.0,"turns":3.0},{"damage":40.0,"enemies":"3 Darklings","floor":37.0,"turns":3.0},{"damage":31.0,"enemies":"Spire Growth","floor":38.0,"turns":4.0},{"damage":3.0,"enemies":"Nemesis","floor":40.0,"turns":1.0},{"damage":70.0,"enemies":"Sphere and 2 Shapes","floor":41.0,"turns":5.0},{"damage":75.0,"enemies":"4 Shapes","floor":42.0,"turns":4.0},{"damage":12.0,"enemies":"Giant Head","floor":44.0,"turns":3.0},{"damage":31,"enemies":"3 Darklings","floor":47,"turns":3},{"damage":54,"enemies":"Transient","floor":48,"turns":5},{"damage":50,"enemies":"Awakened One","floor":50,"turns":5}],"seed_played":"-5073087838337524054","potions_obtained":[{"floor":1.0,"key":"SmokeBomb"},{"floor":8.0,"key":"Dexterity Potion"},{"floor":13.0,"key":"Block Potion"},{"floor":21.0,"key":"SteroidPotion"},{"floor":23.0,"key":"Fire Potion"},{"floor":24.0,"key":"EntropicBrew"},{"floor":30.0,"key":"AttackPotion"},{"floor":33.0,"key":"GamblersBrew"},{"floor":35.0,"key":"SteroidPotion"},{"floor":37.0,"key":"BlessingOfTheForge"},{"floor":38.0,"key":"SteroidPotion"},{"floor":40.0,"key":"FairyPotion"},{"floor":41.0,"key":"Dexterity Potion"},{"floor":42.0,"key":"Dexterity Potion"},{"floor":44.0,"key":"PowerPotion"},{"floor":47,"key":"DuplicationPotion"},{"floor":48,"key":"Weak Potion"}],"is_trial":false,"path_per_floor":["M","?","$","?","?","R","E","M","T","M","M","R","E","M","R","B",null,"M","?","M","M","?","E","M","M","T","R","$","?","M","?","R","B",null,"M","?","M","M","?","E","M","M","T","E","$","T","M","M","R","B",null],"character_chosen":"IRONCLAD","items_purchased":["Orrery","Bag of Preparation","Flash of Steel"],"campfire_rested":2,"item_purchase_floors":[28,45,45],"current_hp_per_floor":[78,75,75,68,68,68,74,80,80,80,77,77,32,33,57,7,62,80,80,74,50,50,34,20,31,31,55,55,55,80,64,64,73,78,80,80,68,48,48,66,46,54,54,48,48,48,64,69,69,41],"gold":130,"neow_bonus":"THREE_ENEMY_KILL","is_daily":false,"chose_seed":false,"campfire_upgraded":4,"win_rate":0.0,"timestamp":1609898453,"path_taken":["M","?","$","?","?","R","E","M","T","M","?","R","E","M","R","BOSS","M","?","M","M","?","E","M","?","T","R","?","?","M","?","R","BOSS","M","?","M","?","?","E","M","M","T","E","$","?","M","M","R","BOSS"],"items_purchased_type":["Relic","Relic","Card"],"build_version":"2020-12-22","purchased_purges":3,"victory":true,"max_hp_per_floor":[80,80,80,80,80,80,80,80,80,80,80,80,80,80,80,80,80,80,80,80,80,80,80,80,80,80,80,80,80,80,80,80,80,80,80,80,80,80,80,80,80,80,80,80,80,80,80,80,80,80],"card_choices":[{"not_picked":["Flex","Pommel Strike"],"picked":"Shockwave","floor":1.0},{"not_picked":["Cleave","Reaper"],"picked":"Demon Form","floor":7.0},{"not_picked":["Cleave","Iron Wave"],"picked":"Burning Pact","floor":8.0},{"not_picked":["Havoc","Fiend Fire"],"picked":"Dark Embrace+1","floor":10.0},{"not_picked":["Thunderclap","Sever Soul","Power Through"],"picked":"SKIP","floor":11.0},{"not_picked":["Clash","Havoc"],"picked":"Heavy Blade","floor":13.0},{"not_picked":["Iron Wave","True Grit","Wild Strike"],"picked":"SKIP","floor":14.0},{"not_picked":["Bludgeon","Double Tap"],"picked":"Reaper","floor":16.0},{"not_picked":["Wild Strike","Spot Weakness"],"picked":"Burning Pact","floor":18.0},{"not_picked":["Evolve+1","Headbutt"],"picked":"Iron Wave+1","floor":20.0},{"not_picked":["Perfected Strike","Rupture+1","Fire Breathing+1"],"picked":"SKIP","floor":21.0},{"not_picked":["Fire Breathing+1","Corruption+1"],"picked":"Armaments+1","floor":23.0},{"not_picked":["Blood for Blood","Sword Boomerang"],"picked":"Whirlwind","floor":24.0},{"not_picked":["Battle Trance","Headbutt"],"picked":"Heavy Blade+1","floor":28.0},{"not_picked":["Flex","Warcry"],"picked":"Reaper","floor":28.0},{"not_picked":["Dropkick","Sword Boomerang"],"picked":"Heavy Blade","floor":28.0},{"not_picked":["Metallicize+1","Wild Strike"],"picked":"Bloodletting","floor":28.0},{"not_picked":["Metallicize+1","Shockwave+1"],"picked":"Uppercut","floor":30.0},{"not_picked":["Exhume","Berserk+1"],"picked":"Offering","floor":33.0},{"not_picked":["Iron Wave+1","Twin Strike"],"picked":"Second Wind","floor":35.0},{"not_picked":["Body Slam","Rupture+1","Thunderclap+1"],"picked":"SKIP","floor":37.0},{"not_picked":["Searing Blow+1","True Grit+1"],"picked":"Shrug It Off+1","floor":38.0},{"not_picked":["Blood for Blood","Fire Breathing+1","Disarm"],"picked":"SKIP","floor":40.0},{"not_picked":["Wild Strike","Searing Blow"],"picked":"Havoc+1","floor":41.0},{"not_picked":["Clothesline+1","Barricade+1","Blood for Blood+1"],"picked":"SKIP","floor":42.0},{"not_picked":["Dropkick","Wild Strike+1","Dual Wield"],"picked":"SKIP","floor":44.0},{"not_picked":["Anger+1","Body Slam","Sword Boomerang+1"],"picked":"SKIP","floor":47},{"not_picked":["Body Slam+1","Clothesline"],"picked":"Exhume","floor":48}],"player_experience":287925,"relics_obtained":[{"floor":7.0,"key":"War Paint"},{"floor":9.0,"key":"Frozen Egg 2"},{"floor":13.0,"key":"HornCleat"},{"floor":23.0,"key":"White Beast Statue"},{"floor":26.0,"key":"Potion Belt"},{"floor":31.0,"key":"Nilry\u0027s Codex"},{"floor":40.0,"key":"Vajra"},{"floor":43.0,"key":"Paper Frog"},{"floor":44.0,"key":"Darkstone Periapt"},{"floor":46.0,"key":"Centennial Puzzle"}],"event_choices":[{"damage_healed":0.0,"max_hp_gain":0.0,"max_hp_loss":0.0,"gold_gain":0.0,"event_name":"Scrap Ooze","player_choice":"Success","floor":2.0,"gold_loss":0.0,"damage_taken":3.0,"relics_obtained":["Toy Ornithopter"]},{"cards_removed":["Strike_R"],"damage_healed":0.0,"max_hp_gain":0.0,"max_hp_loss":0.0,"gold_gain":0.0,"event_name":"Golden Wing","player_choice":"Card Removal","floor":4.0,"gold_loss":0.0,"damage_taken":7.0},{"damage_healed":0.0,"max_hp_gain":0.0,"max_hp_loss":0.0,"gold_gain":0.0,"cards_transformed":["Defend_R"],"event_name":"Transmorgrifier","player_choice":"Transformed","floor":5.0,"gold_loss":0.0,"damage_taken":0.0,"cards_obtained":["Fiend Fire"]},{"damage_healed":0.0,"max_hp_gain":0.0,"max_hp_loss":0.0,"gold_gain":0.0,"event_name":"Drug Dealer","player_choice":"Inject Mutagens","floor":19.0,"gold_loss":0.0,"damage_taken":0.0,"relics_obtained":["MutagenicStrength"]},{"damage_healed":0.0,"max_hp_gain":0.0,"max_hp_loss":0.0,"gold_gain":0.0,"event_name":"N\u0027loth","player_choice":"Traded Relic","floor":22.0,"relics_lost":["MutagenicStrength"],"gold_loss":0.0,"damage_taken":0.0,"relics_obtained":["Nloth\u0027s Gift"]},{"damage_healed":0.0,"max_hp_gain":0.0,"max_hp_loss":0.0,"gold_gain":0.0,"event_name":"Cursed Tome","player_choice":"Obtained Book","floor":31.0,"gold_loss":0.0,"damage_taken":16.0},{"cards_removed":["True Grit"],"damage_healed":0.0,"max_hp_gain":0.0,"max_hp_loss":0.0,"gold_gain":0.0,"event_name":"Purifier","player_choice":"Purged","floor":36.0,"gold_loss":0.0,"damage_taken":0.0},{"damage_healed":0.0,"max_hp_gain":0.0,"max_hp_loss":0.0,"gold_gain":0.0,"event_name":"Accursed Blacksmith","player_choice":"Forge","floor":39.0,"gold_loss":0.0,"damage_taken":0.0,"cards_upgraded":["Demon Form"]}],"is_beta":false,"boss_relics":[{"not_picked":["Runic Dome","Tiny House"],"picked":"Pandora\u0027s Box"},{"not_picked":["Busted Crown","Black Blood"],"picked":"SacredBark"}],"items_purged_floors":[3,28,45],"is_endless":false,"potions_floor_spawned":[1,8,13,21,23,24,25,30,33,35,37,38,40,41,42,44,47,48],"ascension_level":6}}