{"host":"dculp0u5sf459im8","time":1609944144,"event":{"mods":["BaseMod","Downfall","Infinite Spire","Jedi Mod","Minty Spire (QoL Compilation)","Replay The Spire","StSLib","The Bug Knight","The Construct","The Cursed","The Jungle"],"gold_per_floor":[99,119,133,143,155,155,227,21,21,48,64,75,0,13,31,131,131,131,131,131,151,165,177,177,190,201,221,221,28,28,47,63,162,162,162,172,172,182,192,202,229,139,139,155,165,176,226,76,92,92],"floor_reached":51,"playtime":9291,"items_purged":["Slimebound:Defend_Slimebound","Slimebound:Strike_Slimebound","hexamod:Haunted","Slimebound:Defend_Slimebound","Injury"],"score":663,"play_id":"78697e8d-cbd8-4d88-b167-5c19e22247d0","local_time":"20210106224223","is_ascension_mode":false,"campfire_choices":[{"data":"Slimebound:SelfFormingGoo","floor":1,"key":"SMITH"},{"data":"Slimebound:Split","floor":6,"key":"SMITH"},{"data":"expansioncontent:DonusPower","floor":9,"key":"SMITH"},{"data":"Slimebound:CheckThePlaybook","floor":13,"key":"SMITH"},{"data":"Slimebound:GoopSpray","floor":18,"key":"SMITH"},{"data":"Slimebound:LevelUp","floor":35,"key":"SMITH"},{"data":"ReplayTheSpireMod:??????????????????????","floor":43,"key":"SMITH"}],"circlet_count":0,"master_deck":["Slimebound:Strike_Slimebound","Slimebound:Strike_Slimebound","Slimebound:Tackle","Slimebound:Defend_Slimebound","Slimebound:Split+1","Slimebound:CorrosiveSpit","Slimebound:SelfFormingGoo+1","Slimebound:Prepare","Slimebound:SamplingLick","Slimebound:SplitLeeching","Slimebound:SlimeSpikes","Slimebound:GoopSpray+1","Slimebound:SlimeSpikes+1","expansioncontent:DonusPower+1","Slimebound:Gluttony","Slimebound:CheckThePlaybook+1","Slimebound:SlimeTap","Slimebound:SplitMire","Slimebound:DouseInSlime","Slimebound:Dissolve","Slimebound:HauntingLick","Slimebound:Repurpose","Slimebound:DisruptingSlam","Slimebound:Replication+1","Slimebound:PressTheAttack+1","Slimebound:SamplingLick","Slimebound:LevelUp+1","ReplayTheSpireMod:??????????????????????+1","infinitespire:Gouge","Slimebound:SplitLeeching","Slimebound:WasteNot","Slimebound:LeechEnergy+1","Slimebound:Split+1","Slimebound:LevelUp","Slimebound:LeechingTouch+1","Slimebound:HauntingLick+1","Slimebound:MinionMaster","Slimebound:Chomp+1","Slimebound:LeechEnergy+1"],"relics":["Slimebound:AbsorbEndCombat","Mummified Hand","Oddly Smooth Stone","downfall:HeartBlessingGreen","Cursed Key","infinitespire:CursedDice","Pet Ghost","construct:ClawGrip","ReplayTheSpireMod:Lightbulb","OrangePellets","Anchor","Durian"],"acts_visited":["Exordium","TheCity","TheBeyond"],"potions_floor_usage":[5,16,16,23,23,26,33,36,46,48,50],"damage_taken":[{"damage":9,"enemies":"Small Slimes","floor":2,"turns":4},{"damage":8,"enemies":"Jaw Worm","floor":3,"turns":4},{"damage":5,"enemies":"infinitespire:Voidling","floor":4,"turns":3},{"damage":11,"enemies":"2 Fungi Beasts","floor":5,"turns":3},{"damage":12,"enemies":"downfall:FleeingMerchant","floor":8,"turns":4},{"damage":35,"enemies":"3 Sentries","floor":10,"turns":8},{"damage":9,"enemies":"Exordium Wildlife","floor":11,"turns":3},{"damage":25,"enemies":"Exordium Thugs","floor":12,"turns":3},{"damage":12,"enemies":"Large Slime","floor":14,"turns":4},{"damage":8,"enemies":"Exordium Wildlife","floor":15,"turns":4},{"damage":32,"enemies":"downfall:Silent","floor":16,"turns":4},{"damage":9,"enemies":"Chosen","floor":21,"turns":3},{"damage":8,"enemies":"Centurion and Healer","floor":22,"turns":3},{"damage":23,"enemies":"Chosen and Byrds","floor":23,"turns":3},{"damage":35,"enemies":"Snecko","floor":25,"turns":5},{"damage":31,"enemies":"Shelled Parasite and Fungi","floor":26,"turns":4},{"damage":20,"enemies":"Centurion and Healer","floor":27,"turns":4},{"damage":12,"enemies":"downfall:FleeingMerchant","floor":29,"turns":4},{"damage":12,"enemies":"Snecko","floor":31,"turns":4},{"damage":15,"enemies":"Cultist and Chosen","floor":32,"turns":4},{"damage":53,"enemies":"downfall:Ironclad","floor":33,"turns":7},{"damage":25,"enemies":"3 Shapes","floor":36,"turns":3},{"damage":29,"enemies":"Orb Walker","floor":38,"turns":4},{"damage":39,"enemies":"Sphere and 2 Shapes","floor":39,"turns":3},{"damage":56,"enemies":"Transient","floor":40,"turns":5},{"damage":29,"enemies":"downfall:FleeingMerchant","floor":42,"turns":4},{"damage":24,"enemies":"Jaw Worm Horde","floor":44,"turns":3},{"damage":31,"enemies":"Maw","floor":45,"turns":4},{"damage":30,"enemies":"Writhing Mass","floor":46,"turns":4},{"damage":32,"enemies":"Mind Bloom Boss Battle","floor":47,"turns":2},{"damage":13,"enemies":"4 Shapes","floor":49,"turns":3},{"damage":11,"enemies":"downfall:Defect","floor":50,"turns":5}],"seed_played":"-3310867576790329440","potions_obtained":[{"floor":4,"key":"SneckoOil"},{"floor":10,"key":"SteroidPotion"},{"floor":11,"key":"Reflective Coating"},{"floor":14,"key":"FairyPotion"},{"floor":16,"key":"Regen Potion"},{"floor":22,"key":"Weak Potion"},{"floor":25,"key":"jedi:StrikingPotion"},{"floor":32,"key":"Slimebound:SlimedPotion"},{"floor":33,"key":"jedi:StrikingPotion"},{"floor":36,"key":"FearPotion"},{"floor":38,"key":"Elixir"},{"floor":45,"key":"FearPotion"},{"floor":46,"key":"jedi:mysterypotion"},{"floor":49,"key":"Elixir"}],"is_trial":false,"path_per_floor":["R","M","M","M","M","R","T","$","R","E","M","M","R","M","M","B",null,"R","?","?","M","M","M","T","M","M","M","?","$","AVR","M","M","B",null,"R","M","?","M","M","M","T","$","R","M","M","M","?","$","M","B",null],"character_chosen":"SLIMEBOUND","items_purchased":["Slimebound:SlimeSpikes+1","expansioncontent:DonusPower","Slimebound:LevelUp","OrangePellets","Anchor"],"campfire_rested":0,"item_purchase_floors":[8,8,29,42,42],"current_hp_per_floor":[60,59,60,60,60,60,60,60,60,57,60,51,51,59,60,60,60,60,60,60,60,60,60,60,40,43,47,47,60,60,60,60,41,60,60,60,60,60,60,60,60,60,60,60,60,52,65,65,65,65],"gold":92,"neow_bonus":"ONE_RANDOM_RARE_CARD","is_daily":false,"chose_seed":false,"campfire_upgraded":7,"win_rate":0.0,"timestamp":1609944143,"path_taken":["R","M","M","M","M","R","T","$","R","E","M","M","R","M","M","BOSS","R","?","?","M","M","M","T","M","?","?","?","?","AVR","M","M","BOSS","R","M","?","M","M","M","T","$","R","M","?","M","?","?","M","BOSS"],"items_purchased_type":["Card","Card","Card","Relic","Relic"],"build_version":"2020-12-22","purchased_purges":5,"victory":true,"max_hp_per_floor":[60,60,60,60,60,60,60,60,60,60,60,60,60,60,60,60,60,60,60,60,60,60,60,60,60,60,60,60,60,60,60,60,60,60,60,60,60,60,60,60,60,60,60,60,60,60,65,65,65,65],"card_choices":[{"not_picked":["Slimebound:SamplingLick","Slimebound:SplitLeeching"],"picked":"Slimebound:Prepare","floor":2},{"not_picked":["Slimebound:GoopSpray","Slimebound:SplitAcid"],"picked":"Slimebound:SamplingLick","floor":3},{"not_picked":["Slimebound:FormOfPuddle","Slimebound:GrowthPunch"],"picked":"Slimebound:SplitLeeching","floor":4},{"not_picked":["Slimebound:DuplicatedForm","Slimebound:SplitAcid"],"picked":"Slimebound:SlimeSpikes","floor":5},{"not_picked":["Slimebound:ViciousTackle","Slimebound:LeechEnergy"],"picked":"Slimebound:GoopSpray","floor":8},{"not_picked":["Slimebound:ComboTackle","Slimebound:SlimeSpikes"],"picked":"Slimebound:Gluttony","floor":10},{"not_picked":["Slimebound:Replication","Slimebound:SplitMire"],"picked":"Slimebound:CheckThePlaybook","floor":11},{"not_picked":["Slimebound:AcidTongue","Slimebound:SplitBruiser"],"picked":"Slimebound:SlimeTap","floor":12},{"not_picked":["Slimebound:Gluttony","Slimebound:SplitAcid","Slimebound:ViciousTackle"],"picked":"SKIP","floor":14},{"not_picked":["Slimebound:ViciousTackle","Slimebound:GrowthPunch"],"picked":"Slimebound:SplitMire","floor":15},{"not_picked":["Slimebound:CheckThePlaybook","Slimebound:MassFeed"],"picked":"Slimebound:DouseInSlime","floor":16},{"not_picked":["Slimebound:SamplingLick","Slimebound:GrowthPunch"],"picked":"Slimebound:Dissolve","floor":21},{"not_picked":["Slimebound:GoopSpray","Slimebound:LeechingTouch"],"picked":"Slimebound:HauntingLick","floor":22},{"not_picked":["Slimebound:Equalize","Slimebound:SplitMire+1"],"picked":"Slimebound:Repurpose","floor":23},{"not_picked":["Slimebound:GoopSpray+1","Slimebound:ComboTackle"],"picked":"Slimebound:DisruptingSlam","floor":25},{"not_picked":["Slimebound:SplitAcid","Slimebound:LeadByExample"],"picked":"Slimebound:Replication+1","floor":26},{"not_picked":["Slimebound:Schlurp","Slimebound:SlimeTap"],"picked":"Slimebound:PressTheAttack+1","floor":27},{"not_picked":["Slimebound:GoopSpray","Slimebound:SelfFormingGoo"],"picked":"Slimebound:SamplingLick","floor":29},{"not_picked":["Slimebound:SplitAcid","Slimebound:GrowthPunch","Slimebound:SlimeBrawl+1"],"picked":"SKIP","floor":31},{"not_picked":["Slimebound:HauntingLick","Slimebound:SplitBruiser"],"picked":"Slimebound:SplitLeeching","floor":32},{"not_picked":["Slimebound:DuplicatedForm","Slimebound:CheckThePlaybook"],"picked":"Slimebound:WasteNot","floor":33},{"not_picked":["Slimebound:GoopSpray","Slimebound:Nibble+1"],"picked":"Slimebound:LeechEnergy+1","floor":36},{"not_picked":["Slimebound:DuplicatedForm","Slimebound:SplitMire"],"picked":"Slimebound:LevelUp","floor":38},{"not_picked":["Slimebound:TongueLash+1","Slimebound:Replication"],"picked":"Slimebound:LeechingTouch+1","floor":39},{"not_picked":["Slimebound:SamplingLick","Slimebound:FinishingTackle","Slimebound:GoopTackle"],"picked":"SKIP","floor":40},{"not_picked":["Slimebound:LeechingTouch","Slimebound:WasteNot"],"picked":"Slimebound:HauntingLick+1","floor":42},{"not_picked":["Slimebound:GoopSpray+1","Slimebound:SlimeSpikes","Slimebound:TongueLash"],"picked":"SKIP","floor":44},{"not_picked":["Slimebound:Schlurp+1","Slimebound:RainOfGoop","Slimebound:GoopSpray+1"],"picked":"SKIP","floor":45},{"not_picked":["Slimebound:GoopSpray","Slimebound:SplitLeeching"],"picked":"Slimebound:MinionMaster","floor":46},{"not_picked":["Slimebound:SplitMire","Slimebound:AcidTongue"],"picked":"Slimebound:Chomp+1","floor":47},{"not_picked":["Slimebound:SplitBruiser+1","Slimebound:ViciousTackle"],"picked":"Slimebound:LeechEnergy+1","floor":49}],"player_experience":280348,"relics_obtained":[{"floor":7,"key":"Mummified Hand"},{"floor":10,"key":"Oddly Smooth Stone"},{"floor":24,"key":"infinitespire:CursedDice"},{"floor":41,"key":"ReplayTheSpireMod:Lightbulb"},{"floor":47,"key":"Durian"}],"event_choices":[{"damage_healed":0,"gold_gain":0,"player_choice":"Ignored","damage_taken":0,"max_hp_gain":0,"max_hp_loss":0,"event_name":"Ghosts","floor":20,"gold_loss":0},{"damage_healed":0,"gold_gain":0,"player_choice":"Copied","damage_taken":0,"max_hp_gain":0,"max_hp_loss":0,"event_name":"Duplicator","floor":37,"gold_loss":0,"cards_obtained":["Slimebound:Split"]}],"is_beta":false,"boss_relics":[{"not_picked":["Kintsugi","Replay:Drink Me"],"picked":"Cursed Key"},{"not_picked":["Busted Crown","Slimebound:TarBlob"],"picked":"construct:ClawGrip"}],"items_purged_floors":[8,29,30,42,48],"is_endless":false,"potions_floor_spawned":[4,10,11,14,16,22,25,32,33,36,38,45,46,49],"ascension_level":0}}