{"host":"rmsq46plbpwfbxcc","time":1609971135,"event":{"mods":["AchievementEnabler","BaseMod","Colored Map","Colored Powertips","DeckTracker","KOR Keyword Fix","Minty Spire (QoL Compilation)","Permanent Neow","SuperFastMode"],"gold_per_floor":[115,130,130,140,160,160,191,219,219,219,235,235,235,255,255,357,357],"floor_reached":16,"playtime":405,"items_purged":[],"score":152,"play_id":"04566e1d-6c30-4b7e-920a-06b3f64c46a4","local_time":"20210107071215","is_ascension_mode":false,"campfire_choices":[{"data":"Eviscerate","floor":6,"key":"SMITH"},{"data":"Unload","floor":10,"key":"SMITH"},{"data":"Cloak And Dagger","floor":13,"key":"SMITH"},{"data":"Accuracy","floor":15,"key":"SMITH"}],"circlet_count":0,"master_deck":["Strike_G","Strike_G","Strike_G","Strike_G","Defend_G","Defend_G","Defend_G","Defend_G","Defend_G","Survivor","Neutralize","Eviscerate+1","PiercingWail","Unload+1","Cloak And Dagger+1","Accuracy+1"],"relics":["Coffee Dripper","Smiling Mask","Pear","Odd Mushroom","Potion Belt"],"acts_visited":["Exordium"],"potions_floor_usage":[7],"damage_taken":[{"damage":0,"enemies":"Jaw Worm","floor":1,"turns":4},{"damage":0,"enemies":"2 Louse","floor":2,"turns":3},{"damage":0,"enemies":"Small Slimes","floor":4,"turns":4},{"damage":0,"enemies":"Red Slaver","floor":5,"turns":3},{"damage":16,"enemies":"Lagavulin","floor":7,"turns":5},{"damage":4,"enemies":"The Mushroom Lair","floor":8,"turns":5},{"damage":2,"enemies":"Looter","floor":11,"turns":3},{"damage":0,"enemies":"Blue Slaver","floor":14,"turns":4},{"damage":33,"enemies":"The Guardian","floor":16,"turns":13}],"seed_played":"5988700265356362894","potions_obtained":[{"floor":1,"key":"Explosive Potion"},{"floor":5,"key":"AttackPotion"},{"floor":8,"key":"Block Potion"},{"floor":11,"key":"SpeedPotion"},{"floor":16,"key":"DuplicationPotion"}],"is_trial":false,"path_per_floor":["M","M","?","M","M","R","E","?","T","R","M","?","R","M","R","B"],"character_chosen":"THE_SILENT","items_purchased":[],"campfire_rested":0,"item_purchase_floors":[],"current_hp_per_floor":[70,70,63,63,63,63,57,53,53,53,51,51,51,51,51,18,18],"gold":357,"neow_bonus":"BOSS_RELIC","is_daily":false,"chose_seed":false,"campfire_upgraded":4,"win_rate":0.0,"timestamp":1609971135,"path_taken":["M","M","?","M","M","R","E","?","T","R","M","?","R","M","R","BOSS"],"items_purchased_type":[],"build_version":"2020-12-22","purchased_purges":0,"victory":false,"max_hp_per_floor":[70,70,70,70,70,70,80,80,80,80,80,80,80,80,80,80,80],"card_choices":[{"not_picked":["Masterful Stab","Skewer"],"picked":"Eviscerate","floor":1},{"not_picked":["Dagger Throw","Flechettes"],"picked":"PiercingWail","floor":2},{"not_picked":["Poisoned Stab","Bane","PiercingWail"],"picked":"SKIP","floor":4},{"not_picked":["Eviscerate","Slice","Deadly Poison"],"picked":"SKIP","floor":5},{"not_picked":["Cloak And Dagger","Flechettes"],"picked":"Unload","floor":7},{"not_picked":["Deadly Poison","Envenom"],"picked":"Cloak And Dagger","floor":11},{"not_picked":["PiercingWail","Prepared"],"picked":"Accuracy","floor":14}],"player_experience":632007,"relics_obtained":[{"floor":7,"key":"Pear"},{"floor":8,"key":"Odd Mushroom"},{"floor":9,"key":"Potion Belt"}],"event_choices":[{"damage_healed":0,"gold_gain":0,"player_choice":"Success","damage_taken":7,"relics_obtained":["Smiling Mask"],"max_hp_gain":0,"max_hp_loss":0,"event_name":"Scrap Ooze","floor":3,"gold_loss":0},{"damage_healed":0,"gold_gain":0,"player_choice":"Fought Mushrooms","damage_taken":0,"max_hp_gain":0,"max_hp_loss":0,"event_name":"Mushrooms","floor":8,"gold_loss":0},{"cards_removed":["Strike_G"],"damage_healed":0,"gold_gain":0,"player_choice":"Purged","damage_taken":0,"max_hp_gain":0,"max_hp_loss":0,"event_name":"Purifier","floor":12,"gold_loss":0}],"is_beta":false,"boss_relics":[],"items_purged_floors":[],"is_endless":false,"potions_floor_spawned":[1,5,8,11,16],"killed_by":"The Guardian","ascension_level":0}}