{"host":"tw7a6rmo9h75ssrt","time":1609922922,"event":{"mods":["AchievementEnabler","Act Like it!","BaseMod","Colored Map","Highlight Path","Minty Spire (QoL Compilation)","Permanent Neow","Quick Restart","Relic Stats","SuperFastMode"],"gold_per_floor":[109,109,119,119,44,44,78,93,93,93,114,114,132,145,145,275,275,291,291,48,61,8,8,8,52,52,89,101,137,149,186,198,331,343,373,260,273,273,273,316,316,347,647,647,683,708,6,22,22,22],"floor_reached":51,"playtime":2423,"items_purged":["Defend_R","Defend_R","Defend_R","Defend_R"],"score":1208,"play_id":"b927ad6c-f2fb-4ecb-986d-ff34476d83a0","local_time":"20210106164842","is_ascension_mode":true,"campfire_choices":[{"data":"Perfected Strike","floor":6.0,"key":"SMITH"},{"data":"Inflame","floor":12.0,"key":"SMITH"},{"data":"Bash","floor":15.0,"key":"SMITH"},{"data":"Pommel Strike","floor":23.0,"key":"SMITH"},{"floor":28.0,"key":"REST"},{"floor":30.0,"key":"REST"},{"data":"Inflame","floor":32.0,"key":"SMITH"},{"floor":41.0,"key":"REST"},{"floor":44.0,"key":"REST"},{"data":"Reaper","floor":49.0,"key":"SMITH"}],"circlet_count":0,"master_deck":["AscendersBane","Strike_R","Strike_R","Strike_R","Strike_R","Bash+1","Perfected Strike+1","Twin Strike","Warcry+1","Flex+1","Inflame+1","Shrug It Off+1","Dual Wield+1","Impervious+1","Pommel Strike+1","Inflame+1","Shockwave+1","Battle Trance+1","Limit Break+1","Reaper+1","Thinking Ahead+1","Madness+1","Second Wind+1"],"relics":["Burning Blood","NeowsBlessing","Golden Idol","Toxic Egg 2","Sundial","Sozu","HandDrill","Red Skull","MawBank","Runic Dome","Meat on the Bone","Toy Ornithopter","Old Coin","Bronze Scales","Lantern","MealTicket"],"acts_visited":["Exordium","TheCity","TheBeyond"],"potions_floor_usage":[],"damage_taken":[{"damage":0.0,"enemies":"2 Louse","floor":1.0,"turns":1.0},{"damage":0.0,"enemies":"Jaw Worm","floor":3.0,"turns":1.0},{"damage":0.0,"enemies":"Lagavulin","floor":7.0,"turns":1.0},{"damage":0.0,"enemies":"Cultist","floor":8.0,"turns":2.0},{"damage":16.0,"enemies":"Exordium Thugs","floor":11.0,"turns":4.0},{"damage":6.0,"enemies":"Looter","floor":13.0,"turns":2.0},{"damage":6.0,"enemies":"2 Fungi Beasts","floor":14.0,"turns":3.0},{"damage":23.0,"enemies":"The Guardian","floor":16.0,"turns":9.0},{"damage":1.0,"enemies":"3 Byrds","floor":18.0,"turns":6.0},{"damage":11.0,"enemies":"Spheric Guardian","floor":21.0,"turns":3.0},{"damage":50.0,"enemies":"Gremlin Leader","floor":25.0,"turns":6.0},{"damage":13.0,"enemies":"Centurion and Healer","floor":27.0,"turns":3.0},{"damage":13.0,"enemies":"Snecko","floor":29.0,"turns":4.0},{"damage":1.0,"enemies":"Cultist and Chosen","floor":31.0,"turns":5.0},{"damage":52.0,"enemies":"Automaton","floor":33.0,"turns":8.0},{"damage":8.0,"enemies":"Orb Walker","floor":35.0,"turns":2.0},{"damage":10.0,"enemies":"3 Shapes","floor":37.0,"turns":4.0},{"damage":34.0,"enemies":"Nemesis","floor":40.0,"turns":5.0},{"damage":15.0,"enemies":"Giant Head","floor":42.0,"turns":5.0},{"damage":90.0,"enemies":"Reptomancer","floor":45.0,"turns":7.0},{"damage":22.0,"enemies":"Maw","floor":46.0,"turns":5.0},{"damage":15.0,"enemies":"Transient","floor":48.0,"turns":5.0},{"damage":111,"enemies":"Time Eater","floor":50,"turns":8}],"seed_played":"8720134756085758353","potions_obtained":[{"floor":3.0,"key":"HeartOfIron"},{"floor":8.0,"key":"Swift Potion"},{"floor":14.0,"key":"GamblersBrew"}],"is_trial":false,"path_per_floor":["M","?","M","?","$","R","E","M","T","?","M","R","M","M","R","B",null,"M","?","$","M","$","R","?","E","T","M","R","M","R","M","R","B",null,"M","$","M","?","?","E","R","E","T","R","E","M","$","M","R","B",null],"character_chosen":"IRONCLAD","items_purchased":["HandDrill","Pommel Strike","Lantern","MealTicket","Thinking Ahead+1","Madness+1"],"campfire_rested":4,"item_purchase_floors":[20,22,47,47,47,47],"current_hp_per_floor":[78,78,80,74,74,74,74,74,74,79,69,69,69,69,69,52,72,77,77,77,72,72,72,72,28,28,21,44,37,60,65,65,19,64,62,62,58,58,58,30,52,55,55,75,58,63,63,75,75,41],"gold":22,"neow_bonus":"THREE_ENEMY_KILL","is_daily":false,"chose_seed":false,"campfire_upgraded":6,"win_rate":0.0,"timestamp":1609922922,"path_taken":["M","?","M","?","$","R","E","M","T","?","M","R","M","M","R","BOSS","M","?","?","?","$","R","?","E","T","M","R","M","R","M","R","BOSS","M","$","M","?","?","E","R","E","T","R","E","M","$","M","R","BOSS"],"items_purchased_type":["Relic","Card","Relic","Relic","Card","Card"],"build_version":"2020-12-22","purchased_purges":4,"victory":true,"max_hp_per_floor":[80,80,80,74,74,74,74,74,74,79,79,79,79,79,79,79,79,79,79,79,79,79,79,79,79,79,79,79,79,79,79,79,79,79,79,79,79,79,75,75,75,75,75,75,75,75,75,75,75,75],"relic_stats":{"Sozu":7,"counters":[23,99],"Golden Idol":162,"Sundial":[20],"Bronze Scales":[51],"MealTicket":0,"HandDrill":[16],"MawBank":120,"obtain_stats":[{"Lantern":47,"NeowsBlessing":0,"Golden Idol":4,"MawBank":26,"Burning Blood":0,"Old Coin":43,"Sozu":17,"Runic Dome":34,"Sundial":9,"Bronze Scales":45,"MealTicket":47,"HandDrill":20,"Toxic Egg 2":7,"Red Skull":25,"Toy Ornithopter":42,"Meat on the Bone":40},{"Lantern":21,"NeowsBlessing":0,"Golden Idol":2,"MawBank":11,"Burning Blood":0,"Old Coin":19,"Sozu":8,"Runic Dome":15,"Sundial":4,"Bronze Scales":20,"MealTicket":21,"HandDrill":9,"Toxic Egg 2":3,"Red Skull":11,"Toy Ornithopter":19,"Meat on the Bone":18},{"Lantern":86,"NeowsBlessing":0,"Golden Idol":2,"MawBank":38,"Burning Blood":0,"Old Coin":74,"Sozu":23,"Runic Dome":58,"Sundial":5,"Bronze Scales":81,"MealTicket":86,"HandDrill":29,"Toxic Egg 2":3,"Red Skull":38,"Toy Ornithopter":74,"Meat on the Bone":69}],"Burning Blood":116,"Toy Ornithopter":0,"Meat on the Bone":24},"card_choices":[{"not_picked":["Pommel Strike","Warcry"],"picked":"Perfected Strike","floor":1.0},{"not_picked":["Entrench","Clash"],"picked":"Twin Strike","floor":3.0},{"not_picked":["Evolve","Ghostly Armor+1"],"picked":"Warcry+1","floor":7.0},{"not_picked":["Reckless Charge","Clash"],"picked":"Flex+1","floor":8.0},{"not_picked":["Disarm+1","Carnage"],"picked":"Inflame","floor":11.0},{"not_picked":["Heavy Blade","Dropkick"],"picked":"Shrug It Off+1","floor":13.0},{"not_picked":["Heavy Blade","Perfected Strike"],"picked":"Dual Wield+1","floor":14.0},{"not_picked":["Feed","Berserk"],"picked":"Impervious+1","floor":16.0},{"not_picked":["Anger","Ghostly Armor+1","Iron Wave"],"picked":"SKIP","floor":18.0},{"not_picked":["Heavy Blade","Flex+1","Anger+1"],"picked":"SKIP","floor":21.0},{"not_picked":["Sentinel+1","Ghostly Armor+1"],"picked":"Inflame","floor":25.0},{"not_picked":["Headbutt","Feel No Pain+1","Disarm+1"],"picked":"SKIP","floor":27.0},{"not_picked":["Cleave","Disarm+1"],"picked":"Shockwave+1","floor":29.0},{"not_picked":["Pommel Strike","Feel No Pain"],"picked":"Battle Trance+1","floor":31.0},{"not_picked":["Fiend Fire","Offering+1"],"picked":"Limit Break+1","floor":33.0},{"not_picked":["Cleave","Infernal Blade+1","Heavy Blade"],"picked":"SKIP","floor":35.0},{"not_picked":["Heavy Blade","Twin Strike","Headbutt+1"],"picked":"SKIP","floor":37.0},{"not_picked":["Sword Boomerang","Anger","Armaments+1"],"picked":"SKIP","floor":40.0},{"not_picked":["Thunderclap+1","Sword Boomerang"],"picked":"Reaper","floor":42.0},{"not_picked":["Rage+1","Infernal Blade+1","Armaments+1"],"picked":"SKIP","floor":45.0},{"not_picked":["Cleave","Anger+1","Perfected Strike"],"picked":"SKIP","floor":46.0},{"not_picked":["Reckless Charge","Body Slam"],"picked":"Second Wind+1","floor":48.0}],"player_experience":60281,"relics_obtained":[{"floor":7.0,"key":"Toxic Egg 2"},{"floor":9.0,"key":"Sundial"},{"floor":25.0,"key":"Red Skull"},{"floor":26.0,"key":"MawBank"},{"floor":40.0,"key":"Meat on the Bone"},{"floor":42.0,"key":"Toy Ornithopter"},{"floor":43.0,"key":"Old Coin"},{"floor":45.0,"key":"Bronze Scales"}],"event_choices":[{"cards_removed":["Strike_R"],"damage_healed":0.0,"max_hp_gain":0.0,"max_hp_loss":0.0,"gold_gain":0.0,"event_name":"Living Wall","player_choice":"Forget","floor":2.0,"gold_loss":0.0,"damage_taken":0.0},{"damage_healed":0.0,"max_hp_gain":0.0,"max_hp_loss":6.0,"gold_gain":0.0,"event_name":"Golden Idol","player_choice":"Lose Max HP","floor":4.0,"gold_loss":0.0,"damage_taken":0.0,"relics_obtained":["Golden Idol"]},{"damage_healed":0.0,"max_hp_gain":5.0,"max_hp_loss":0.0,"gold_gain":0.0,"event_name":"Big Fish","player_choice":"Donut","floor":10.0,"gold_loss":0.0,"damage_taken":0.0},{"damage_healed":0.0,"max_hp_gain":0.0,"max_hp_loss":0.0,"gold_gain":0.0,"event_name":"The Mausoleum","player_choice":"Ignored","floor":19.0,"gold_loss":0.0,"damage_taken":0.0},{"damage_healed":0.0,"max_hp_gain":0.0,"max_hp_loss":0.0,"gold_gain":0.0,"event_name":"Ghosts","player_choice":"Ignored","floor":24.0,"gold_loss":0.0,"damage_taken":0.0},{"damage_healed":0.0,"max_hp_gain":0.0,"max_hp_loss":0.0,"gold_gain":0.0,"event_name":"Mysterious Sphere","player_choice":"Ignored","floor":38.0,"gold_loss":0.0,"damage_taken":0.0},{"damage_healed":0.0,"max_hp_gain":0.0,"max_hp_loss":4.0,"gold_gain":0.0,"event_name":"Winding Halls","player_choice":"Max HP","floor":39.0,"gold_loss":0.0,"damage_taken":0.0}],"is_beta":false,"boss_relics":[{"not_picked":["Runic Pyramid","SacredBark"],"picked":"Sozu"},{"not_picked":["Runic Cube","Astrolabe"],"picked":"Runic Dome"}],"items_purged_floors":[5,20,36,47],"is_endless":false,"potions_floor_spawned":[3,8,14,21,25,29,31,35,45,46],"ascension_level":10}}