{"host":"g01l53quoe6lrer0","time":1609958873,"event":{"mods":["2.2 Compatiblity","AchievementEnabler","BaseMod","Colored Map","Highlight Path","Keyboard Shortcuts","Minty Spire (QoL Compilation)","Permanent Neow","StSLib","SuperFastMode","everything is the same but u backflip on backflip"],"gold_per_floor":[109,59,234,245,245,275,292,292,292,32,44,61,61,76,76,180,180,180,180],"floor_reached":18,"playtime":943,"items_purged":["Doubt"],"score":235,"play_id":"7a477372-faf1-4f07-87fb-8afe2069d430","local_time":"20210107034753","is_ascension_mode":true,"campfire_choices":[{"floor":8.0,"key":"DIG"},{"floor":13.0,"key":"DIG"},{"data":"Defragment","floor":15.0,"key":"SMITH"}],"circlet_count":0,"master_deck":["Strike_B","Strike_B","Strike_B","Defend_B","Defend_B","Defend_B","Defend_B","Zap+1","Dualcast","Streamline","Turbo","Cold Snap","Blizzard+1","Capacitor","Genetic Algorithm","Self Repair","Defragment+1","Loop","Seek"],"relics":["Cracked Core","Shovel","Letter Opener","Molten Egg 2","Tiny Chest","Darkstone Periapt","Coffee Dripper"],"acts_visited":["Exordium","TheCity"],"potions_floor_usage":[16,16,18],"damage_taken":[{"damage":3.0,"enemies":"Small Slimes","floor":1.0,"turns":3.0},{"damage":7.0,"enemies":"Jaw Worm","floor":4.0,"turns":2.0},{"damage":27.0,"enemies":"Lagavulin","floor":6.0,"turns":6.0},{"damage":0.0,"enemies":"Cultist","floor":7.0,"turns":3.0},{"damage":5.0,"enemies":"Looter","floor":11.0,"turns":3.0},{"damage":8.0,"enemies":"Exordium Thugs","floor":12.0,"turns":5.0},{"damage":3.0,"enemies":"2 Fungi Beasts","floor":14.0,"turns":3.0},{"damage":15,"enemies":"Hexaghost","floor":16,"turns":9},{"damage":14,"enemies":"3 Byrds","floor":18,"turns":3}],"seed_played":"-4282903325085617122","potions_obtained":[{"floor":4.0,"key":"LiquidMemories"},{"floor":12.0,"key":"PowerPotion"},{"floor":14.0,"key":"AttackPotion"},{"floor":16,"key":"Swift Potion"}],"is_trial":false,"path_per_floor":["M","?","?","M","?","E","M","R","T","$","M","M","R","M","R","B",null,"M"],"character_chosen":"DEFECT","items_purchased":["Blizzard+1","Capacitor","Genetic Algorithm"],"campfire_rested":0,"item_purchase_floors":[10,10,10],"current_hp_per_floor":[65,65,65,58,58,31,31,31,31,31,26,25,25,29,29,21,56,42,42],"gold":180,"neow_bonus":"ONE_RARE_RELIC","is_daily":false,"chose_seed":false,"campfire_upgraded":1,"win_rate":0.0,"timestamp":1609958873,"path_taken":["M","?","?","M","?","E","M","R","T","$","M","M","R","M","R","BOSS","M"],"items_purchased_type":["Card","Card","Card"],"build_version":"2020-12-22","purchased_purges":1,"victory":false,"max_hp_per_floor":[68,68,68,68,68,68,68,68,68,68,68,68,68,68,68,68,68,68,68],"card_choices":[{"not_picked":["Beam Cell","Heatsinks"],"picked":"Streamline","floor":1.0},{"not_picked":["Steam","Compile Driver","Leap"],"picked":"SKIP","floor":4.0},{"not_picked":["Reprogram","Scrape"],"picked":"Turbo","floor":6.0},{"not_picked":["Loop","FTL"],"picked":"Cold Snap","floor":7.0},{"not_picked":["Steam","Gash+1"],"picked":"Self Repair","floor":11.0},{"not_picked":["Sweeping Beam+1","Heatsinks"],"picked":"Defragment","floor":12.0},{"not_picked":["Fusion","FTL+1"],"picked":"Loop","floor":14.0},{"not_picked":["Reboot","Buffer"],"picked":"Seek","floor":16}],"player_experience":39428,"relics_obtained":[{"floor":6.0,"key":"Letter Opener"},{"floor":8.0,"key":"Molten Egg 2"},{"floor":9.0,"key":"Tiny Chest"},{"floor":13.0,"key":"Darkstone Periapt"}],"event_choices":[{"cards_removed":["Strike_B"],"damage_healed":0.0,"max_hp_gain":0.0,"max_hp_loss":0.0,"gold_gain":0.0,"event_name":"The Cleric","player_choice":"Card Removal","floor":2.0,"gold_loss":50.0,"damage_taken":0.0},{"damage_healed":0.0,"max_hp_gain":0.0,"max_hp_loss":0.0,"gold_gain":175.0,"event_name":"Liars Game","player_choice":"AGREE","floor":3.0,"gold_loss":0.0,"damage_taken":0.0,"cards_obtained":["Doubt"]},{"damage_healed":0.0,"max_hp_gain":0.0,"max_hp_loss":0.0,"gold_gain":0.0,"event_name":"Living Wall","player_choice":"Grow","floor":5.0,"gold_loss":0.0,"damage_taken":0.0,"cards_upgraded":["Zap"]}],"is_beta":false,"boss_relics":[{"not_picked":["Snecko Eye","Philosopher\u0027s Stone"],"picked":"Coffee Dripper"}],"items_purged_floors":[10],"is_endless":false,"potions_floor_spawned":[4,12,14,16],"killed_by":"3 Byrds","ascension_level":9}}