{"host":"iml8x8es9od4zowg","time":1609935137,"event":{"mods":["2.2 Compatiblity","Arknights The Spire","BaseMod","Marisa£¨Ùöéë¡¡Øª×âÞÞ£©","Minty Spire (QoL Compilation)","StSLib","Td1madao Mod","The Bug Knight","The Jungle","¡¼?Úª?ø«¡½REMEMod"],"gold_per_floor":[111,126,126,126,51,51,86,86,86,134,134,84,84,205,205,250,250],"floor_reached":16,"playtime":790,"items_purged":["HollowMod:NailStrikeStart"],"score":138,"play_id":"5216886c-69f3-4adf-bdc4-2c40fc1c9036","local_time":"20210106211217","is_ascension_mode":true,"campfire_choices":[{"data":"HollowMod:DesolateDive","floor":6,"key":"SMITH"},{"data":"HollowMod:GrimmsGift","floor":8,"key":"SMITH"},{"floor":11,"key":"RECALL"},{"floor":15,"key":"REST"}],"circlet_count":0,"master_deck":["HollowMod:NailStrikeStart","HollowMod:NailStrikeStart","HollowMod:QuickDashStart","HollowMod:QuickDashStart","HollowMod:FocusHealStart","HollowMod:PogoStrike","REME_ShortnessOfBreath","HollowMod:CornifersMapStart","HollowMod:DesolateDive+1","HollowMod:GrimmsGift+1","HollowMod:SoulShaman"],"relics":["HollowMod:VesselMask","REME_ComplimentaryCards","NeowsBlessing","REME_LimitBreaker","REME_ArchaeologicalTools","HollowMod:DelicateFlower"],"acts_visited":["Exordium"],"potions_floor_usage":[10,16,16],"damage_taken":[{"damage":0,"enemies":"Jaw Worm","floor":1,"turns":1},{"damage":0,"enemies":"2 Louse","floor":2,"turns":1},{"damage":0,"enemies":"HollowMod:MossKnight","floor":7,"turns":1},{"damage":0,"enemies":"Small Slimes","floor":10,"turns":3},{"damage":41,"enemies":"3 Sentries","floor":14,"turns":12},{"damage":57,"enemies":"Hexaghost","floor":16,"turns":10}],"seed_played":"6869222178591400388","potions_obtained":[{"floor":2,"key":"DuplicationPotion"},{"floor":7,"key":"Swift Potion"},{"floor":14,"key":"AttackPotion"}],"is_trial":false,"path_per_floor":["M","M","?","T","$","R","E","R","T","M","R","?","?","E","R","B"],"character_chosen":"THE_BUGKNIGHT","items_purchased":[],"campfire_rested":1,"item_purchase_floors":[],"current_hp_per_floor":[75,75,75,75,75,75,75,75,75,75,75,75,68,33,55,8,8],"gold":250,"neow_bonus":"THREE_ENEMY_KILL","is_daily":false,"chose_seed":false,"campfire_upgraded":2,"win_rate":0.0,"timestamp":1609935137,"path_taken":["M","M","?","?","$","R","E","R","T","M","R","?","?","E","R","BOSS"],"items_purchased_type":[],"build_version":"2020-12-22","purchased_purges":1,"victory":false,"max_hp_per_floor":[75,75,75,75,75,75,75,75,75,75,75,75,75,75,75,75,75],"card_choices":[{"not_picked":["HollowMod:GreatSlash","HollowMod:DungDefenderAura"],"picked":"HollowMod:CornifersMapStart","floor":1},{"not_picked":["HollowMod:LuriensSpire","HollowMod:CornifersMapStart"],"picked":"HollowMod:DesolateDive","floor":2},{"not_picked":["HollowMod:SoulShaman","HollowMod:SiblingsSouls"],"picked":"HollowMod:GrimmsGift","floor":7},{"not_picked":["HollowMod:SoulEater","HollowMod:MawleksShell"],"picked":"HollowMod:SoulShaman","floor":10},{"not_picked":["HollowMod:NewLittleFool","HollowMod:QuirrelsAssistance","HollowMod:VengefulSpirit"],"picked":"SKIP","floor":14}],"player_experience":548474,"relics_obtained":[{"floor":7,"key":"REME_LimitBreaker"},{"floor":9,"key":"REME_ArchaeologicalTools"},{"floor":14,"key":"HollowMod:DelicateFlower"}],"event_choices":[{"cards_removed":["HollowMod:QuickDashStart"],"damage_healed":0,"gold_gain":0,"player_choice":"Card Removal","damage_taken":0,"max_hp_gain":0,"max_hp_loss":0,"event_name":"The Cleric","floor":12,"gold_loss":50},{"cards_removed":["HollowMod:QuickDashStart"],"damage_healed":0,"gold_gain":0,"player_choice":"Card Removal","damage_taken":7,"max_hp_gain":0,"max_hp_loss":0,"event_name":"Golden Wing","floor":13,"gold_loss":0}],"is_beta":false,"boss_relics":[],"items_purged_floors":[5],"is_endless":false,"potions_floor_spawned":[2,7,14],"killed_by":"Hexaghost","ascension_level":1}}