{"host":"51f0ad793vly1w6u","time":1609899844,"event":{"mods":["BaseMod","Colored Map","DeckTracker","Minty Spire (QoL Compilation)","StSLib","SuperFastMode"],"gold_per_floor":[19,34,34,34,34,34,57,100,125,125,140,51,69,112,112,112,112],"floor_reached":16,"playtime":238,"items_purged":[],"score":220,"play_id":"d2662629-e7ae-4889-8330-e5b1a3b941b8","local_time":"20210106112404","is_ascension_mode":true,"campfire_choices":[{"data":"Entrench","floor":6.0,"key":"SMITH"},{"data":"Bash","floor":10.0,"key":"SMITH"},{"data":"Body Slam","floor":15.0,"key":"SMITH"}],"circlet_count":0,"master_deck":["AscendersBane","Strike_R","Strike_R","Strike_R","Strike_R","Defend_R","Defend_R","Defend_R","Defend_R","Bash+1","Sword Boomerang","Cleave","Entrench+1","Flame Barrier","Inflame","Body Slam+1"],"relics":["Burning Blood","Golden Idol","Omamori","Sundial","Tiny Chest","Pantograph"],"acts_visited":["Exordium"],"potions_floor_usage":[16],"damage_taken":[{"damage":1.0,"enemies":"2 Louse","floor":1.0,"turns":3.0},{"damage":9.0,"enemies":"Jaw Worm","floor":2.0,"turns":4.0},{"damage":5.0,"enemies":"Small Slimes","floor":7.0,"turns":3.0},{"damage":40.0,"enemies":"Gremlin Nob","floor":8.0,"turns":5.0},{"damage":18.0,"enemies":"2 Fungi Beasts","floor":11.0,"turns":4.0},{"damage":0.0,"enemies":"Exordium Wildlife","floor":13.0,"turns":3.0},{"damage":23.0,"enemies":"Lagavulin","floor":14.0,"turns":5.0},{"damage":39,"enemies":"The Guardian","floor":16,"turns":11}],"seed_played":"7078522525843065820","potions_obtained":[{"floor":2.0,"key":"Ancient Potion"},{"floor":8.0,"key":"SkillPotion"},{"floor":14.0,"key":"ColorlessPotion"}],"is_trial":false,"path_per_floor":["M","M","?","?","?","R","M","E","T","R","M","$","M","E","R","B"],"character_chosen":"IRONCLAD","items_purchased":["Flame Barrier"],"campfire_rested":0,"item_purchase_floors":[12],"current_hp_per_floor":[87,84,84,81,70,70,71,37,37,37,25,25,31,14,14,0,0],"gold":112,"neow_bonus":"TWENTY_PERCENT_HP_BONUS","is_daily":false,"chose_seed":false,"campfire_upgraded":3,"win_rate":0.0,"timestamp":1609899844,"path_taken":["M","M","?","?","?","R","M","E","T","R","M","$","M","E","R","BOSS"],"items_purchased_type":["Card"],"build_version":"2020-12-22","purchased_purges":0,"victory":false,"max_hp_per_floor":[89,89,89,81,81,81,81,81,81,81,81,81,81,81,81,81,81],"card_choices":[{"not_picked":["Thunderclap","Clash"],"picked":"Sword Boomerang","floor":1.0},{"not_picked":["Body Slam","Rage"],"picked":"Cleave","floor":2.0},{"not_picked":["Reckless Charge","Sword Boomerang","Entrench"],"picked":"SKIP","floor":7.0},{"not_picked":["Perfected Strike","Infernal Blade","Fire Breathing"],"picked":"SKIP","floor":8.0},{"not_picked":["Perfected Strike","Havoc","Twin Strike"],"picked":"SKIP","floor":11.0},{"not_picked":["Combust","Shockwave"],"picked":"Inflame","floor":13.0},{"not_picked":["Dark Embrace","Infernal Blade"],"picked":"Body Slam","floor":14.0}],"player_experience":1386535,"relics_obtained":[{"floor":8.0,"key":"Sundial"},{"floor":9.0,"key":"Tiny Chest"},{"floor":14.0,"key":"Pantograph"}],"event_choices":[{"damage_healed":0.0,"max_hp_gain":0.0,"max_hp_loss":0.0,"gold_gain":0.0,"cards_transformed":["Strike_R"],"event_name":"Living Wall","player_choice":"Change","floor":3.0,"gold_loss":0.0,"damage_taken":0.0,"cards_obtained":["Entrench"]},{"damage_healed":0.0,"max_hp_gain":0.0,"max_hp_loss":8.0,"gold_gain":0.0,"event_name":"Golden Idol","player_choice":"Lose Max HP","floor":4.0,"gold_loss":0.0,"damage_taken":0.0,"relics_obtained":["Golden Idol"]},{"damage_healed":0.0,"max_hp_gain":0.0,"max_hp_loss":0.0,"gold_gain":0.0,"event_name":"Scrap Ooze","player_choice":"Success","floor":5.0,"gold_loss":0.0,"damage_taken":11.0,"relics_obtained":["Omamori"]}],"is_beta":false,"boss_relics":[],"items_purged_floors":[],"is_endless":false,"potions_floor_spawned":[2,8,14],"killed_by":"The Guardian","ascension_level":20}}