{"host":"hy86brpkenigfxlv","time":1609946962,"event":{"mods":["BaseMod","Bestiary","BetterRewards","Colored Map","Downfall","GifTheSpireLib","Hero for Fun","Jorbs\u0027s Wanderer Trilogy","Lobotomy","Minty Spire (QoL Compilation)","Rare Cards Sparkle","Replay The Spire","StSLib","SuperFastMode","The Animator","The Bug Knight","The Cursed","The Disciple","The Necromancer","The Saiyan","The Servant 0.9.4"],"gold_per_floor":[1,15,33,52,52,84,84,113,159,173,98,117,148,168,168,269,269,269,269,281,300,200,231,249,283,283,283,283,310,331,348,348,453,453,474,497,497,517,532,567,588,622,622,681,711,711,766,1108,1120,1136,1148,1160,771,775,785],"floor_reached":56,"playtime":1081,"items_purged":["Defend_Y","Defend_Y","OSAHOGD"],"score":2235,"play_id":"acb95c11-ba96-48b0-acda-b6256121e276","local_time":"20210106232922","is_ascension_mode":true,"campfire_choices":[{"floor":7,"key":"RECALL"},{"data":"Pot Of Greed","floor":28,"key":"SMITH"},{"data":"Pot Of Greed","floor":32,"key":"SMITH"},{"data":"Defend_Y","floor":49,"key":"PURGE"},{"data":"Defend_Y","floor":52,"key":"PURGE"}],"circlet_count":0,"master_deck":["Strike_Y","Strike_Y","Strike_Y","Strike_Y","Strike_Y","Toss_Stone","Alriune","Slap","PlagueDoctor","Funeral","Toss_Stone","Toss_Stone","Serious_Punch","GreedKing","Toss_Stone","DespairKnight","Slap","Scarecrow","CherryBlossoms","Consecutive_Normal_Punch","Serious_Punch","BodiesMountain","Consecutive_Normal_Punch","LittlePrince","Slap","Pot Of Greed+1","Pot Of Greed+1","Pot Of Greed","MeatLantern","Rudolta","Consecutive_Normal_Punch+1","Consecutive_Normal_Punch","Yin","Normal_Punch","Normal_Punch","Consecutive_Normal_Punch","Pot Of Greed","BigBadWolf","Hip_Strike","DreamingCurrent","Slap","SnowQueen","HeroicMonk","Consecutive_Normal_Punch+1","CENSORED","Slap+1","Toss_Stone","PunishingBird","Toss_Stone","Pot Of Greed","FieryBird","Normal_Punch+1","MeltingLove","Toss_Stone+1","Consecutive_Normal_Punch","Consecutive_Normal_Punch","expansioncontent:Corrupt","Slap+1","Consecutive_Normal_Punch","Toss_Stone+1"],"relics":["Cape","CogitoBucket","Ancient Tea Set","ReplayTheSpireMod:TigerMarble","TreeSap","HollowMod:LifeEnderRelic","Philosopher\u0027s Stone","ChangeAnything","Grinning Jar","Bag of Preparation","Lantern","FleshIdol","Replay:Bandana","Yang_Lob","Coffee Dripper","Pet Ghost","Replay:Bottled Flurry","PreservedInsect","Peace Pipe","Orichalcum","MawBank","Old Coin","Replay:Accelerometer"],"acts_visited":["Exordium","TheCity","TheBeyond","TheEnding"],"potions_floor_usage":[27],"damage_taken":[{"damage":0,"enemies":"Jaw Worm","floor":1,"turns":1},{"damage":0,"enemies":"Cultist","floor":2,"turns":1},{"damage":0,"enemies":"Small Slimes","floor":3,"turns":1},{"damage":0,"enemies":"3 Louse","floor":4,"turns":2},{"damage":0,"enemies":"2 Fungi Beasts","floor":5,"turns":1},{"damage":0,"enemies":"Lagavulin","floor":6,"turns":1},{"damage":0,"enemies":"3 Sentries","floor":8,"turns":2},{"damage":0,"enemies":"Blue Slaver","floor":10,"turns":1},{"damage":0,"enemies":"Red Slaver","floor":12,"turns":1},{"damage":0,"enemies":"Lagavulin","floor":13,"turns":1},{"damage":0,"enemies":"Large Slime","floor":14,"turns":1},{"damage":0,"enemies":"Hexaghost","floor":16,"turns":1},{"damage":0,"enemies":"Shell Parasite","floor":18,"turns":1},{"damage":0,"enemies":"Spheric Guardian","floor":20,"turns":1},{"damage":0,"enemies":"Centurion and Healer","floor":21,"turns":1},{"damage":0,"enemies":"Gremlin Leader","floor":23,"turns":1},{"damage":0,"enemies":"Shelled Parasite and Fungi","floor":24,"turns":1},{"damage":0,"enemies":"Slavers","floor":25,"turns":1},{"damage":0,"enemies":"3 Cultists","floor":27,"turns":2},{"damage":0,"enemies":"Gremlin Leader","floor":29,"turns":1},{"damage":0,"enemies":"Snake Plant","floor":30,"turns":1},{"damage":0,"enemies":"Chosen and Byrds","floor":31,"turns":1},{"damage":0,"enemies":"Champ","floor":33,"turns":1},{"damage":0,"enemies":"Orb Walker","floor":35,"turns":1},{"damage":0,"enemies":"3 Shapes","floor":36,"turns":1},{"damage":0,"enemies":"Sphere and 2 Shapes","floor":38,"turns":1},{"damage":0,"enemies":"Spire Growth","floor":39,"turns":1},{"damage":0,"enemies":"Nemesis","floor":40,"turns":1},{"damage":0,"enemies":"Writhing Mass","floor":41,"turns":1},{"damage":0,"enemies":"Reptomancer","floor":42,"turns":1},{"damage":0,"enemies":"2 Orb Walkers","floor":44,"turns":1},{"damage":0,"enemies":"Giant Head","floor":45,"turns":1},{"damage":0,"enemies":"Nemesis","floor":48,"turns":1},{"damage":0,"enemies":"FixerMidnight","floor":50,"turns":1},{"damage":0,"enemies":"Shield and Spear","floor":54,"turns":1},{"damage":0,"enemies":"The Heart","floor":55,"turns":1}],"seed_played":"-2268355250832204999","potions_obtained":[{"floor":3,"key":"DuplicationPotion"},{"floor":4,"key":"EssenceOfSteel"},{"floor":5,"key":"hexamod:EctoCoolerPotion"},{"floor":33,"key":"Flashbang"},{"floor":48,"key":"SkillPotion"}],"is_trial":false,"path_per_floor":["M","M","M","M","M","E","R","E","T","M","$","M","E","M","R_BF","B",null,"M","?","M","M","$","E","M","E","T","M","R","E","M","M","R","B",null,"M","M","?","M","M","E","M","E","T","?","E","?","?","E","R","B",null,"R","$","E","B",null],"character_chosen":"OPM","items_purchased":["expansioncontent:Corrupt","Slap+1","Consecutive_Normal_Punch"],"campfire_rested":0,"item_purchase_floors":[53,53,53],"current_hp_per_floor":[999,999,999,999,999,999,999,999,999,999,999,999,999,999,1004,1004,1004,1004,1004,1004,1004,1004,1004,1004,1004,1004,1004,1004,1004,1004,1004,1004,1004,1004,1004,1004,954,954,954,954,954,954,954,954,954,954,954,954,954,954,954,954,954,954,954],"gold":785,"neow_bonus":"","is_daily":false,"chose_seed":false,"campfire_upgraded":2,"win_rate":0.0,"timestamp":1609946962,"path_taken":["M","M","M","M","M","E","R","E","T","M","$","M","E","M","R_BF","BOSS","M","?","M","M","$","E","M","E","T","M","R","E","?","M","R","BOSS","M","M","?","M","M","E","M","E","T","?","E","?","?","E","R","BOSS","R","$","E","BOSS"],"items_purchased_type":["Card","Card","Card"],"build_version":"2020-12-22","purchased_purges":3,"victory":true,"max_hp_per_floor":[999,999,999,999,999,999,999,999,999,999,999,999,999,999,1004,1004,1004,1004,1004,1004,1004,1004,1004,1004,1004,1004,1004,1004,1004,1004,1004,1004,1004,1004,1004,1004,954,954,954,954,954,954,954,954,954,954,954,954,954,954,954,954,954,954,954],"card_choices":[{"not_picked":["ShyLook","SpiderBud","Scorched"],"picked":"Singing Bowl","floor":1},{"not_picked":["Do_Nothing","Side_Hop"],"picked":"Toss_Stone","floor":1},{"not_picked":["Wellcheers","SpiderBud"],"picked":"Alriune","floor":2},{"not_picked":["Normal_Punch","Terrifying_Presence"],"picked":"Slap","floor":2},{"not_picked":["Wellcheers","GreedKing"],"picked":"PlagueDoctor","floor":3},{"not_picked":["Yawn","Ignore","Side_Hop"],"picked":"SKIP","floor":3},{"not_picked":["LongBird","MHz"],"picked":"Funeral","floor":4},{"not_picked":["Ignore","Side_Hop"],"picked":"Toss_Stone","floor":4},{"not_picked":["Porccubus","BeautyBeast","FairyFestival"],"picked":"Singing Bowl","floor":5},{"not_picked":["Get_Hopes_Up","Do_Nothing","Hop"],"picked":"SKIP","floor":5},{"not_picked":["Mercenary","Variant"],"picked":"OSAHOGD","floor":6},{"not_picked":["Side_Hop","Do_Nothing"],"picked":"Toss_Stone","floor":6},{"not_picked":["CrumblingArmor","VoidDream","RedShoes"],"picked":"Singing Bowl","floor":8},{"not_picked":["Get_Hopes_Up","Ignore"],"picked":"Serious_Punch","floor":8},{"not_picked":["BigBird","Wellcheers"],"picked":"GreedKing","floor":10},{"not_picked":["Yawn","Slap"],"picked":"Toss_Stone","floor":10},{"not_picked":["WallGazer","BeautyBeast"],"picked":"DespairKnight","floor":12},{"not_picked":["Hop","Yawn"],"picked":"Slap","floor":12},{"not_picked":["QueenOfHatred","RedShoes"],"picked":"Scarecrow","floor":13},{"not_picked":["Side_Hop","Hop","Do_Nothing"],"picked":"SKIP","floor":13},{"not_picked":["BlueStar","CrumblingArmor"],"picked":"CherryBlossoms","floor":14},{"not_picked":["Yawn","Side_Hop"],"picked":"Consecutive_Normal_Punch","floor":14},{"not_picked":["Porccubus","VoidDream","HappyTeddy"],"picked":"Singing Bowl","floor":16},{"not_picked":["Get_Hopes_Up","Hip_Strike"],"picked":"Serious_Punch","floor":16},{"not_picked":["OldLady","SpiderBud","Wellcheers"],"picked":"Singing Bowl","floor":18},{"not_picked":["Do_Nothing","Hop","Side_Hop"],"picked":"SKIP","floor":18},{"not_picked":["Scorched","BlackArmy","SpiderBud"],"picked":"Singing Bowl","floor":20},{"not_picked":["NothingThere","RedShoes"],"picked":"BodiesMountain","floor":20},{"not_picked":["Do_Nothing+1","Consecutive_Normal_Punch","Toss_Stone"],"picked":"SKIP","floor":20},{"not_picked":["Do_Nothing+1","Toss_Stone"],"picked":"Consecutive_Normal_Punch","floor":20},{"not_picked":["BeautyBeast","HappyTeddy","OldLady"],"picked":"Singing Bowl","floor":21},{"not_picked":["PunishingBird","HappyTeddy"],"picked":"LittlePrince","floor":21},{"not_picked":["Side_Hop+1","Consecutive_Normal_Punch"],"picked":"Slap","floor":21},{"not_picked":["LaLuna","Murderer","CrumblingArmor"],"picked":"Singing Bowl","floor":23},{"not_picked":["WallGazer","VoidDream"],"picked":"MeatLantern","floor":23},{"not_picked":["Yawn","Do_Nothing+1","Hop"],"picked":"SKIP","floor":23},{"not_picked":["Yawn","Do_Nothing+1","Hop"],"picked":"SKIP","floor":23},{"not_picked":["SpiderBud","BlackSwan"],"picked":"Rudolta","floor":24},{"not_picked":["Yawn","Hop"],"picked":"Consecutive_Normal_Punch+1","floor":24},{"not_picked":["SingingMachine","HappyTeddy","BlackSwan"],"picked":"Singing Bowl","floor":25},{"not_picked":["Wear_Disguise+1","Yawn"],"picked":"Consecutive_Normal_Punch","floor":25},{"not_picked":["ShyLook","UniverseFragment","Laetitia"],"picked":"Singing Bowl","floor":27},{"not_picked":["Ignore","Side_Hop+1","Hop"],"picked":"SKIP","floor":27},{"not_picked":["SingingMachine","Woodsman"],"picked":"Yin","floor":29},{"not_picked":["Toss_Stone+1","Yawn"],"picked":"Normal_Punch","floor":29},{"not_picked":["Wear_Disguise+1","Side_Hop"],"picked":"Normal_Punch","floor":30},{"not_picked":["Serious_Side_Hops","Hop"],"picked":"Consecutive_Normal_Punch","floor":31},{"not_picked":["UniverseFragment","LittleHelper","OldLady"],"picked":"Singing Bowl","floor":33},{"not_picked":["SingingMachine","Mercenary"],"picked":"BigBadWolf","floor":33},{"not_picked":["Get_Hopes_Up","Terrifying_Presence"],"picked":"Hip_Strike","floor":33},{"not_picked":["OldLady","BigBird"],"picked":"DreamingCurrent","floor":35},{"not_picked":["Side_Hop+1","Do_Nothing"],"picked":"Slap","floor":35},{"not_picked":["LaLuna","FieryBird"],"picked":"SnowQueen","floor":36},{"not_picked":["Side_Hop","Hop+1","Yawn+1"],"picked":"SKIP","floor":36},{"not_picked":["SpiderBud","NakedNest","OldLady"],"picked":"Singing Bowl","floor":38},{"not_picked":["Mercenary","Wellcheers"],"picked":"HeroicMonk","floor":38},{"not_picked":["Do_Nothing+1","Ignore+1"],"picked":"Consecutive_Normal_Punch+1","floor":38},{"not_picked":["RedShoes","Laetitia"],"picked":"CENSORED","floor":39},{"not_picked":["Get_Hopes_Up","Side_Hop"],"picked":"Slap+1","floor":39},{"not_picked":["HappyTeddy","NothingThere","OldLady"],"picked":"Singing Bowl","floor":40},{"not_picked":["Ignore+1","Yawn+1"],"picked":"Toss_Stone","floor":40},{"not_picked":["LongBird","BeautyBeast","MHz"],"picked":"Singing Bowl","floor":41},{"not_picked":["QueenBee","Variant"],"picked":"PunishingBird","floor":41},{"not_picked":["Yawn+1","Hop"],"picked":"Toss_Stone","floor":41},{"not_picked":["WhitesApple","SpiderBud"],"picked":"FieryBird","floor":42},{"not_picked":["Yawn+1","Hop+1","Do_Nothing"],"picked":"SKIP","floor":42},{"not_picked":["Variant","Porccubus","NakedNest"],"picked":"Singing Bowl","floor":44},{"not_picked":["Hop+1","Side_Hop"],"picked":"Normal_Punch+1","floor":44},{"not_picked":["SingingMachine","NothingThere"],"picked":"MeltingLove","floor":45},{"not_picked":["Hop+1","Normal_Punch"],"picked":"Toss_Stone+1","floor":45},{"not_picked":["Yawn+1","Hop"],"picked":"Consecutive_Normal_Punch","floor":47},{"not_picked":["Wellcheers","BlackSwan","GalaxyChild"],"picked":"Singing Bowl","floor":48},{"not_picked":["Yawn","Side_Hop"],"picked":"Consecutive_Normal_Punch","floor":48},{"not_picked":["Variant","LongBird","SingingMachine"],"picked":"Singing Bowl","floor":54},{"not_picked":["Yawn","Do_Nothing+1"],"picked":"Toss_Stone+1","floor":54}],"player_experience":43809,"relics_obtained":[{"floor":6,"key":"Ancient Tea Set"},{"floor":8,"key":"ReplayTheSpireMod:TigerMarble"},{"floor":13,"key":"HollowMod:LifeEnderRelic"},{"floor":23,"key":"Grinning Jar"},{"floor":25,"key":"Bag of Preparation"},{"floor":26,"key":"Lantern"},{"floor":29,"key":"Replay:Bandana"},{"floor":40,"key":"Pet Ghost"},{"floor":42,"key":"Replay:Bottled Flurry"},{"floor":43,"key":"PreservedInsect"},{"floor":44,"key":"Peace Pipe"},{"floor":45,"key":"Orichalcum"},{"floor":47,"key":"MawBank"},{"floor":48,"key":"Old Coin"},{"floor":54,"key":"Replay:Accelerometer"}],"event_choices":[{"damage_healed":0,"gold_gain":0,"player_choice":"Donut","damage_taken":0,"max_hp_gain":5,"max_hp_loss":0,"event_name":"Big Fish","floor":15,"gold_loss":0},{"cards_removed":["Defend_Y"],"damage_healed":0,"gold_gain":0,"player_choice":"Offered Basic","damage_taken":0,"max_hp_gain":0,"max_hp_loss":0,"event_name":"Bonfire Elementals","floor":19,"gold_loss":0},{"damage_healed":0,"gold_gain":0,"player_choice":"Max HP","damage_taken":0,"max_hp_gain":0,"max_hp_loss":50,"event_name":"Winding Halls","floor":37,"gold_loss":0},{"damage_healed":0,"gold_gain":0,"player_choice":"Fight","damage_taken":0,"max_hp_gain":0,"max_hp_loss":0,"event_name":"Mysterious Sphere","floor":44,"gold_loss":0}],"is_beta":false,"boss_relics":[{"not_picked":["Replay:Grab Bag","Painkiller Herb"],"picked":"Philosopher\u0027s Stone"},{"not_picked":["ChewingGum","Black Star"],"picked":"Coffee Dripper"}],"items_purged_floors":[11,22,53],"is_endless":false,"potions_floor_spawned":[3,4,5,6,14,18,23,24,27,29,33,39,40,44,48,54],"ascension_level":3}}