{"host":"kabf61oc9jgfwufg","time":1609955253,"event":{"mods":["AchievementEnabler","Act Like it!","Aspiration","BaseMod","Conspire","GifTheSpireLib","Halation","HexUI Lib","Hubris","Infinite Spire","Minty Spire (QoL Compilation)","Quick Restart","Rare Cards Sparkle","Replay The Spire","Shop Mod","StSLib","Waifu the Spire"],"gold_per_floor":[111,111,36,36,36,63,63,75,101,113,133,33,49,59,59,59,59],"floor_reached":16,"playtime":488,"items_purged":["Strike_G","Defend_G"],"score":127,"play_id":"36ef23f2-948f-481d-86bb-13ff7cc1e917","local_time":"20210106174733","is_ascension_mode":false,"campfire_choices":[{"data":"Neutralize","floor":7,"key":"SMITH"},{"data":"Blur","floor":15,"key":"SMITH"}],"circlet_count":0,"master_deck":["Strike_G","Strike_G","Strike_G","Defend_G","Defend_G","Defend_G","Defend_G","Survivor","Neutralize+1","Footwork","Acrobatics","Blur+1"],"relics":["Ring of the Snake","NeowsBlessing","Potion Belt","Bronze Scales"],"acts_visited":["Exordium"],"potions_floor_usage":[16,16],"damage_taken":[{"damage":0,"enemies":"Small Slimes","floor":1,"turns":1},{"damage":0,"enemies":"Gremlin Nob","floor":6,"turns":1},{"damage":0,"enemies":"2 Louse","floor":8,"turns":1},{"damage":0,"enemies":"Cultist","floor":10,"turns":5},{"damage":0,"enemies":"2 Fungi Beasts","floor":11,"turns":6},{"damage":0,"enemies":"Large Slime","floor":13,"turns":11},{"damage":9,"enemies":"Looter","floor":14,"turns":4},{"damage":55,"enemies":"Slime Boss","floor":16,"turns":15}],"seed_played":"2737455228518127994","potions_obtained":[{"floor":1,"key":"SpeedPotion"},{"floor":10,"key":"EssenceOfSteel"},{"floor":13,"key":"Swift Potion"}],"is_trial":false,"path_per_floor":["M","?","$","?","?","E","R","M","T","M","M","$","M","M","R","B"],"character_chosen":"THE_SILENT","items_purchased":[],"campfire_rested":0,"item_purchase_floors":[],"current_hp_per_floor":[70,63,63,63,63,63,63,63,63,63,63,63,63,54,54,0,0],"gold":59,"neow_bonus":"THREE_ENEMY_KILL","is_daily":false,"chose_seed":false,"campfire_upgraded":2,"win_rate":0.0,"timestamp":1609955253,"path_taken":["M","?","$","?","?","E","R","M","T","M","M","$","M","M","R","BOSS"],"items_purchased_type":[],"build_version":"2020-12-22","purchased_purges":2,"victory":false,"max_hp_per_floor":[70,70,70,70,70,70,70,70,70,70,70,70,70,70,70,70,70],"card_choices":[{"not_picked":["Toxin Wave","Leg Sweep","ReplayTheSpireMod:Tripwire"],"picked":"SKIP","floor":1},{"not_picked":["Tactician","Slice","Quick Slash"],"picked":"SKIP","floor":6},{"not_picked":["Quick Slash","Poisoned Stab"],"picked":"Footwork","floor":8},{"not_picked":["ReplayTheSpireMod:The Works","Outmaneuver","Underhanded Strike"],"picked":"SKIP","floor":10},{"not_picked":["Dagger Throw","Well Laid Plans","Deadly Poison"],"picked":"SKIP","floor":11},{"not_picked":["Slice","Endless Agony"],"picked":"Acrobatics","floor":13},{"not_picked":["Blade Dance","Dagger Spray"],"picked":"Blur","floor":14}],"player_experience":52802,"relics_obtained":[{"floor":6,"key":"Potion Belt"},{"floor":9,"key":"Bronze Scales"}],"event_choices":[{"cards_removed":["Strike_G"],"damage_healed":0,"gold_gain":0,"player_choice":"Card Removal","damage_taken":7,"max_hp_gain":0,"max_hp_loss":0,"event_name":"Golden Wing","floor":2,"gold_loss":0}],"is_beta":false,"boss_relics":[],"items_purged_floors":[3,12],"is_endless":false,"potions_floor_spawned":[1,10,13],"killed_by":"Slime Boss","ascension_level":0}}