{"host":"ws4mzzemcqsz5e2k","time":1609925511,"event":{"mods":["ATMod(阿瑾Mod)","BaseMod","Colored Powertips","Minty Spire (QoL Compilation)","StSLib","没有小屋子和绿帽子啦"],"gold_per_floor":[109,109,124,144,144,144,157,157,157],"floor_reached":8,"playtime":270,"items_purged":[],"score":196,"play_id":"3fc19fb9-2e49-4d24-8d55-14f0e88ae4a5","local_time":"20210106173151","is_ascension_mode":true,"campfire_choices":[{"data":"Tactician","floor":6,"key":"SMITH"}],"circlet_count":0,"master_deck":["AscendersBane","Strike_G","Strike_G","Strike_G","Strike_G","Strike_G","Defend_G","Defend_G","Defend_G","Defend_G","Defend_G","Survivor","Neutralize","AT_FocusSwordFire+1","Acrobatics","Tactician+1"],"relics":["Ring of the Snake","AT_ATBox"],"acts_visited":["Exordium"],"potions_floor_usage":[],"damage_taken":[{"damage":2,"enemies":"2 Louse","floor":1,"turns":3},{"damage":19,"enemies":"Jaw Worm","floor":3,"turns":4},{"damage":6,"enemies":"Cultist","floor":4,"turns":4},{"damage":4,"enemies":"3 Louse","floor":7,"turns":5},{"damage":43,"enemies":"Lagavulin","floor":8,"turns":6}],"seed_played":"-3342233739087502666","potions_obtained":[],"is_trial":true,"path_per_floor":["M","?","M","M","?","R","M","E"],"character_chosen":"THE_SILENT","items_purchased":[],"campfire_rested":0,"item_purchase_floors":[],"current_hp_per_floor":[57,57,38,32,32,32,28,0,0],"gold":157,"neow_bonus":"","is_daily":false,"chose_seed":false,"campfire_upgraded":1,"win_rate":0.0,"timestamp":1609925511,"path_taken":["M","?","M","M","?","R","?","E"],"items_purchased_type":[],"build_version":"2020-12-22","purchased_purges":0,"victory":false,"max_hp_per_floor":[66,66,66,66,66,66,66,66,66],"card_choices":[{"not_picked":["Backflip","Dagger Throw"],"picked":"Acrobatics","floor":1},{"not_picked":["Backflip","Underhanded Strike"],"picked":"Tactician","floor":3},{"not_picked":["Expertise","AT_WomanClash","Bane"],"picked":"SKIP","floor":4},{"not_picked":["Dagger Throw","Deadly Poison","Dodge and Roll"],"picked":"SKIP","floor":7}],"player_experience":1424695,"relics_obtained":[],"event_choices":[{"damage_healed":0,"gold_gain":0,"player_choice":"Ignored","damage_taken":0,"max_hp_gain":0,"max_hp_loss":0,"event_name":"Liars Game","floor":2,"gold_loss":0},{"damage_healed":0,"gold_gain":0,"player_choice":"Upgraded","damage_taken":0,"max_hp_gain":0,"max_hp_loss":0,"event_name":"Upgrade Shrine","floor":5,"gold_loss":0,"cards_upgraded":["AT_FocusSwordFire"]}],"is_beta":false,"boss_relics":[],"items_purged_floors":[],"is_endless":true,"potions_floor_spawned":[],"killed_by":"Lagavulin","ascension_level":20}}