{"host":"hve1dyh1ly81yl9f","time":1609953665,"event":{"mods":["BaseMod","Colored Map","DeckTracker","Highlight Path","Keyboard Shortcuts","Minty Spire (QoL Compilation)","Permanent Neow","StSLib","SuperFastMode"],"gold_per_floor":[118,137,149,166,180,211,211,211,211],"floor_reached":8,"playtime":264,"items_purged":[],"score":60,"play_id":"d0fd4096-4b0f-4fe8-a514-3039466bc9e0","local_time":"20210107022105","is_ascension_mode":false,"campfire_choices":[],"circlet_count":0,"master_deck":["Strike_B","Strike_B","Strike_B","Strike_B","Defend_B","Defend_B","Defend_B","Defend_B","Zap","Dualcast","Clumsy","Stack","Aggregate","Ball Lightning","Rebound","Hologram","Scrape"],"relics":["Cracked Core","Pantograph"],"acts_visited":["Exordium"],"potions_floor_usage":[],"damage_taken":[{"damage":8,"enemies":"Small Slimes","floor":1,"turns":2},{"damage":6,"enemies":"Jaw Worm","floor":2,"turns":2},{"damage":10,"enemies":"Cultist","floor":3,"turns":4},{"damage":14,"enemies":"Lots of Slimes","floor":4,"turns":4},{"damage":10,"enemies":"Looter","floor":5,"turns":2},{"damage":33,"enemies":"Lagavulin","floor":6,"turns":7},{"damage":0,"enemies":"3 Sentries","floor":8,"turns":1}],"seed_played":"7108707375314418919","potions_obtained":[{"floor":2,"key":"ColorlessPotion"},{"floor":5,"key":"LiquidMemories"},{"floor":6,"key":"SkillPotion"}],"is_trial":false,"path_per_floor":["M","M","M","M","M","E","?","E"],"character_chosen":"DEFECT","items_purchased":[],"campfire_rested":0,"item_purchase_floors":[],"current_hp_per_floor":[81,75,65,51,41,8,8,8,8],"gold":211,"neow_bonus":"TWENTY_PERCENT_HP_BONUS","is_daily":false,"chose_seed":false,"campfire_upgraded":0,"win_rate":0.0,"timestamp":1609953665,"path_taken":["M","M","M","M","M","E","?","E"],"items_purchased_type":[],"build_version":"2020-12-22","purchased_purges":0,"victory":false,"max_hp_per_floor":[89,89,89,89,89,89,89,89,89],"card_choices":[{"not_picked":["Rip and Tear","Streamline"],"picked":"Stack","floor":1},{"not_picked":["Streamline","Compile Driver"],"picked":"Aggregate","floor":2},{"not_picked":["Cold Snap","White Noise"],"picked":"Ball Lightning","floor":3},{"not_picked":["Reinforced Body","Auto Shields"],"picked":"Rebound","floor":4},{"not_picked":["Melter","Auto Shields"],"picked":"Hologram","floor":5},{"not_picked":["Coolheaded","Conserve Battery"],"picked":"Scrape","floor":6}],"player_experience":283901,"relics_obtained":[{"floor":6,"key":"Pantograph"}],"event_choices":[{"damage_healed":0,"gold_gain":0,"player_choice":"Searched \u00270\u0027 times","damage_taken":0,"max_hp_gain":0,"max_hp_loss":0,"event_name":"Dead Adventurer","floor":7,"gold_loss":0}],"is_beta":false,"boss_relics":[],"items_purged_floors":[],"is_endless":false,"potions_floor_spawned":[2,5,6],"killed_by":"3 Sentries","ascension_level":0}}