{"host":"hve1dyh1ly81yl9f","time":1609953069,"event":{"mods":["BaseMod","Colored Map","DeckTracker","Highlight Path","Keyboard Shortcuts","Minty Spire (QoL Compilation)","Permanent Neow","StSLib","SuperFastMode"],"gold_per_floor":[362,372,391,471,471,471,471,542,596,596,615,656,706,731,731,731,731],"floor_reached":16,"playtime":347,"items_purged":[],"score":102,"play_id":"1827636c-d62b-463d-a452-6e2478dfa6cc","local_time":"20210107021109","is_ascension_mode":false,"campfire_choices":[{"floor":6.0,"key":"REST"},{"floor":10.0,"key":"REST"},{"floor":15,"key":"REST"}],"circlet_count":0,"master_deck":["Strike_B","Strike_B","Strike_B","Strike_B","Defend_B","Defend_B+1","Defend_B","Defend_B","Zap","Dualcast+1","Rebound","Beam Cell","Streamline","FTL","Gash"],"relics":["Cracked Core","Golden Idol","SsserpentHead","Blood Vial","War Paint"],"acts_visited":["Exordium"],"potions_floor_usage":[12,12,12,14,14,16,16],"damage_taken":[{"damage":3.0,"enemies":"Small Slimes","floor":1.0,"turns":2.0},{"damage":11.0,"enemies":"Jaw Worm","floor":2.0,"turns":2.0},{"damage":6.0,"enemies":"Cultist","floor":3.0,"turns":3.0},{"damage":16.0,"enemies":"2 Fungi Beasts","floor":8.0,"turns":3.0},{"damage":23.0,"enemies":"Large Slime","floor":11.0,"turns":4.0},{"damage":34,"enemies":"3 Sentries","floor":12,"turns":7},{"damage":4,"enemies":"Blue Slaver","floor":14,"turns":3},{"damage":45,"enemies":"Hexaghost","floor":16,"turns":7}],"seed_played":"-6715783139874495733","potions_obtained":[{"floor":3.0,"key":"ColorlessPotion"},{"floor":8.0,"key":"EntropicBrew"},{"floor":14,"key":"Strength Potion"}],"is_trial":false,"path_per_floor":["M","M","M","?","?","R","?","M","T","R","M","E","?","M","R","B"],"character_chosen":"DEFECT","items_purchased":[],"campfire_rested":3,"item_purchase_floors":[],"current_hp_per_floor":[65,54,48,48,31,51,51,35,35,55,34,2,2,20,40,0,0],"gold":731,"neow_bonus":"TWO_FIFTY_GOLD","is_daily":false,"chose_seed":false,"campfire_upgraded":0,"win_rate":0.0,"timestamp":1609953069,"path_taken":["M","M","M","?","?","R","?","?","T","R","M","E","?","M","R","BOSS"],"items_purchased_type":[],"build_version":"2020-12-22","purchased_purges":0,"victory":false,"max_hp_per_floor":[68,68,68,68,68,68,68,68,68,68,68,68,68,68,68,68,68],"card_choices":[{"not_picked":["Chaos","Go for the Eyes"],"picked":"Rebound","floor":1.0},{"not_picked":["Stack","Storm"],"picked":"Beam Cell","floor":2.0},{"not_picked":["Redo","Tempest"],"picked":"Streamline","floor":3.0},{"not_picked":["Streamline","Capacitor","Fusion"],"picked":"SKIP","floor":8.0},{"not_picked":["Beam Cell","Hello World"],"picked":"FTL","floor":11.0},{"not_picked":["Electrodynamics","Chaos","Heatsinks"],"picked":"SKIP","floor":12},{"not_picked":["Coolheaded","Turbo"],"picked":"Gash","floor":14}],"player_experience":283243,"relics_obtained":[{"floor":9.0,"key":"Blood Vial"},{"floor":12,"key":"War Paint"}],"event_choices":[{"damage_healed":0.0,"max_hp_gain":0.0,"max_hp_loss":0.0,"gold_gain":80.0,"event_name":"Golden Wing","player_choice":"Gained Gold","floor":4.0,"gold_loss":0.0,"damage_taken":0.0},{"damage_healed":0.0,"max_hp_gain":0.0,"max_hp_loss":0.0,"gold_gain":0.0,"event_name":"Golden Idol","player_choice":"Take Damage","floor":5.0,"gold_loss":0.0,"damage_taken":17.0,"relics_obtained":["Golden Idol"]},{"damage_healed":0.0,"max_hp_gain":0.0,"max_hp_loss":0.0,"gold_gain":0.0,"event_name":"FaceTrader","player_choice":"Trade","floor":7.0,"gold_loss":0.0,"damage_taken":0.0,"relics_obtained":["SsserpentHead"]},{"damage_healed":0,"gold_gain":0,"player_choice":"Searched \u00270\u0027 times","damage_taken":0,"max_hp_gain":0,"max_hp_loss":0,"event_name":"Dead Adventurer","floor":13,"gold_loss":0}],"is_beta":false,"boss_relics":[],"items_purged_floors":[],"is_endless":false,"potions_floor_spawned":[3,8,14],"killed_by":"Hexaghost","ascension_level":0}}