{"host":"8oad2sh1i7kph5eo","time":1609921542,"event":{"mods":["AchievementEnabler","BaseMod","Minty Spire (QoL Compilation)","Spicy Shops","StSLib","The Bladedancer","The Hierophant","The Poker Player","The Wild Card"],"gold_per_floor":[111,125,144,157,157,157,157,157,184,184,184,218,234,249,249,377,377,392,411,432,470,483,483,483,483,535,566,578,374,374,417,417,417,417,417],"floor_reached":33,"playtime":21040,"items_purged":["Writhe"],"score":257,"play_id":"8371336e-85f6-461e-95e4-62cd3538c7d2","local_time":"20210106002542","is_ascension_mode":false,"metric_token":594,"campfire_choices":[{"data":"PokerPlayerMod:TrumpStrike","floor":6,"key":"SMITH"},{"data":"PokerPlayerMod:Spade1","floor":8,"key":"SMITH"},{"data":"PokerPlayerMod:Spade2","floor":11,"key":"SMITH"},{"data":"PokerPlayerMod:Diamond2","floor":15,"key":"SMITH"},{"floor":23,"key":"REST"},{"data":"PokerPlayerMod:DiamondStrike","floor":25,"key":"SMITH"},{"data":"PokerPlayerMod:Club2","floor":28,"key":"SMITH"},{"floor":30,"key":"REST"},{"floor":32,"key":"REST"}],"circlet_count":0,"master_deck":["PokerPlayerMod:Diamond3","PokerPlayerMod:Diamond3","PokerPlayerMod:Diamond4","PokerPlayerMod:Diamond5","PokerPlayerMod:Spade3","PokerPlayerMod:Spade3","PokerPlayerMod:Spade3","PokerPlayerMod:Spade4","PokerPlayerMod:Club2","PokerPlayerMod:Heart2","PokerPlayerMod:TrumpStrike+1","PokerPlayerMod:BadJoker","PokerPlayerMod:Mulligan","PokerPlayerMod:SecretDealer","PokerPlayerMod:Manipulation","PokerPlayerMod:Fold","PokerPlayerMod:Heart2","PokerPlayerMod:HiddenCard","PokerPlayerMod:Club3","PokerPlayerMod:Club3","PokerPlayerMod:Club5","PokerPlayerMod:Club6","PokerPlayerMod:Configure","PokerPlayerMod:FillThePot","PokerPlayerMod:Diamond3","PokerPlayerMod:Duplicate","PokerPlayerMod:SecondChance+1","PokerPlayerMod:DiamondStrike+1","PokerPlayerMod:ClubStrike","PokerPlayerMod:Sharpen"],"relics":["PokerPlayerMod:DeckCase","Golden Idol","Happy Flower","Odd Mushroom","Empty Cage","Red Mask","MawBank","Molten Egg 2","Regal Pillow"],"acts_visited":["Exordium","TheCity"],"potions_floor_usage":[21,33],"damage_taken":[{"damage":7,"enemies":"Jaw Worm","floor":1,"turns":2},{"damage":0,"enemies":"2 Louse","floor":2,"turns":1},{"damage":0,"enemies":"Small Slimes","floor":3,"turns":3},{"damage":0,"enemies":"Gremlin Gang","floor":4,"turns":3},{"damage":3,"enemies":"The Mushroom Lair","floor":12,"turns":3},{"damage":10,"enemies":"Looter","floor":13,"turns":4},{"damage":0,"enemies":"2 Fungi Beasts","floor":14,"turns":1},{"damage":6,"enemies":"Slime Boss","floor":16,"turns":8},{"damage":10,"enemies":"Chosen","floor":18,"turns":4},{"damage":12,"enemies":"Shell Parasite","floor":19,"turns":4},{"damage":35,"enemies":"Centurion and Healer","floor":20,"turns":10},{"damage":4,"enemies":"Masked Bandits","floor":21,"turns":4},{"damage":28,"enemies":"3 Cultists","floor":22,"turns":5},{"damage":15,"enemies":"Snake Plant","floor":27,"turns":3},{"damage":23,"enemies":"Gremlin Leader","floor":31,"turns":6},{"damage":45,"enemies":"Collector","floor":33,"turns":9}],"seed_played":"-3356269752104904424","potions_obtained":[{"floor":3,"key":"FairyPotion"},{"floor":12,"key":"GamblersBrew"},{"floor":18,"key":"Explosive Potion"},{"floor":22,"key":"BlessingOfTheForge"},{"floor":27,"key":"DuplicationPotion"}],"is_trial":false,"path_per_floor":["M","M","M","M","?","R","?","R","T","?","R","?","M","M","R","B",null,"M","M","M","?","M","R","?","R","T","M","R","$","R","E","R","B"],"character_chosen":"THE_POKER_PLAYER","items_purchased":["Molten Egg 2","PokerPlayerMod:Sharpen"],"campfire_rested":3,"item_purchase_floors":[29,29],"current_hp_per_floor":[48,48,48,52,52,52,39,39,39,39,39,36,35,35,35,36,52,42,39,11,7,8,23,23,23,23,8,8,8,23,4,34,0,0,0],"gold":417,"neow_bonus":"ONE_RANDOM_RARE_CARD","is_daily":false,"chose_seed":false,"campfire_upgraded":6,"win_rate":0.0,"timestamp":1609921542,"path_taken":["M","M","M","M","?","R","?","R","T","?","R","?","?","M","R","BOSS","M","M","M","?","M","R","?","R","T","?","R","$","R","E","R","BOSS"],"items_purchased_type":["Relic","Card"],"build_version":"2020-12-22","purchased_purges":1,"victory":false,"max_hp_per_floor":[52,52,52,52,52,52,52,52,52,52,52,52,52,52,52,52,52,52,52,52,52,52,52,52,52,52,52,52,52,52,52,52,52,52,52],"card_choices":[{"not_picked":["PokerPlayerMod:DartThrow","PokerPlayerMod:Diamond7"],"picked":"PokerPlayerMod:Manipulation","floor":1},{"not_picked":["PokerPlayerMod:Club1","PokerPlayerMod:SecondChance"],"picked":"PokerPlayerMod:Fold","floor":2},{"not_picked":["PokerPlayerMod:Club2","PokerPlayerMod:Diamond4"],"picked":"PokerPlayerMod:Heart2","floor":3},{"not_picked":["PokerPlayerMod:Club4","PokerPlayerMod:Diamond3"],"picked":"PokerPlayerMod:HiddenCard","floor":4},{"not_picked":["PokerPlayerMod:Heart2","PokerPlayerMod:Spade3"],"picked":"PokerPlayerMod:Configure","floor":12},{"not_picked":["PokerPlayerMod:DartThrow","PokerPlayerMod:CardBurn"],"picked":"PokerPlayerMod:FillThePot","floor":13},{"not_picked":["PokerPlayerMod:Diamond9","PokerPlayerMod:Heart2"],"picked":"PokerPlayerMod:Diamond3","floor":14},{"not_picked":["PokerPlayerMod:ChangeRules","PokerPlayerMod:Heart10+"],"picked":"PokerPlayerMod:Duplicate","floor":16},{"not_picked":["PokerPlayerMod:Heart4","PokerPlayerMod:Fold","PokerPlayerMod:HotShotCut+1"],"picked":"SKIP","floor":18},{"not_picked":["PokerPlayerMod:Spade10+","PokerPlayerMod:Heart4","PokerPlayerMod:DartThrow"],"picked":"SKIP","floor":19},{"not_picked":["PokerPlayerMod:Spade2","PokerPlayerMod:DartThrow"],"picked":"PokerPlayerMod:SecondChance+1","floor":20},{"not_picked":["PokerPlayerMod:Diamond2","PokerPlayerMod:Configure"],"picked":"PokerPlayerMod:DiamondStrike","floor":21},{"not_picked":["PokerPlayerMod:Configure","PokerPlayerMod:PoorCopy+1"],"picked":"PokerPlayerMod:ClubStrike","floor":22},{"not_picked":["PokerPlayerMod:Diamond4","PokerPlayerMod:Fold+1","PokerPlayerMod:DartThrow+1"],"picked":"SKIP","floor":27},{"not_picked":["PokerPlayerMod:DartThrow+1","PokerPlayerMod:ClubsClub+1","PokerPlayerMod:HotShotCut+1"],"picked":"SKIP","floor":31}],"player_experience":273667,"relics_obtained":[{"floor":9,"key":"Happy Flower"},{"floor":12,"key":"Odd Mushroom"},{"floor":21,"key":"Red Mask"},{"floor":26,"key":"MawBank"},{"floor":31,"key":"Regal Pillow"}],"event_choices":[{"damage_healed":0,"gold_gain":0,"player_choice":"Jackpot","damage_taken":0,"max_hp_gain":0,"max_hp_loss":0,"event_name":"PokerPlayerMod:ExordiumClub","floor":5,"gold_loss":0,"cards_obtained":["PokerPlayerMod:Club2","PokerPlayerMod:Club3","PokerPlayerMod:Club4","PokerPlayerMod:Club5","PokerPlayerMod:Club6"]},{"damage_healed":0,"gold_gain":0,"player_choice":"Jackpot","damage_taken":0,"max_hp_gain":0,"max_hp_loss":0,"event_name":"PokerPlayerMod:ExordiumClub","floor":5,"gold_loss":0,"cards_obtained":["PokerPlayerMod:Club2","PokerPlayerMod:Club3","PokerPlayerMod:Club4","PokerPlayerMod:Club5","PokerPlayerMod:Club6"]},{"damage_healed":0,"gold_gain":0,"player_choice":"Jackpot","damage_taken":0,"max_hp_gain":0,"max_hp_loss":0,"event_name":"PokerPlayerMod:ExordiumClub","floor":5,"gold_loss":0,"cards_obtained":["PokerPlayerMod:Club2","PokerPlayerMod:Club3","PokerPlayerMod:Club4","PokerPlayerMod:Club5","PokerPlayerMod:Club6"]},{"damage_healed":0,"gold_gain":0,"player_choice":"Jackpot","damage_taken":0,"max_hp_gain":0,"max_hp_loss":0,"event_name":"PokerPlayerMod:ExordiumClub","floor":5,"gold_loss":0,"cards_obtained":["PokerPlayerMod:Club2","PokerPlayerMod:Club3","PokerPlayerMod:Club4","PokerPlayerMod:Club5","PokerPlayerMod:Club6"]},{"damage_healed":0,"gold_gain":0,"player_choice":"Jackpot","damage_taken":0,"max_hp_gain":0,"max_hp_loss":0,"event_name":"PokerPlayerMod:ExordiumClub","floor":5,"gold_loss":0,"cards_obtained":["PokerPlayerMod:Club2","PokerPlayerMod:Club3","PokerPlayerMod:Club4","PokerPlayerMod:Club5","PokerPlayerMod:Club6"]},{"damage_healed":0,"gold_gain":0,"player_choice":"Take Damage","damage_taken":13,"relics_obtained":["Golden Idol"],"max_hp_gain":0,"max_hp_loss":0,"event_name":"Golden Idol","floor":7,"gold_loss":0},{"damage_healed":0,"gold_gain":0,"player_choice":"Grow","damage_taken":0,"max_hp_gain":0,"max_hp_loss":0,"event_name":"Living Wall","floor":10,"gold_loss":0,"cards_upgraded":["PokerPlayerMod:Spade3"]},{"damage_healed":0,"gold_gain":0,"player_choice":"Fought Mushrooms","damage_taken":0,"max_hp_gain":0,"max_hp_loss":0,"event_name":"Mushrooms","floor":12,"gold_loss":0},{"damage_healed":0,"gold_gain":0,"player_choice":"Fought Bandits","damage_taken":0,"max_hp_gain":0,"max_hp_loss":0,"event_name":"Masked Bandits","floor":21,"gold_loss":0},{"cards_removed":["PokerPlayerMod:Diamond1"],"damage_healed":0,"gold_gain":0,"player_choice":"Purged","damage_taken":0,"max_hp_gain":0,"max_hp_loss":0,"event_name":"Purifier","floor":24,"gold_loss":0}],"is_beta":false,"boss_relics":[{"not_picked":["Velvet Choker","Sozu"],"picked":"Empty Cage"}],"items_purged_floors":[29],"is_endless":false,"potions_floor_spawned":[3,12,18,22,27],"killed_by":"Collector","ascension_level":0}}