{"host":"byfc0n0a1d7t61kp","time":1609943042,"event":{"mods":["BaseMod","Bestiary","Better Third Choice","BetterRewards","Colored Powertips","Conspire","Curses Come First","Downfall","Evolution","Hubris","Infinite Spire","Minty Spire (QoL Compilation)","Quick Restart","Replay The Spire","Shop Mod","Spicy Shops","StSLib","Synergy Search"],"gold_per_floor":[117,137,137,164,164,164,175,27,27,27,0,16,32,58,58,161,161,171,171,171,171,190,190,132,163,186,186,186,186,186,200,200,301,301,313,70,84,104,104,135,155,155,155,166,0,20,20,40,40,40],"floor_reached":51,"playtime":14649,"items_purged":["Regret"],"score":948,"play_id":"1cffca8c-8035-4ef6-95aa-b6a220478d72","local_time":"20210106152402","is_ascension_mode":true,"campfire_choices":[{"data":"infinitespire:SevenWalls","floor":6.0,"key":"SMITH"},{"floor":10.0,"key":"REST"},{"floor":15.0,"key":"DIG"},{"data":"infinitespire:UltimateForm","floor":23.0,"key":"SMITH"},{"data":"Enlightenment","floor":27.0,"key":"SMITH"},{"data":"ReplayTheSpireMod:Dual Polarity","floor":29.0,"key":"SMITH"},{"floor":32.0,"key":"DIG"},{"floor":42,"key":"REST"},{"data":"infinitespire:FutureSight","floor":47,"key":"SMITH"},{"floor":49,"key":"REST"}],"circlet_count":0,"master_deck":["Sweeping Beam","Cold Snap","Rebound","Ball Lightning+1","Zap","Dualcast","Panache","Gash","Stack","infinitespire:SevenWalls+1","Cold Snap","Enlightenment+1","Gash","White Noise+1","ReplayTheSpireMod:Dual Polarity+1","Creative AI+1","ReplayTheSpireMod:Calculation Training","Hyperbeam+1","conspire:Rain","Conserve Battery","Chill+1","infinitespire:UltimateForm+1","Heatsinks+1","Clumsy","Sweeping Beam","Mirror Shield","Electrodynamics","Sweeping Beam+1","expansioncontent:QuickStudy","Compile Driver+1","Gash","Panic Button+1","infinitespire:FutureSight+1","Hologram","Stack+1","Stack+1","Streamline","Redo","Leap+1"],"relics":["Cracked Core","EVO:Axolotl","Oddly Smooth Stone","Bag of Preparation","Gremlin Food","Girya","Replay:Bottled Steam","Pandora\u0027s Box","hubris:Towel","infinitespire:CursedDice","Blood Vial","conspire:IceCreamScoop","DataDisk","hubris:Icosahedron","White Beast Statue","hubris:Backtick","Membership Card","Prayer Wheel","Regal Pillow","hubris:64BitClover","infinitespire:FocusingShard","Red Mask"],"acts_visited":["Exordium","TheCity","TheBeyond"],"potions_floor_usage":[38,41,44,48,50,50],"damage_taken":[{"damage":3.0,"enemies":"Small Slimes","floor":1.0,"turns":2.0},{"damage":5.0,"enemies":"Jaw Worm","floor":2.0,"turns":2.0},{"damage":0.0,"enemies":"2 Louse","floor":7.0,"turns":3.0},{"damage":2.0,"enemies":"Large Slime","floor":12.0,"turns":3.0},{"damage":6.0,"enemies":"2 Fungi Beasts","floor":13.0,"turns":2.0},{"damage":0.0,"enemies":"conspire:MimicChest","floor":14.0,"turns":6.0},{"damage":2.0,"enemies":"Slime Boss","floor":16.0,"turns":10.0},{"damage":0.0,"enemies":"Chosen","floor":18.0,"turns":3.0},{"damage":15.0,"enemies":"Shell Parasite","floor":22.0,"turns":5.0},{"damage":14.0,"enemies":"Gremlin Leader","floor":25.0,"turns":6.0},{"damage":15.0,"enemies":"Cultist and Chosen","floor":31.0,"turns":6.0},{"damage":72,"enemies":"Champ","floor":33,"turns":11},{"damage":39,"enemies":"3 Darklings","floor":35,"turns":3},{"damage":7,"enemies":"3 Shapes","floor":37,"turns":5},{"damage":21,"enemies":"Maw","floor":38,"turns":9},{"damage":0,"enemies":"R_Hoarder","floor":40,"turns":14},{"damage":12,"enemies":"Jaw Worm Horde","floor":41,"turns":3},{"damage":15,"enemies":"Sphere and 2 Shapes","floor":44,"turns":5},{"damage":22,"enemies":"Transient","floor":46,"turns":5},{"damage":26,"enemies":"Jaw Worm Horde","floor":48,"turns":3},{"damage":21,"enemies":"Replay:Hell Engine","floor":50,"turns":16}],"seed_played":"-5540514395391820976","potions_obtained":[{"floor":7.0,"key":"Adrenaline Potion"},{"floor":13.0,"key":"Adrenaline Potion"},{"floor":16.0,"key":"CultistPotion"},{"floor":31.0,"key":"Dexterity Potion"},{"floor":35,"key":"BlessingOfTheForge"},{"floor":38,"key":"SmokeBomb"},{"floor":40,"key":"champ:CounterPotion"},{"floor":41,"key":"PowerPotion"},{"floor":44,"key":"Elixir"},{"floor":46,"key":"infinitespire:BlackPotion"},{"floor":48,"key":"Toxic Potion"}],"is_trial":false,"path_per_floor":["M","M","?","T","?","R","M","$","T","R","?","M","M","?","R","B",null,"M","?","?","AVR","M","R","$","E","T","R","?","R","?","M","R","B",null,"M","$","M","M","AVR","E","M","R","T","M","?","M","R","M","R","B",null],"character_chosen":"DEFECT","items_purchased":["Panache","Gremlin Food","Blood Vial","expansioncontent:QuickStudy"],"campfire_rested":3,"item_purchase_floors":[0,8,24,36],"current_hp_per_floor":[65,60,42,42,42,42,42,42,42,64,70,68,62,62,62,60,76,76,76,76,76,61,61,61,49,49,49,49,49,49,36,36,9,63,26,26,21,2,2,4,29,68,68,55,55,35,35,11,50,31],"gold":40,"neow_bonus":"","is_daily":false,"chose_seed":false,"campfire_upgraded":5,"win_rate":0.0,"timestamp":1609943042,"path_taken":["M","M","?","?","?","R","M","$","T","R","?","M","M","?","R","BOSS","M","?","?","AVR","M","R","$","E","T","R","?","R","?","M","R","BOSS","M","$","M","?","AVR","E","M","R","T","M","?","M","R","M","R","BOSS"],"items_purchased_type":["Card","Relic","Relic","Card"],"build_version":"2020-12-22","purchased_purges":1,"victory":true,"max_hp_per_floor":[75,75,75,75,75,75,75,75,75,75,81,81,81,81,81,81,81,81,81,81,81,81,81,81,81,81,81,81,81,81,81,81,81,81,81,81,81,81,81,81,81,81,81,81,81,81,81,81,81,81],"card_choices":[{"not_picked":["ReplayTheSpireMod:Calculation Training","Heatsinks"],"picked":"Gash","floor":1.0},{"not_picked":["Panic Button","Steam"],"picked":"Stack","floor":2.0},{"not_picked":["infinitespire:Gouge","Replay:Fractal Strike"],"picked":"infinitespire:SevenWalls","floor":3.0},{"not_picked":["Coolheaded","ReplaySort"],"picked":"Cold Snap","floor":7.0},{"not_picked":["Cold Snap","ReplaySort"],"picked":"Gash","floor":12.0},{"not_picked":["Time Bomb","Panic Button"],"picked":"White Noise","floor":13.0},{"not_picked":["ReplayTheSpireMod:Repulse","Beam Cell"],"picked":"ReplayTheSpireMod:Dual Polarity","floor":14.0},{"not_picked":["Core Surge","Biased Cognition"],"picked":"Creative AI","floor":16.0},{"not_picked":["Rip and Tear+1","Cold Snap+1"],"picked":"Chill+1","floor":18.0},{"not_picked":["Time Bomb","Double Energy+1"],"picked":"Heatsinks+1","floor":22.0},{"not_picked":["Time Bomb+1","Beam Cell"],"picked":"Sweeping Beam","floor":25.0},{"not_picked":["Ball Lightning","Coolheaded"],"picked":"Mirror Shield","floor":31.0},{"not_picked":["All For One","hubris:SpecializedCircuitry"],"picked":"Electrodynamics","floor":33},{"not_picked":["BasicCrystalCard","Coolheaded"],"picked":"Sweeping Beam+1","floor":35},{"not_picked":["Sweeping Beam+1","Redo"],"picked":"Compile Driver+1","floor":37},{"not_picked":["Ball Lightning+1","conspire:Rain"],"picked":"Gash","floor":38},{"not_picked":["Rebound+1","Steam Power"],"picked":"Panic Button+1","floor":38},{"not_picked":["ReplayTheSpireMod:Calculation Training+1","Thunder Strike","Barrage"],"picked":"SKIP","floor":40},{"not_picked":["Force Field","Steam+1"],"picked":"Hologram","floor":41},{"not_picked":["Barrage","Static Discharge","Turbo"],"picked":"SKIP","floor":41},{"not_picked":["Mirror Shield","Self Repair"],"picked":"Stack+1","floor":44},{"not_picked":["Crystallizer+1","Blizzard","ReplayTheSpireMod:Reroute Power"],"picked":"SKIP","floor":44},{"not_picked":["Panic Button+1","Double Energy+1"],"picked":"Stack+1","floor":46},{"not_picked":["Leap","Cold Snap"],"picked":"Streamline","floor":46},{"not_picked":["Self Repair","Echo Form"],"picked":"Redo","floor":48},{"not_picked":["Turbo+1","Sweeping Beam"],"picked":"Leap+1","floor":48}],"player_experience":331533,"relics_obtained":[{"floor":4.0,"key":"Oddly Smooth Stone"},{"floor":9.0,"key":"Girya"},{"floor":15.0,"key":"Replay:Bottled Steam"},{"floor":25.0,"key":"conspire:IceCreamScoop"},{"floor":26.0,"key":"DataDisk"},{"floor":32.0,"key":"White Beast Statue"},{"floor":40,"key":"hubris:64BitClover"},{"floor":43,"key":"infinitespire:FocusingShard"}],"event_choices":[{"damage_healed":0.0,"max_hp_gain":0.0,"max_hp_loss":0.0,"gold_gain":0.0,"event_name":"Big Fish","player_choice":"Box","floor":5.0,"gold_loss":0.0,"damage_taken":0.0,"relics_obtained":["Bag of Preparation"],"cards_obtained":["Regret"]},{"damage_healed":0.0,"max_hp_gain":0.0,"max_hp_loss":0.0,"gold_gain":0.0,"event_name":"betterThird:BetterSerpent","player_choice":"RENOUNCE","floor":11.0,"gold_loss":27.0,"damage_taken":27.0,"cards_obtained":["Enlightenment"]},{"damage_healed":0.0,"max_hp_gain":0.0,"max_hp_loss":0.0,"gold_gain":0.0,"event_name":"Upgrade Shrine","player_choice":"Upgraded","floor":30.0,"gold_loss":0.0,"damage_taken":0.0,"cards_upgraded":["Creative AI"]},{"damage_healed":0,"gold_gain":0,"player_choice":"Paid","damage_taken":0,"relics_obtained":["Red Mask"],"max_hp_gain":0,"max_hp_loss":0,"event_name":"Tomb of Lord Red Mask","floor":45,"gold_loss":166}],"is_beta":false,"boss_relics":[{"not_picked":["ReplayTheSpireMod:DimensionalGlitch","Fusion Hammer"],"picked":"Pandora\u0027s Box"},{"not_picked":["Tiny House","Replay:Drink Me"],"picked":"hubris:Backtick"}],"items_purged_floors":[39],"is_endless":false,"potions_floor_spawned":[7,13,16,31,33,35,37,38,40,41,44,46,48],"ascension_level":6}}