{"host":"c6u7e77myxvw4d0m","time":1609912905,"event":{"mods":["AchievementEnabler","BaseMod","Colored Map","Colored Powertips","Minty Spire (QoL Compilation)","Rare Cards Sparkle","Relic Stats","everything is the same but u backflip on backflip"],"gold_per_floor":[115,130,149,168,17,17,52,52,52,52,71,101,112,140,140,242,242,261,278,278,57,73,104,104,139,165,165,177,203,220,232,232,335,335,346,362,374,391,401,430,232,248,248,273,273,291,291,23,23,23],"floor_reached":51,"playtime":5481,"items_purged":["Strike_G","Strike_G","Strike_G"],"score":1121,"play_id":"1c2488bc-ef04-4c38-b776-24ba7ccce419","local_time":"20210106080145","is_ascension_mode":true,"campfire_choices":[{"data":"Crippling Poison","floor":6.0,"key":"SMITH"},{"data":"Bane","floor":8.0,"key":"SMITH"},{"data":"Wraith Form v2","floor":10.0,"key":"SMITH"},{"data":"Poisoned Stab","floor":15.0,"key":"SMITH"},{"data":"Noxious Fumes","floor":24.0,"key":"SMITH"},{"data":"Caltrops","floor":27.0,"key":"SMITH"},{"floor":32.0,"key":"REST"},{"data":"A Thousand Cuts","floor":47,"key":"SMITH"},{"data":"Prepared","floor":49,"key":"SMITH"}],"circlet_count":0,"master_deck":["Strike_G","Strike_G+1","Defend_G","Defend_G","Defend_G","Defend_G","Defend_G","Survivor","Neutralize+1","CurseOfTheBell","Blur","Acrobatics","Crippling Poison+1","Bane+1","Prepared+1","Wraith Form v2+1","Backflip","Distraction","Caltrops+1","Poisoned Stab+1","Corpse Explosion","Flying Knee+1","Noxious Fumes+1","Deadly Poison+1","Wraith Form v2+1","PiercingWail+1","Tactician+1","A Thousand Cuts+1","PiercingWail","Deadly Poison+1","Leg Sweep+1","Outmaneuver","PiercingWail","Sucker Punch+1","Outmaneuver+1","Caltrops+1","PiercingWail+1","Escape Plan+1","Blur+1","Prepared"],"relics":["Calling Bell","Bag of Marbles","Matryoshka","Tingsha","Anchor","Bronze Scales","Pear","Bottled Lightning","HoveringKite","Blue Candle","Lantern","InkBottle","Centennial Puzzle","Whetstone","Blood Vial","StoneCalendar","Runic Pyramid","PreservedInsect","Bag of Preparation","Pen Nib","Orrery"],"acts_visited":["Exordium","TheCity","TheBeyond"],"potions_floor_usage":[50,50,50],"damage_taken":[{"damage":2.0,"enemies":"Small Slimes","floor":1.0,"turns":4.0},{"damage":0.0,"enemies":"Cultist","floor":2.0,"turns":5.0},{"damage":3.0,"enemies":"Jaw Worm","floor":3.0,"turns":5.0},{"damage":10.0,"enemies":"2 Fungi Beasts","floor":4.0,"turns":4.0},{"damage":17.0,"enemies":"3 Sentries","floor":7.0,"turns":9.0},{"damage":0.0,"enemies":"Blue Slaver","floor":11.0,"turns":2.0},{"damage":1.0,"enemies":"Gremlin Nob","floor":12.0,"turns":5.0},{"damage":0.0,"enemies":"Looter","floor":13.0,"turns":3.0},{"damage":0.0,"enemies":"3 Sentries","floor":14.0,"turns":4.0},{"damage":23.0,"enemies":"Slime Boss","floor":16.0,"turns":11.0},{"damage":5.0,"enemies":"Shell Parasite","floor":18.0,"turns":5.0},{"damage":1.0,"enemies":"2 Thieves","floor":19.0,"turns":3.0},{"damage":0.0,"enemies":"Cultist and Chosen","floor":22.0,"turns":4.0},{"damage":2.0,"enemies":"Slavers","floor":23.0,"turns":3.0},{"damage":17.0,"enemies":"Book of Stabbing","floor":25.0,"turns":5.0},{"damage":0.0,"enemies":"Centurion and Healer","floor":28.0,"turns":4.0},{"damage":10.0,"enemies":"Slavers","floor":29.0,"turns":4.0},{"damage":0.0,"enemies":"Snecko","floor":30.0,"turns":5.0},{"damage":0.0,"enemies":"Snake Plant","floor":31.0,"turns":4.0},{"damage":42.0,"enemies":"Collector","floor":33.0,"turns":8.0},{"damage":0.0,"enemies":"3 Darklings","floor":35.0,"turns":4.0},{"damage":3.0,"enemies":"3 Shapes","floor":36.0,"turns":4.0},{"damage":9.0,"enemies":"3 Darklings","floor":37.0,"turns":3.0},{"damage":0.0,"enemies":"Jaw Worm Horde","floor":38.0,"turns":4.0},{"damage":2.0,"enemies":"Maw","floor":39.0,"turns":8.0},{"damage":0.0,"enemies":"Nemesis","floor":40.0,"turns":7.0},{"damage":0.0,"enemies":"3 Darklings","floor":42.0,"turns":5.0},{"damage":12.0,"enemies":"Reptomancer","floor":44.0,"turns":5.0},{"damage":0,"enemies":"4 Shapes","floor":46,"turns":3},{"damage":55,"enemies":"Awakened One","floor":50,"turns":11}],"seed_played":"-6998747881436583878","potions_obtained":[{"floor":3.0,"key":"SmokeBomb"},{"floor":7.0,"key":"Fire Potion"},{"floor":11.0,"key":"Explosive Potion"},{"floor":18.0,"key":"GhostInAJar"},{"floor":19.0,"key":"PowerPotion"},{"floor":30.0,"key":"FearPotion"},{"floor":33.0,"key":"CultistPotion"},{"floor":36.0,"key":"SpeedPotion"},{"floor":39.0,"key":"Dexterity Potion"},{"floor":44,"key":"PowerPotion"}],"is_trial":false,"path_per_floor":["M","M","M","M","$","R","E","R","T","R","M","E","M","E","R","B",null,"M","M","?","$","M","E","R","E","T","R","M","E","M","M","R","B",null,"M","M","M","M","M","E","$","M","T","E","?","M","R","$","R","B",null],"character_chosen":"THE_SILENT","items_purchased":["Prepared","SkillPotion","Lantern","Noxious Fumes","Outmaneuver","PiercingWail","Orrery"],"campfire_rested":1,"item_purchase_floors":[5,5,21,21,41,41,48],"current_hp_per_floor":[61,61,58,48,48,48,31,31,31,31,31,40,40,40,40,17,64,59,58,58,58,58,56,56,39,39,39,41,33,35,37,61,21,65,67,66,59,61,61,63,63,65,65,55,55,57,57,57,57,4],"gold":23,"neow_bonus":"BOSS_RELIC","is_daily":false,"chose_seed":false,"campfire_upgraded":8,"win_rate":0.0,"timestamp":1609912905,"path_taken":["M","M","M","M","$","R","E","R","T","R","M","E","M","E","R","BOSS","M","M","?","$","M","E","R","E","T","R","M","E","M","M","R","BOSS","M","M","M","M","M","E","$","M","T","E","?","M","R","$","R","BOSS"],"items_purchased_type":["Card","Potion","Relic","Card","Card","Card","Relic"],"build_version":"2020-12-22","purchased_purges":3,"victory":true,"max_hp_per_floor":[70,70,70,70,70,70,70,70,70,70,70,80,80,80,80,80,80,80,80,80,80,80,80,80,80,80,80,80,80,80,80,80,80,80,80,80,80,80,80,80,80,80,80,80,80,80,80,80,80,80],"relic_stats":{"counters":[30,151],"Blue Candle":[2],"HoveringKite":[36],"Tingsha":[159],"StoneCalendar":[185],"PreservedInsect":60,"Pen Nib":[1],"Bag of Preparation":[6],"Whetstone":["Neutralize","Strike_G"],"Blood Vial":30,"Centennial Puzzle":[19],"Bronze Scales":[403],"obtain_stats":[{"Lantern":21,"Pear":12,"Blue Candle":20,"HoveringKite":17,"Tingsha":0,"StoneCalendar":29,"PreservedInsect":40,"Pen Nib":44,"Bag of Preparation":43,"Whetstone":26,"Calling Bell":0,"Blood Vial":26,"Anchor":7,"Centennial Puzzle":25,"Matryoshka":0,"Bronze Scales":9,"Orrery":48,"Bag of Marbles":0,"Bottled Lightning":14,"InkBottle":23,"Ring of the Snake":0,"Runic Pyramid":34},{"Lantern":12,"Pear":7,"Blue Candle":12,"HoveringKite":10,"Tingsha":0,"StoneCalendar":17,"PreservedInsect":26,"Pen Nib":28,"Bag of Preparation":27,"Whetstone":15,"Calling Bell":0,"Blood Vial":15,"Anchor":5,"Centennial Puzzle":15,"Matryoshka":0,"Bronze Scales":5,"Orrery":29,"Bag of Marbles":0,"Bottled Lightning":9,"InkBottle":14,"Ring of the Snake":0,"Runic Pyramid":20},{"Lantern":60,"Pear":34,"Blue Candle":60,"HoveringKite":52,"Tingsha":0,"StoneCalendar":80,"PreservedInsect":127,"Pen Nib":137,"Bag of Preparation":132,"Whetstone":72,"Calling Bell":0,"Blood Vial":72,"Anchor":27,"Centennial Puzzle":72,"Matryoshka":0,"Bronze Scales":27,"Orrery":140,"Bag of Marbles":0,"Bottled Lightning":41,"InkBottle":67,"Ring of the Snake":0,"Runic Pyramid":97}],"InkBottle":[27]},"card_choices":[{"not_picked":["Deflect","Outmaneuver"],"picked":"Blur","floor":1.0},{"not_picked":["Phantasmal Killer","Calculated Gamble"],"picked":"Acrobatics","floor":2.0},{"not_picked":["Caltrops","Escape Plan"],"picked":"Crippling Poison","floor":3.0},{"not_picked":["Blade Dance","Underhanded Strike"],"picked":"Bane","floor":4.0},{"not_picked":["Slice","Deflect"],"picked":"Wraith Form v2","floor":7.0},{"not_picked":["Skewer","Blade Dance"],"picked":"Backflip","floor":11.0},{"not_picked":["Heel Hook","Underhanded Strike"],"picked":"Distraction","floor":12.0},{"not_picked":["Dagger Throw","Outmaneuver"],"picked":"Caltrops","floor":13.0},{"not_picked":["Heel Hook","Acrobatics"],"picked":"Poisoned Stab","floor":14.0},{"not_picked":["After Image","Glass Knife"],"picked":"Corpse Explosion","floor":16.0},{"not_picked":["Backflip","Flying Knee","Quick Slash"],"picked":"SKIP","floor":18.0},{"not_picked":["Backflip","Poisoned Stab"],"picked":"Flying Knee+1","floor":19.0},{"not_picked":["Bane","Escape Plan","Flying Knee+1"],"picked":"SKIP","floor":22.0},{"not_picked":["Flying Knee","Acrobatics"],"picked":"Deadly Poison+1","floor":23.0},{"not_picked":["Dagger Throw","Underhanded Strike+1"],"picked":"Wraith Form v2","floor":25.0},{"not_picked":["Dagger Throw","Skewer+1","Backflip"],"picked":"SKIP","floor":28.0},{"not_picked":["Dagger Throw","Skewer+1","Backflip"],"picked":"SKIP","floor":28.0},{"not_picked":["Night Terror","Deflect+1"],"picked":"PiercingWail+1","floor":29.0},{"not_picked":["Cloak And Dagger","Dagger Throw"],"picked":"Tactician+1","floor":30.0},{"not_picked":["Cloak And Dagger","Skewer","Expertise+1"],"picked":"SKIP","floor":31.0},{"not_picked":["Cloak And Dagger","Skewer","Expertise+1"],"picked":"SKIP","floor":31.0},{"not_picked":["Bullet Time","Unload"],"picked":"A Thousand Cuts","floor":33.0},{"not_picked":["Acrobatics","Caltrops"],"picked":"PiercingWail","floor":35.0},{"not_picked":["Flying Knee+1","Blur+1"],"picked":"Deadly Poison+1","floor":36.0},{"not_picked":["Backflip","Deadly Poison+1","Crippling Poison"],"picked":"SKIP","floor":37.0},{"not_picked":["Heel Hook+1","Quick Slash","Riddle With Holes"],"picked":"SKIP","floor":38.0},{"not_picked":["Caltrops","Tactician","Backflip"],"picked":"SKIP","floor":39.0},{"not_picked":["Sucker Punch+1","Flying Knee"],"picked":"Leg Sweep+1","floor":40.0},{"not_picked":["Cloak And Dagger","Riddle With Holes+1"],"picked":"Sucker Punch+1","floor":42.0},{"not_picked":["Caltrops","Dodge and Roll"],"picked":"Outmaneuver+1","floor":44},{"not_picked":["Setup","Die Die Die"],"picked":"Caltrops+1","floor":46},{"not_picked":["Slice+1","Storm of Steel"],"picked":"PiercingWail+1","floor":48},{"not_picked":["Predator","Riddle With Holes"],"picked":"Escape Plan+1","floor":48},{"not_picked":["Acrobatics","Flying Knee"],"picked":"Blur+1","floor":48},{"not_picked":["Slice+1","Flying Knee+1"],"picked":"Prepared","floor":48}],"player_experience":259329,"relics_obtained":[{"floor":0.0,"key":"Bag of Marbles"},{"floor":0.0,"key":"Matryoshka"},{"floor":0.0,"key":"Tingsha"},{"floor":7.0,"key":"Anchor"},{"floor":9.0,"key":"Bronze Scales"},{"floor":12.0,"key":"Pear"},{"floor":14.0,"key":"Bottled Lightning"},{"floor":23.0,"key":"InkBottle"},{"floor":25.0,"key":"Centennial Puzzle"},{"floor":26.0,"key":"Whetstone"},{"floor":26.0,"key":"Blood Vial"},{"floor":29.0,"key":"StoneCalendar"},{"floor":40.0,"key":"PreservedInsect"},{"floor":43.0,"key":"Bag of Preparation"},{"floor":44,"key":"Pen Nib"}],"event_choices":[{"damage_healed":0.0,"max_hp_gain":0.0,"max_hp_loss":0.0,"gold_gain":0.0,"event_name":"The Mausoleum","player_choice":"Opened","floor":20.0,"gold_loss":0.0,"damage_taken":0.0,"relics_obtained":["Blue Candle"]},{"damage_healed":0,"gold_gain":0,"player_choice":"Forge","damage_taken":0,"max_hp_gain":0,"max_hp_loss":0,"event_name":"Accursed Blacksmith","floor":45,"gold_loss":0,"cards_upgraded":["Wraith Form v2"]}],"is_beta":false,"boss_relics":[{"not_picked":["Coffee Dripper","Black Star"],"picked":"HoveringKite"},{"not_picked":["Philosopher\u0027s Stone","Runic Dome"],"picked":"Runic Pyramid"}],"items_purged_floors":[5,41,48],"is_endless":false,"potions_floor_spawned":[3,7,11,12,18,19,22,30,33,36,39,42,44,46],"ascension_level":7}}