{"host":"kh6fvhxn285ncg0o","time":1609911582,"event":{"mods":["Act Like it!","BaseMod","Colored Map","Friendly Minions","Keyboard Shortcuts","Minty Spire (QoL Compilation)","Quick Restart","Relic Stats","StSLib","SuperFastMode"],"gold_per_floor":[112,130,144,163,175,200,200,200,200,200,230,244,574,554,554,627,627,642,657,669,594,30,64,64,91,146,175,175,188,3,23,23,102,102,118,118,118,138,183,183,214,233,233,245,145,171,96,131,131,131,131,131,131,6,36,36],"floor_reached":57,"playtime":2354,"items_purged":["Strike_R","Doubt","Strike_R"],"score":3265,"play_id":"1be0514f-2d0a-4709-a895-f068c643a982","local_time":"20210106143942","is_ascension_mode":true,"campfire_choices":[{"floor":7.0,"key":"REST"},{"floor":10.0,"key":"REST"},{"floor":15.0,"key":"REST"},{"floor":24.0,"key":"REST"},{"floor":32.0,"key":"RECALL"},{"floor":40.0,"key":"REST"},{"floor":49,"key":"REST"},{"floor":53,"key":"REST"}],"circlet_count":0,"master_deck":["AscendersBane","Strike_R","Defend_R","Defend_R","Defend_R","Defend_R","Bash","Shrug It Off","Hemokinesis","Carnage","Burning Pact","Disarm","Inflame","Shockwave","Immolate","Thunderclap+1","Fiend Fire","Evolve","Power Through","Offering","Apotheosis","Feed","Master of Strategy","Battle Trance+1","Second Wind","Pommel Strike"],"relics":["Fusion Hammer","Question Card","Bird Faced Urn","Shuriken","White Beast Statue","Old Coin","Cursed Key","FossilizedHelix","OrangePellets","Pocketwatch","Darkstone Periapt","Nunchaku","Snecko Eye","Incense Burner","Pen Nib","PreservedInsect","Bronze Scales","Mercury Hourglass"],"acts_visited":["Exordium","TheCity","TheBeyond","TheEnding"],"potions_floor_usage":[48,55,56,56],"damage_taken":[{"damage":1.0,"enemies":"Cultist","floor":1.0,"turns":4.0},{"damage":1.0,"enemies":"2 Louse","floor":2.0,"turns":3.0},{"damage":0.0,"enemies":"Small Slimes","floor":3.0,"turns":4.0},{"damage":13.0,"enemies":"Exordium Wildlife","floor":4.0,"turns":3.0},{"damage":8.0,"enemies":"Blue Slaver","floor":5.0,"turns":2.0},{"damage":21.0,"enemies":"3 Sentries","floor":6.0,"turns":8.0},{"damage":26.0,"enemies":"Gremlin Nob","floor":11.0,"turns":4.0},{"damage":6.0,"enemies":"Looter","floor":12.0,"turns":3.0},{"damage":10.0,"enemies":"Lagavulin","floor":13.0,"turns":5.0},{"damage":23.0,"enemies":"The Guardian","floor":16.0,"turns":13.0},{"damage":0.0,"enemies":"Chosen","floor":18.0,"turns":2.0},{"damage":2.0,"enemies":"3 Byrds","floor":19.0,"turns":3.0},{"damage":9.0,"enemies":"Centurion and Healer","floor":20.0,"turns":4.0},{"damage":16.0,"enemies":"Gremlin Leader","floor":23.0,"turns":4.0},{"damage":8.0,"enemies":"Book of Stabbing","floor":25.0,"turns":4.0},{"damage":5.0,"enemies":"Slavers","floor":27.0,"turns":3.0},{"damage":22.0,"enemies":"3 Cultists","floor":29.0,"turns":5.0},{"damage":0.0,"enemies":"Shelled Parasite and Fungi","floor":31.0,"turns":5.0},{"damage":7.0,"enemies":"Champ","floor":33.0,"turns":9.0},{"damage":4.0,"enemies":"3 Darklings","floor":35.0,"turns":4.0},{"damage":6.0,"enemies":"3 Shapes","floor":38.0,"turns":4.0},{"damage":18.0,"enemies":"2 Orb Walkers","floor":39.0,"turns":3.0},{"damage":6.0,"enemies":"Giant Head","floor":41.0,"turns":5.0},{"damage":0.0,"enemies":"Spire Growth","floor":42.0,"turns":4.0},{"damage":0.0,"enemies":"Sphere and 2 Shapes","floor":44.0,"turns":5.0},{"damage":6.0,"enemies":"Nemesis","floor":46.0,"turns":5.0},{"damage":10,"enemies":"Reptomancer","floor":48,"turns":4},{"damage":5,"enemies":"Awakened One","floor":50,"turns":10},{"damage":11,"enemies":"Donu and Deca","floor":51,"turns":6},{"damage":38,"enemies":"Shield and Spear","floor":55,"turns":7},{"damage":65,"enemies":"The Heart","floor":56,"turns":11}],"seed_played":"-6623688637334672247","potions_obtained":[{"floor":1.0,"key":"Ancient Potion"},{"floor":12.0,"key":"SteroidPotion"},{"floor":13.0,"key":"Strength Potion"},{"floor":14.0,"key":"GamblersBrew"},{"floor":16.0,"key":"SpeedPotion"},{"floor":18.0,"key":"Swift Potion"},{"floor":19.0,"key":"AttackPotion"},{"floor":20.0,"key":"BlessingOfTheForge"},{"floor":23.0,"key":"DistilledChaos"},{"floor":25.0,"key":"DistilledChaos"},{"floor":27.0,"key":"Energy Potion"},{"floor":29.0,"key":"LiquidBronze"},{"floor":33.0,"key":"Block Potion"},{"floor":35.0,"key":"SkillPotion"},{"floor":38.0,"key":"BlessingOfTheForge"},{"floor":39.0,"key":"EssenceOfSteel"},{"floor":44.0,"key":"FearPotion"},{"floor":48,"key":"Energy Potion"},{"floor":55,"key":"BlessingOfTheForge"}],"is_trial":false,"path_per_floor":["M","M","M","M","M","E","R","?","T","R","E","M","E","?","R","B",null,"M","M","M","?","$","E","R","E","T","E","?","M","$","M","R","B",null,"M","?","?","M","?","R","E","M","T","M","$","E","?","E","R","B","B",null,"R","$","E","B",null],"character_chosen":"IRONCLAD","items_purchased":["FossilizedHelix","OrangePellets","Apotheosis"],"campfire_rested":7,"item_purchase_floors":[22,22,30],"current_hp_per_floor":[67,66,66,53,45,24,46,41,41,63,37,31,23,23,45,24,62,64,64,57,57,57,45,67,61,67,66,66,48,48,52,52,49,73,77,77,67,66,56,82,84,92,92,100,100,100,100,98,108,103,98,109,112,112,82,19],"gold":36,"neow_bonus":"BOSS_RELIC","is_daily":false,"chose_seed":false,"campfire_upgraded":0,"win_rate":0.0,"timestamp":1609911582,"path_taken":["M","M","M","?","M","E","R","?","T","R","E","M","E","?","R","BOSS","M","M","?","?","$","E","R","E","T","E","?","M","$","M","R","BOSS","M","?","?","M","?","R","E","M","T","M","$","E","?","E","R","BOSS","BOSS","R","$","E","BOSS"],"items_purchased_type":["Relic","Relic","Card"],"build_version":"2020-12-22","purchased_purges":3,"victory":true,"max_hp_per_floor":[75,75,75,75,75,75,75,75,75,75,75,75,75,75,75,75,75,75,75,75,75,75,75,75,75,81,81,81,81,81,81,81,81,81,85,81,81,84,88,88,92,96,96,100,100,104,104,108,108,108,112,112,112,112,116,116],"relic_stats":{"Darkstone Periapt":6,"counters":[31,156],"Pen Nib":[10],"PreservedInsect":137,"Question Card":26,"Cursed Key":1,"Mercury Hourglass":[33],"OrangePellets":[24],"Nunchaku":[17],"Shuriken":[44],"Bird Faced Urn":[68],"Bronze Scales":[271],"Snecko Eye":[61,64,42,53],"obtain_stats":[{"Darkstone Periapt":25,"Pen Nib":41,"PreservedInsect":46,"Incense Burner":39,"Question Card":6,"Cursed Key":17,"Burning Blood":0,"White Beast Statue":11,"Old Coin":13,"Mercury Hourglass":55,"OrangePellets":22,"Nunchaku":27,"Shuriken":9,"Bird Faced Urn":8,"Bronze Scales":48,"Snecko Eye":34,"Fusion Hammer":0,"FossilizedHelix":22,"Pocketwatch":23},{"Darkstone Periapt":15,"Pen Nib":23,"PreservedInsect":26,"Incense Burner":22,"Question Card":6,"Cursed Key":10,"Burning Blood":0,"White Beast Statue":7,"Old Coin":9,"Mercury Hourglass":30,"OrangePellets":13,"Nunchaku":16,"Shuriken":6,"Bird Faced Urn":6,"Bronze Scales":27,"Snecko Eye":19,"Fusion Hammer":0,"FossilizedHelix":13,"Pocketwatch":14},{"Darkstone Periapt":66,"Pen Nib":104,"PreservedInsect":118,"Incense Burner":99,"Question Card":24,"Cursed Key":49,"Burning Blood":0,"White Beast Statue":28,"Old Coin":36,"Mercury Hourglass":145,"OrangePellets":58,"Nunchaku":69,"Shuriken":24,"Bird Faced Urn":24,"Bronze Scales":122,"Snecko Eye":88,"Fusion Hammer":0,"FossilizedHelix":58,"Pocketwatch":62}],"Pocketwatch":[91]},"card_choices":[{"not_picked":["Flex","Perfected Strike"],"picked":"Shrug It Off","floor":1.0},{"not_picked":["Seeing Red","Sword Boomerang"],"picked":"Hemokinesis","floor":3.0},{"not_picked":["Flex","Second Wind"],"picked":"Carnage","floor":4.0},{"not_picked":["Dropkick","Bloodletting"],"picked":"Burning Pact","floor":6.0},{"not_picked":["Juggernaut","Perfected Strike","Seeing Red"],"picked":"Disarm","floor":11.0},{"not_picked":["Pommel Strike","Dual Wield","Clash"],"picked":"Inflame","floor":12.0},{"not_picked":["Seeing Red","Clothesline","Shrug It Off"],"picked":"Shockwave","floor":13.0},{"not_picked":["Brutality","Fiend Fire","Demon Form"],"picked":"Immolate","floor":16.0},{"not_picked":["Twin Strike","Cleave","Anger"],"picked":"Thunderclap+1","floor":18.0},{"not_picked":["Flex+1","Rage","Carnage+1"],"picked":"Fiend Fire","floor":19.0},{"not_picked":["True Grit","Power Through","Perfected Strike"],"picked":"Evolve","floor":20.0},{"not_picked":["Ghostly Armor","Perfected Strike+1","Wild Strike+1","Hemokinesis+1"],"picked":"SKIP","floor":23.0},{"not_picked":["Spot Weakness","Combust","Evolve","Clash+1"],"picked":"SKIP","floor":25.0},{"not_picked":["Headbutt+1","Clothesline","Evolve","Cleave"],"picked":"SKIP","floor":27.0},{"not_picked":["Headbutt","Warcry","Metallicize"],"picked":"Offering","floor":29.0},{"not_picked":["Disarm","Havoc","Thunderclap","Blood for Blood"],"picked":"SKIP","floor":31.0},{"not_picked":["Immolate","Demon Form","Juggernaut"],"picked":"Feed","floor":33.0},{"not_picked":["Anger","Wild Strike","Clothesline","Headbutt"],"picked":"SKIP","floor":35.0},{"not_picked":["Transmutation","Panacea","HandOfGreed"],"picked":"Master of Strategy","floor":37.0},{"not_picked":["Twin Strike","Hemokinesis+1","Rage","Carnage"],"picked":"SKIP","floor":38.0},{"not_picked":["Spot Weakness+1","Sword Boomerang","Wild Strike"],"picked":"Battle Trance+1","floor":39.0},{"not_picked":["Dropkick","Heavy Blade","Warcry","Spot Weakness+1"],"picked":"SKIP","floor":41.0},{"not_picked":["Burning Pact","Spot Weakness","Reckless Charge","Whirlwind+1"],"picked":"SKIP","floor":42.0},{"not_picked":["Wild Strike+1","Heavy Blade+1","Brutality","Perfected Strike"],"picked":"SKIP","floor":44.0},{"not_picked":["Iron Wave","Carnage","Dropkick","Reckless Charge"],"picked":"SKIP","floor":46.0},{"not_picked":["Sword Boomerang","Dual Wield","Clothesline"],"picked":"Second Wind","floor":48},{"not_picked":["Flex+1","Iron Wave","Dual Wield"],"picked":"Pommel Strike","floor":55}],"player_experience":3374182,"relics_obtained":[{"floor":6.0,"key":"Question Card"},{"floor":9.0,"key":"Shuriken"},{"floor":11.0,"key":"White Beast Statue"},{"floor":13.0,"key":"Old Coin"},{"floor":23.0,"key":"Pocketwatch"},{"floor":25.0,"key":"Darkstone Periapt"},{"floor":27.0,"key":"Nunchaku"},{"floor":39.0,"key":"Incense Burner"},{"floor":41.0,"key":"Pen Nib"},{"floor":46.0,"key":"PreservedInsect"},{"floor":48,"key":"Bronze Scales"},{"floor":55,"key":"Mercury Hourglass"}],"event_choices":[{"damage_healed":0.0,"max_hp_gain":0.0,"max_hp_loss":0.0,"gold_gain":0.0,"event_name":"Scrap Ooze","player_choice":"Success","floor":8.0,"gold_loss":0.0,"damage_taken":5.0,"relics_obtained":["Bird Faced Urn"]},{"damage_healed":0.0,"max_hp_gain":0.0,"max_hp_loss":0.0,"gold_gain":0.0,"event_name":"The Woman in Blue","player_choice":"Bought 1 Potion","floor":14.0,"gold_loss":0.0,"damage_taken":0.0},{"cards_removed":["Strike_R"],"damage_healed":0.0,"max_hp_gain":0.0,"max_hp_loss":0.0,"gold_gain":0.0,"event_name":"Beggar","player_choice":"Gave Gold","floor":21.0,"gold_loss":75.0,"damage_taken":0.0},{"damage_healed":0.0,"max_hp_gain":0.0,"max_hp_loss":0.0,"gold_gain":0.0,"event_name":"The Library","player_choice":"Read","floor":28.0,"gold_loss":0.0,"damage_taken":0.0,"cards_obtained":["Power Through"]},{"damage_healed":0.0,"max_hp_gain":0.0,"max_hp_loss":4.0,"gold_gain":0.0,"event_name":"Winding Halls","player_choice":"Max HP","floor":36.0,"gold_loss":0.0,"damage_taken":0.0},{"damage_healed":0.0,"max_hp_gain":0.0,"max_hp_loss":0.0,"gold_gain":0.0,"event_name":"SensoryStone","player_choice":"Memory 3","floor":37.0,"gold_loss":0.0,"damage_taken":10.0},{"damage_healed":0.0,"max_hp_gain":0.0,"max_hp_loss":0.0,"gold_gain":0.0,"event_name":"Mysterious Sphere","player_choice":"Fight","floor":39.0,"gold_loss":0.0,"damage_taken":0.0},{"cards_removed":["Strike_R"],"damage_healed":0,"gold_gain":0,"player_choice":"Single Remove","damage_taken":0,"max_hp_gain":0,"max_hp_loss":0,"event_name":"Designer","floor":47,"gold_loss":75}],"is_beta":false,"boss_relics":[{"not_picked":["Coffee Dripper","Busted Crown"],"picked":"Cursed Key"},{"not_picked":["Velvet Choker","Philosopher\u0027s Stone"],"picked":"Snecko Eye"}],"items_purged_floors":[22,45,54],"is_endless":false,"potions_floor_spawned":[1,12,13,16,18,19,20,23,25,27,29,31,33,35,38,39,41,42,44,46,48,55],"ascension_level":20}}