{"host":"msmkw03x1o7nq45i","time":1609959975,"event":{"mods":["BaseMod","Bestiary","Colored Powertips","GifTheSpireLib","Highlight Path","Minty Spire (QoL Compilation)","Random Character Button","StSLib","The Servant 0.9.4","everything is the same but u backflip on backflip"],"gold_per_floor":[112,112,123,137,157,3,17,92,92,92,66,66,82,82,82,181,181,147,160,177,224,70,70,21,21,21,21,31,60,60,74,74,174,174,185,195,212,259,259,287,92,92,146,172,183,218,155,180,180,180,180,180,4,38,38],"floor_reached":56,"playtime":8138,"items_purged":["Shame","Clumsy","Normality"],"score":1350,"play_id":"de8beecd-6107-4aed-9b03-7e5a3430f531","local_time":"20210106210615","is_ascension_mode":false,"campfire_choices":[{"data":"Rupture","floor":10.0,"key":"SMITH"},{"data":"Cleave","floor":12.0,"key":"SMITH"},{"data":"Armaments","floor":15,"key":"SMITH"},{"data":"Disarm","floor":25,"key":"SMITH"},{"data":"Corruption","floor":30,"key":"SMITH"},{"data":"Dark Embrace","floor":32,"key":"SMITH"},{"floor":42,"key":"RECALL"},{"data":"Heavy Blade","floor":49,"key":"SMITH"},{"data":"Uppercut","floor":52,"key":"SMITH"}],"circlet_count":0,"master_deck":["Strike_R","Strike_R","Strike_R","Strike_R","Defend_R","Defend_R","Defend_R","Defend_R","Bash","Impervious","Iron Wave","Bash","Offering","Pain","Rupture+1","Dropkick","Twin Strike","Disarm+1","Cleave+1","Armaments+1","Reaper","Impervious","Heavy Blade+1","Uppercut+1","Corruption+1","Bloodletting","J.A.X.+1","Body Slam","Dark Embrace+1","Limit Break","Disarm+1","Dark Embrace+1","Reaper","Flame Barrier+1","Entrench+1","Power Through+1","Feel No Pain+1","Heavy Blade","Fiend Fire"],"relics":["Burning Blood","Medical Kit","Orichalcum","Cursed Key","InkBottle","Centennial Puzzle","Snecko Eye","WingedGreaves","Kunai","Membership Card","Vajra","Singing Bowl","Dream Catcher","Calipers","Toolbox","Happy Flower","Paper Frog"],"acts_visited":["Exordium","TheCity","TheBeyond","TheEnding"],"potions_floor_usage":[20,29,36,44,55,55],"damage_taken":[{"damage":7.0,"enemies":"Jaw Worm","floor":1.0,"turns":6.0},{"damage":10.0,"enemies":"Cultist","floor":3.0,"turns":3.0},{"damage":7.0,"enemies":"Small Slimes","floor":4.0,"turns":4.0},{"damage":20.0,"enemies":"Gremlin Gang","floor":5.0,"turns":6.0},{"damage":9.0,"enemies":"Looter","floor":7.0,"turns":3.0},{"damage":9.0,"enemies":"Red Slaver","floor":13.0,"turns":5.0},{"damage":12,"enemies":"Hexaghost","floor":16,"turns":8},{"damage":13,"enemies":"2 Thieves","floor":18,"turns":5},{"damage":15,"enemies":"Spheric Guardian","floor":19,"turns":6},{"damage":15,"enemies":"Shelled Parasite and Fungi","floor":20,"turns":3},{"damage":8,"enemies":"Centurion and Healer","floor":28,"turns":7},{"damage":36,"enemies":"Slavers","floor":29,"turns":6},{"damage":15,"enemies":"Cultist and Chosen","floor":31,"turns":3},{"damage":28,"enemies":"Champ","floor":33,"turns":5},{"damage":21,"enemies":"3 Darklings","floor":35,"turns":4},{"damage":27,"enemies":"Orb Walker","floor":36,"turns":4},{"damage":31,"enemies":"Spire Growth","floor":37,"turns":3},{"damage":36,"enemies":"2 Orb Walkers","floor":38,"turns":4},{"damage":17,"enemies":"Giant Head","floor":40,"turns":2},{"damage":89,"enemies":"Reptomancer","floor":44,"turns":6},{"damage":24,"enemies":"Maw","floor":45,"turns":7},{"damage":44,"enemies":"Giant Head","floor":46,"turns":6},{"damage":32,"enemies":"Reptomancer","floor":48,"turns":3},{"damage":11,"enemies":"Time Eater","floor":50,"turns":5},{"damage":57,"enemies":"Shield and Spear","floor":54,"turns":6},{"damage":31,"enemies":"The Heart","floor":55,"turns":4}],"seed_played":"-7341557614837200647","potions_obtained":[{"floor":3.0,"key":"Dexterity Potion"},{"floor":4.0,"key":"PowerPotion"},{"floor":7.0,"key":"AttackPotion"},{"floor":20,"key":"Weak Potion"},{"floor":33,"key":"Strength Potion"},{"floor":36,"key":"Swift Potion"},{"floor":45,"key":"LiquidBronze"},{"floor":54,"key":"GamblersBrew"}],"is_trial":false,"path_per_floor":["M","?","M","M","M","$","M","?","T","R","$","R","M","?","R","B",null,"M","M","M","T","$","?","$","R","T","$","M","E","R","M","R","B",null,"M","M","M","?","?","E","$","R","T","E","M","E","$","E","R","B",null,"R","$","E","B",null],"character_chosen":"IRONCLAD","items_purchased":["Medical Kit","Cleave","Bloodletting","Body Slam","Membership Card","Toolbox","Happy Flower","Heavy Blade"],"campfire_rested":0,"item_purchase_floors":[6,11,22,24,41,53,53,53],"current_hp_per_floor":[79,79,75,74,60,60,57,49,49,49,49,49,46,46,46,55,80,73,73,64,64,64,64,64,64,64,64,80,75,75,80,80,58,80,80,80,80,80,80,69,69,69,69,77,80,80,80,80,80,75,80,80,80,80,80],"gold":38,"neow_bonus":"ONE_RANDOM_RARE_CARD","is_daily":false,"chose_seed":false,"campfire_upgraded":8,"win_rate":0.0,"timestamp":1609959975,"path_taken":["M","?","M","M","?","$","M","?","T","R","$","R","?","?","R","BOSS","M","M","M","?","?","?","?","R","T","$","?","E","R","M","R","BOSS","M","?","M","?","?","E","$","R","T","E","?","E","$","E","R","BOSS","R","$","E","BOSS"],"items_purchased_type":["Relic","Card","Card","Card","Relic","Relic","Relic","Card"],"build_version":"2020-12-22","purchased_purges":3,"victory":true,"max_hp_per_floor":[80,80,80,80,80,80,80,80,80,80,80,80,80,80,80,80,80,80,80,80,80,80,80,80,80,80,80,80,80,80,80,80,80,80,80,80,80,80,80,80,80,80,80,80,80,80,80,80,80,80,80,80,80,80,80],"card_choices":[{"not_picked":["Clash","Battle Trance"],"picked":"Iron Wave","floor":1.0},{"not_picked":["True Grit","Clash"],"picked":"Rupture","floor":3.0},{"not_picked":["Bloodletting","Inflame"],"picked":"Dropkick","floor":4.0},{"not_picked":["Anger","Perfected Strike"],"picked":"Twin Strike","floor":5.0},{"not_picked":["Sword Boomerang","Thunderclap"],"picked":"Disarm","floor":7.0},{"not_picked":["Rampage","Wild Strike"],"picked":"Armaments","floor":13.0},{"not_picked":["Barricade","Berserk"],"picked":"Impervious","floor":16},{"not_picked":["Thunderclap","Anger"],"picked":"Heavy Blade","floor":18},{"not_picked":["Inflame","True Grit"],"picked":"Uppercut","floor":19},{"not_picked":["Intimidate+1","Sentinel"],"picked":"Corruption","floor":20},{"not_picked":["Havoc+1","Clothesline","Iron Wave"],"picked":"SKIP","floor":28},{"not_picked":["Headbutt","Combust"],"picked":"Dark Embrace","floor":29},{"not_picked":["Rampage","Shockwave","Havoc"],"picked":"SKIP","floor":31},{"not_picked":["Exhume","Reaper"],"picked":"Limit Break","floor":33},{"not_picked":["True Grit+1","Evolve+1"],"picked":"Disarm+1","floor":35},{"not_picked":["Twin Strike+1","Pommel Strike"],"picked":"Dark Embrace+1","floor":36},{"not_picked":["Evolve","Disarm+1","Havoc+1"],"picked":"SKIP","floor":37},{"not_picked":["Shrug It Off+1","Metallicize"],"picked":"Reaper","floor":40},{"not_picked":["Body Slam+1","Clothesline"],"picked":"Flame Barrier+1","floor":44},{"not_picked":["Pommel Strike+1","Carnage"],"picked":"Entrench+1","floor":45},{"not_picked":["Disarm+1","Metallicize+1"],"picked":"Power Through+1","floor":46},{"not_picked":["Infernal Blade","Power Through"],"picked":"Feel No Pain+1","floor":48},{"not_picked":["Havoc","Heavy Blade"],"picked":"Fiend Fire","floor":54}],"player_experience":353607,"relics_obtained":[{"floor":9.0,"key":"Orichalcum"},{"floor":26,"key":"InkBottle"},{"floor":29,"key":"Centennial Puzzle"},{"floor":38,"key":"WingedGreaves"},{"floor":40,"key":"Kunai"},{"floor":43,"key":"Vajra"},{"floor":44,"key":"Singing Bowl"},{"floor":46,"key":"Dream Catcher"},{"floor":48,"key":"Calipers"},{"floor":54,"key":"Paper Frog"}],"event_choices":[{"damage_healed":0.0,"max_hp_gain":0.0,"max_hp_loss":0.0,"gold_gain":0.0,"event_name":"Match and Keep!","player_choice":"3 cards matched","floor":2.0,"gold_loss":0.0,"damage_taken":0.0,"cards_obtained":["Bash","Offering","Pain"]},{"damage_healed":0.0,"max_hp_gain":0.0,"max_hp_loss":0.0,"gold_gain":75.0,"event_name":"FaceTrader","player_choice":"Touch","floor":8.0,"gold_loss":0.0,"damage_taken":8.0},{"damage_healed":0.0,"max_hp_gain":0.0,"max_hp_loss":0.0,"gold_gain":0.0,"cards_transformed":["Strike_R"],"event_name":"Transmorgrifier","player_choice":"Transformed","floor":14.0,"gold_loss":0.0,"damage_taken":0.0,"cards_obtained":["Reaper"]},{"damage_healed":0,"gold_gain":0,"player_choice":"Obtain J.A.X.","damage_taken":0,"max_hp_gain":0,"max_hp_loss":0,"event_name":"Drug Dealer","floor":23,"gold_loss":0,"cards_obtained":["J.A.X."]},{"damage_healed":0,"gold_gain":0,"player_choice":"Fight","damage_taken":0,"max_hp_gain":0,"max_hp_loss":0,"event_name":"Mysterious Sphere","floor":38,"gold_loss":0},{"damage_healed":0,"gold_gain":0,"player_choice":"Upgraded","damage_taken":0,"max_hp_gain":0,"max_hp_loss":0,"event_name":"Upgrade Shrine","floor":39,"gold_loss":0,"cards_upgraded":["J.A.X."]}],"is_beta":false,"boss_relics":[{"not_picked":["Velvet Choker","Philosopher\u0027s Stone"],"picked":"Cursed Key"},{"not_picked":["Tiny House","Black Blood"],"picked":"Snecko Eye"}],"items_purged_floors":[22,41,47],"is_endless":false,"potions_floor_spawned":[3,4,7,20,28,33,36,38,40,45,54],"ascension_level":0}}