{"host":"xurz8oye0j2lsa2k","time":1609956268,"event":{"mods":["AchievementEnabler","BaseMod","BetterRewards","Colored Map","Hubris","Marisa????????","Minty Spire (QoL Compilation)","Permanent Neow","Replay The Spire","Spicy Shops","StSLib","UnlockEverythingMod"],"gold_per_floor":[114,130,148,78,78,103,103,115,115,190,190,190],"floor_reached":11,"playtime":439,"items_purged":[],"score":73,"play_id":"1db82904-4da6-454e-9e16-fedce6a34e1c","local_time":"20210106130428","is_ascension_mode":false,"campfire_choices":[{"floor":7,"key":"REST"}],"circlet_count":0,"master_deck":["Strike_B","Strike_B","Strike_B","Defend_B","Defend_B","Defend_B","Defend_B","Zap","Dualcast","hubris:Ukulele","Glacier","Redo","Chill","Ball Lightning","Consume","Creative AI","Capacitor"],"relics":["Cracked Core","Raider\u0027s Mask","hubris:EmptyBottle","Replay:Arrowhead","Blue Doll","hubris:MysteriousPyramids","Tiny Chest"],"acts_visited":["Exordium"],"potions_floor_usage":[6,11,11],"damage_taken":[{"damage":6,"enemies":"Jaw Worm","floor":1,"turns":2},{"damage":0,"enemies":"2 Louse","floor":2,"turns":2},{"damage":5,"enemies":"Small Slimes","floor":3,"turns":3},{"damage":8,"enemies":"Lagavulin","floor":6,"turns":5},{"damage":12,"enemies":"2 Fungi Beasts","floor":8,"turns":2},{"damage":11,"enemies":"3 Sentries","floor":11,"turns":5}],"seed_played":"1099165723374361938","potions_obtained":[{"floor":2,"key":"Elixir"},{"floor":3,"key":"Block Potion"}],"is_trial":false,"path_per_floor":["M","M","M","$","?","E","R","M","T","?","E"],"character_chosen":"DEFECT","items_purchased":["Raider\u0027s Mask","hubris:EmptyBottle","Blue Doll","Glacier","Consume"],"campfire_rested":1,"item_purchase_floors":[0,0,0,0,4],"current_hp_per_floor":[34,34,29,29,22,14,36,24,24,13,2,2],"gold":190,"neow_bonus":"","is_daily":false,"chose_seed":false,"campfire_upgraded":0,"win_rate":0.0,"timestamp":1609956268,"path_taken":["M","M","M","$","?","E","R","M","T","?","E"],"items_purchased_type":["Relic","Relic","Relic","Card","Card"],"build_version":"2020-12-22","purchased_purges":0,"victory":false,"max_hp_per_floor":[75,75,75,75,75,75,75,75,75,75,75,75],"card_choices":[{"not_picked":["Static Discharge","Stack"],"picked":"Redo","floor":1},{"not_picked":["Panic Button","Barrage"],"picked":"Chill","floor":2},{"not_picked":["Glacier","Redo"],"picked":"Ball Lightning","floor":3},{"not_picked":["Creative AI","Steam Power","ReplayTheSpireMod:GoodbyeWorld"],"picked":"SKIP","floor":6},{"not_picked":["Steam Power","ReplayTheSpireMod:GoodbyeWorld"],"picked":"Creative AI","floor":6},{"not_picked":["Stack","Tempest"],"picked":"Capacitor","floor":8}],"player_experience":507596,"relics_obtained":[{"floor":6,"key":"hubris:MysteriousPyramids"},{"floor":9,"key":"Tiny Chest"}],"event_choices":[{"cards_removed":["Strike_B"],"damage_healed":0,"gold_gain":0,"player_choice":"Card Removal","damage_taken":7,"max_hp_gain":0,"max_hp_loss":0,"event_name":"Golden Wing","floor":5,"gold_loss":0},{"damage_healed":0,"gold_gain":75,"player_choice":"Gather Gold","damage_taken":11,"max_hp_gain":0,"max_hp_loss":0,"event_name":"World of Goop","floor":10,"gold_loss":0}],"is_beta":false,"boss_relics":[],"items_purged_floors":[],"is_endless":false,"potions_floor_spawned":[2,3],"killed_by":"3 Sentries","ascension_level":0}}