{"host":"c3lc60y5x60jlt1y","time":1609953764,"event":{"mods":["AchievementEnabler","BaseMod","Bestiary","Colored Map","Minty Spire (QoL Compilation)","Quick Restart","StSLib","ojb\u0027s Info Mod"],"gold_per_floor":[115,115,22,22,22,60,15,55,55,98,116,129,3,27,27,27,27],"floor_reached":16,"playtime":7939,"items_purged":[],"score":122,"play_id":"bd55359d-76f6-4e0a-ab5a-5cac4a53ebbf","local_time":"20210106192244","is_ascension_mode":true,"campfire_choices":[{"floor":15,"key":"REST"}],"circlet_count":0,"master_deck":["Strike_B","Strike_B","Strike_B","Defend_B","Defend_B","Defend_B","Defend_B+1","Zap","Dualcast+1","Capacitor","Redo","Sunder","Coolheaded","Darkness","Streamline","Loop","Defragment","Barrage","Capacitor","Doom and Gloom","Redo"],"relics":["Cracked Core","Golden Idol","Tiny Chest","Omamori","Anchor","HornCleat","PreservedInsect"],"acts_visited":["Exordium"],"potions_floor_usage":[8],"damage_taken":[{"damage":1,"enemies":"2 Louse","floor":1,"turns":3},{"damage":27,"enemies":"Lagavulin","floor":6,"turns":11},{"damage":18,"enemies":"Gremlin Nob","floor":8,"turns":4},{"damage":14,"enemies":"Lagavulin","floor":10,"turns":6},{"damage":0,"enemies":"Small Slimes","floor":11,"turns":3},{"damage":0,"enemies":"Jaw Worm","floor":12,"turns":3},{"damage":39,"enemies":"Slime Boss","floor":16,"turns":6}],"seed_played":"3852246002579095524","potions_obtained":[{"floor":6,"key":"Energy Potion"},{"floor":8,"key":"FairyPotion"},{"floor":11,"key":"LiquidMemories"},{"floor":12,"key":"SpeedPotion"}],"is_trial":false,"path_per_floor":["M","?","$","?","?","E","$","E","T","E","M","M","$","T","R","B"],"character_chosen":"DEFECT","items_purchased":["Sunder","Coolheaded","Streamline","Doom and Gloom","Redo"],"campfire_rested":1,"item_purchase_floors":[3,3,7,13,13],"current_hp_per_floor":[74,69,69,55,55,28,28,10,10,17,17,17,17,17,37,0,0],"gold":27,"neow_bonus":"TRANSFORM_CARD","is_daily":false,"chose_seed":false,"campfire_upgraded":0,"win_rate":0.0,"timestamp":1609953764,"path_taken":["M","?","$","?","?","E","?","E","T","E","?","M","$","?","R","BOSS"],"items_purchased_type":["Card","Card","Card","Card","Card"],"build_version":"2020-12-22","purchased_purges":0,"victory":false,"max_hp_per_floor":[75,69,69,69,69,69,69,69,69,69,69,69,69,69,69,69,69],"card_choices":[{"not_picked":["Turbo","Ball Lightning"],"picked":"Redo","floor":1},{"not_picked":["Compile Driver","Coolheaded"],"picked":"Darkness","floor":6},{"not_picked":["Lockon","Steam"],"picked":"Loop","floor":8},{"not_picked":["Redo","Capacitor"],"picked":"Defragment","floor":10},{"not_picked":["Scrape","Leap"],"picked":"Barrage","floor":11},{"not_picked":["Leap","All For One"],"picked":"Capacitor","floor":12}],"player_experience":7599698,"relics_obtained":[{"floor":6,"key":"Tiny Chest"},{"floor":8,"key":"Omamori"},{"floor":9,"key":"Anchor"},{"floor":10,"key":"HornCleat"},{"floor":14,"key":"PreservedInsect"}],"event_choices":[{"damage_healed":0,"gold_gain":0,"player_choice":"Lose Max HP","damage_taken":0,"relics_obtained":["Golden Idol"],"max_hp_gain":0,"max_hp_loss":6,"event_name":"Golden Idol","floor":2,"gold_loss":0},{"damage_healed":0,"gold_gain":0,"player_choice":"Entered Light","damage_taken":14,"max_hp_gain":0,"max_hp_loss":0,"event_name":"Shining Light","floor":4,"gold_loss":0,"cards_upgraded":["Dualcast","Defend_B"]},{"damage_healed":0,"gold_gain":0,"player_choice":"Ignored","damage_taken":0,"max_hp_gain":0,"max_hp_loss":0,"event_name":"Liars Game","floor":5,"gold_loss":0}],"is_beta":false,"boss_relics":[],"items_purged_floors":[],"is_endless":false,"potions_floor_spawned":[6,8,11,12],"killed_by":"Slime Boss","ascension_level":1}}