{"host":"x52zk6e1f2bye2h7","time":1609933548,"event":{"mods":["AchievementEnabler","BaseMod","Highlight Path","Minty Spire (QoL Compilation)","everything is the same but u backflip on backflip"],"gold_per_floor":[114,129,144,144,159,159,174,189,264,264,264,264,16,46,46,146,146,161,176,176,191,191,191,206,221,246,246,2,17,47,62,62,162,162,177,177,192,207,207,207],"floor_reached":39,"playtime":2267,"items_purged":["Strike_P"],"score":532,"play_id":"da8d483d-40f9-4ae5-9786-9c06c9291962","local_time":"20210106114548","daily_mods":["Cursed Run","Uncertain Future","Binary"],"is_ascension_mode":false,"campfire_choices":[{"data":"Eruption","floor":6,"key":"SMITH"},{"data":"Vigilance","floor":11,"key":"SMITH"},{"data":"FollowUp","floor":15,"key":"SMITH"},{"data":"ConjureBlade","floor":23,"key":"SMITH"},{"data":"Bite","floor":32,"key":"SMITH"}],"circlet_count":0,"master_deck":["Defend_P","Defend_P","Defend_P","Eruption+1","Vigilance+1","EmptyFist","Sanctity","Regret","Indignation","Clumsy","Master of Strategy","FollowUp+1","Pain","ConjureBlade+1","ClearTheMind+1","Decay","Study+1","Writhe","Regret","Bite+1","Bite","Bite","Bite","Bite","Purity","MentalFortress+1","CrushJoints+1","Decay"],"relics":["Cursed Key","Darkstone Periapt","Du-Vu Doll","PreservedInsect","Matryoshka","Eternal Feather","Philosopher\u0027s Stone","Yang","Bottled Lightning","Oddly Smooth Stone","Mummified Hand","Happy Flower","Membership Card","Pen Nib","Busted Crown"],"acts_visited":["Exordium","TheCity","TheBeyond"],"potions_floor_usage":[19,21,30,30,33,39],"damage_taken":[{"damage":0,"enemies":"Small Slimes","floor":1,"turns":2},{"damage":0,"enemies":"2 Louse","floor":2,"turns":3},{"damage":0,"enemies":"Cultist","floor":3,"turns":4},{"damage":8,"enemies":"2 Fungi Beasts","floor":5,"turns":5},{"damage":7,"enemies":"Blue Slaver","floor":7,"turns":5},{"damage":2,"enemies":"Exordium Wildlife","floor":8,"turns":3},{"damage":4,"enemies":"Lagavulin","floor":14,"turns":4},{"damage":45,"enemies":"The Guardian","floor":16,"turns":8},{"damage":2,"enemies":"Spheric Guardian","floor":18,"turns":2},{"damage":32,"enemies":"3 Byrds","floor":19,"turns":5},{"damage":20,"enemies":"Snecko","floor":21,"turns":4},{"damage":24,"enemies":"Sentry and Sphere","floor":24,"turns":5},{"damage":17,"enemies":"3 Cultists","floor":25,"turns":5},{"damage":10,"enemies":"Centurion and Healer","floor":29,"turns":3},{"damage":18,"enemies":"Gremlin Leader","floor":30,"turns":2},{"damage":21,"enemies":"Snake Plant","floor":31,"turns":3},{"damage":20,"enemies":"Automaton","floor":33,"turns":6},{"damage":24,"enemies":"Orb Walker","floor":35,"turns":3},{"damage":25,"enemies":"3 Shapes","floor":37,"turns":4},{"damage":35,"enemies":"3 Darklings","floor":38,"turns":4},{"damage":24,"enemies":"Sphere and 2 Shapes","floor":39,"turns":2}],"seed_played":"-5218424555718163201","potions_obtained":[{"floor":2,"key":"Regen Potion"},{"floor":3,"key":"Ancient Potion"},{"floor":7,"key":"Fire Potion"},{"floor":14,"key":"StancePotion"},{"floor":19,"key":"StancePotion"},{"floor":24,"key":"Ancient Potion"},{"floor":31,"key":"Block Potion"},{"floor":38,"key":"ColorlessPotion"}],"is_trial":false,"path_per_floor":["M","M","M","?","M","R","M","M","T","?","R","?","$","E","R","B",null,"M","M","T","M","?","R","M","M","T","?","$","M","E","M","R","B",null,"M","?","M","M","M"],"character_chosen":"WATCHER","items_purchased":["Master of Strategy","Purity","Membership Card"],"campfire_rested":0,"item_purchase_floors":[13,28,28],"current_hp_per_floor":[72,72,72,78,70,70,63,61,67,67,67,84,84,80,84,45,90,88,68,74,54,60,72,48,31,37,37,37,35,21,6,21,22,81,63,63,45,16,0,0],"gold":207,"neow_bonus":"","is_daily":true,"chose_seed":false,"campfire_upgraded":5,"win_rate":0.0,"timestamp":1609933548,"path_taken":["M","M","M","?","M","R","M","M","T","?","R","?","$","E","R","BOSS","M","M","?","M","?","R","M","M","T","?","$","M","E","M","R","BOSS","M","?","M","M","M"],"items_purchased_type":["Card","Card","Relic"],"build_version":"2020-12-22","purchased_purges":1,"victory":false,"max_hp_per_floor":[72,72,72,78,78,78,78,78,84,84,84,84,84,84,84,90,90,90,90,96,96,102,102,102,102,108,75,75,75,75,75,75,81,81,81,81,81,81,81,81],"card_choices":[{"not_picked":["CutThroughFate"],"picked":"EmptyFist","floor":1},{"not_picked":["PathToVictory"],"picked":"Sanctity","floor":2},{"not_picked":["Consecrate","ThirdEye"],"picked":"SKIP","floor":3},{"not_picked":["PathToVictory"],"picked":"Indignation","floor":5},{"not_picked":["Protect","Indignation"],"picked":"SKIP","floor":7},{"not_picked":["Brilliance","WheelKick"],"picked":"SKIP","floor":8},{"not_picked":["Halt"],"picked":"FollowUp","floor":14},{"not_picked":["Omniscience"],"picked":"ConjureBlade","floor":16},{"not_picked":["EmptyBody","Consecrate+1"],"picked":"SKIP","floor":18},{"not_picked":["Conclude"],"picked":"ClearTheMind+1","floor":19},{"not_picked":["Vengeance"],"picked":"Study+1","floor":21},{"not_picked":["EmptyBody","Consecrate"],"picked":"SKIP","floor":24},{"not_picked":["Study","EmptyBody"],"picked":"SKIP","floor":25},{"not_picked":["PathToVictory"],"picked":"MentalFortress+1","floor":29},{"not_picked":["EmptyFist+1"],"picked":"CrushJoints+1","floor":30},{"not_picked":["Tantrum","Crescendo"],"picked":"SKIP","floor":31}],"player_experience":77593,"relics_obtained":[{"floor":9,"key":"Matryoshka"},{"floor":14,"key":"Eternal Feather"},{"floor":20,"key":"Yang"},{"floor":20,"key":"Bottled Lightning"},{"floor":26,"key":"Mummified Hand"},{"floor":26,"key":"Happy Flower"},{"floor":30,"key":"Pen Nib"}],"event_choices":[{"damage_healed":0,"gold_gain":0,"player_choice":"Box","damage_taken":0,"relics_obtained":["PreservedInsect"],"max_hp_gain":0,"max_hp_loss":0,"event_name":"Big Fish","floor":4,"gold_loss":0,"cards_obtained":["Regret"]},{"damage_healed":0,"gold_gain":0,"cards_transformed":["Defend_P"],"player_choice":"Change","damage_taken":0,"max_hp_gain":0,"max_hp_loss":0,"event_name":"Living Wall","floor":10,"gold_loss":0,"cards_obtained":["InnerPeace"]},{"cards_removed":["InnerPeace"],"damage_healed":17,"gold_gain":0,"player_choice":"Offered Uncommon","damage_taken":0,"max_hp_gain":0,"max_hp_loss":0,"event_name":"Bonfire Elementals","floor":12,"gold_loss":0},{"damage_healed":0,"gold_gain":0,"player_choice":"Opened","damage_taken":0,"relics_obtained":["Oddly Smooth Stone"],"max_hp_gain":0,"max_hp_loss":0,"event_name":"The Mausoleum","floor":22,"gold_loss":0,"cards_obtained":["Writhe"]},{"damage_healed":0,"gold_gain":0,"player_choice":"Became a vampire","damage_taken":0,"max_hp_gain":0,"max_hp_loss":33,"event_name":"Vampires","floor":27,"gold_loss":0,"cards_obtained":["Bite","Bite","Bite","Bite","Bite"]},{"damage_healed":0,"gold_gain":0,"player_choice":"Ignored","damage_taken":0,"max_hp_gain":0,"max_hp_loss":0,"event_name":"Tomb of Lord Red Mask","floor":36,"gold_loss":0}],"is_beta":false,"boss_relics":[{"not_picked":["Astrolabe","Fusion Hammer"],"picked":"Philosopher\u0027s Stone"},{"not_picked":["Snecko Eye","Sozu"],"picked":"Busted Crown"}],"items_purged_floors":[13],"is_endless":false,"potions_floor_spawned":[2,3,7,14,16,19,24,29,31,38],"killed_by":"Sphere and 2 Shapes","ascension_level":0}}