{"host":"x205naxbihvu3p76","time":1609938908,"event":{"mods":["AchievementEnabler","BaseMod","Minty Spire (QoL Compilation)","StSLib","SuperFastMode"],"gold_per_floor":[116,116,41,41,191,216,216,248,248,92,108,127,145,145,145,220,220,235,252,167,89,104,104,115,8,8,22,72,72,72,15,15,15,15],"floor_reached":33,"playtime":649,"items_purged":["Doubt"],"score":591,"play_id":"b399df6d-3940-4ea3-acee-bf71a1731b0f","local_time":"20210106221508","is_ascension_mode":true,"campfire_choices":[{"data":"Zap","floor":7.0,"key":"SMITH"},{"data":"Dualcast","floor":15.0,"key":"SMITH"},{"floor":23.0,"key":"REST"},{"floor":32,"key":"REST"}],"circlet_count":0,"master_deck":["AscendersBane","Strike_B+1","Strike_B+1","Defend_B+1","Defend_B+1","Defend_B+1","Defend_B+1","Zap+1","Dualcast+1","Core Surge","Cold Snap","Sunder+1","Ball Lightning+1","Steam","Electrodynamics","Leap","Coolheaded","Loop","Compile Driver+1","Go for the Eyes+1"],"relics":["Cracked Core","NeowsBlessing","Mummified Hand","Mango","Molten Egg 2","Orichalcum","Inserter","Du-Vu Doll","Sundial"],"acts_visited":["Exordium","TheCity"],"potions_floor_usage":[27,33,33],"damage_taken":[{"damage":0.0,"enemies":"2 Louse","floor":1.0,"turns":1.0},{"damage":0.0,"enemies":"Gremlin Nob","floor":6.0,"turns":1.0},{"damage":0.0,"enemies":"3 Sentries","floor":8.0,"turns":1.0},{"damage":2.0,"enemies":"Jaw Worm","floor":11.0,"turns":2.0},{"damage":0.0,"enemies":"Small Slimes","floor":12.0,"turns":2.0},{"damage":0.0,"enemies":"Exordium Wildlife","floor":13.0,"turns":3.0},{"damage":26.0,"enemies":"The Guardian","floor":16.0,"turns":13.0},{"damage":12.0,"enemies":"Spheric Guardian","floor":18.0,"turns":4.0},{"damage":4.0,"enemies":"2 Thieves","floor":19.0,"turns":3.0},{"damage":17.0,"enemies":"Cultist and Chosen","floor":22.0,"turns":5.0},{"damage":39.0,"enemies":"Shelled Parasite and Fungi","floor":24.0,"turns":7.0},{"damage":22,"enemies":"Centurion and Healer","floor":27,"turns":5},{"damage":54,"enemies":"Champ","floor":33,"turns":18}],"seed_played":"-1975144345713568239","potions_obtained":[{"floor":8.0,"key":"Swift Potion"},{"floor":12.0,"key":"Regen Potion"},{"floor":16.0,"key":"Energy Potion"},{"floor":19.0,"key":"Fire Potion"},{"floor":22.0,"key":"PotionOfCapacity"}],"is_trial":false,"path_per_floor":["M","?","?","?","?","E","R","E","T","$","M","M","M","?","R","B",null,"M","M","?","$","M","R","M","$","T","M","?","?","?","$","R","B"],"character_chosen":"DEFECT","items_purchased":["Sunder+1","Loop","Go for the Eyes+1","FocusPotion","Block Potion"],"campfire_rested":2,"item_purchase_floors":[10,21,25,25,31],"current_hp_per_floor":[64,64,64,64,64,64,64,78,78,78,76,76,76,50,50,24,70,58,54,54,54,37,62,23,23,23,1,1,1,1,1,26,0,0],"gold":15,"neow_bonus":"THREE_ENEMY_KILL","is_daily":false,"chose_seed":false,"campfire_upgraded":2,"win_rate":0.0,"timestamp":1609938908,"path_taken":["M","?","?","?","?","E","R","E","T","$","M","M","?","?","R","BOSS","M","M","?","$","M","R","M","$","T","M","?","?","?","?","R","BOSS"],"items_purchased_type":["Card","Card","Card","Potion","Potion"],"build_version":"2020-12-22","purchased_purges":1,"victory":false,"max_hp_per_floor":[71,71,71,71,71,71,71,85,85,85,85,85,85,85,85,85,85,85,85,85,85,85,85,85,85,85,85,85,85,85,85,85,85,85],"card_choices":[{"not_picked":["Hologram","Loop","Compile Driver"],"picked":"SKIP","floor":1.0},{"not_picked":["Redo","Streamline"],"picked":"Cold Snap","floor":6.0},{"not_picked":["Blizzard","Barrage","Sweeping Beam"],"picked":"SKIP","floor":8.0},{"not_picked":["Force Field","Leap"],"picked":"Ball Lightning+1","floor":11.0},{"not_picked":["Stack","Sweeping Beam+1"],"picked":"Steam","floor":12.0},{"not_picked":["Redo","Doom and Gloom+1","Gash+1"],"picked":"SKIP","floor":13.0},{"not_picked":["Machine Learning","Amplify"],"picked":"Electrodynamics","floor":16.0},{"not_picked":["Rebound+1","White Noise"],"picked":"Leap","floor":18.0},{"not_picked":["Sweeping Beam+1","Conserve Battery"],"picked":"Coolheaded","floor":19.0},{"not_picked":["Loop","Lockon+1"],"picked":"Compile Driver+1","floor":22.0},{"not_picked":["Conserve Battery","Lockon+1","Streamline+1"],"picked":"SKIP","floor":24},{"not_picked":["Ball Lightning+1","Steam","Blizzard+1"],"picked":"SKIP","floor":27}],"player_experience":951836,"relics_obtained":[{"floor":6.0,"key":"Mummified Hand"},{"floor":8.0,"key":"Mango"},{"floor":9.0,"key":"Molten Egg 2"},{"floor":26,"key":"Sundial"}],"event_choices":[{"damage_healed":0.0,"max_hp_gain":0.0,"max_hp_loss":0.0,"gold_gain":0.0,"cards_transformed":["Strike_B"],"event_name":"Living Wall","player_choice":"Change","floor":2.0,"gold_loss":0.0,"damage_taken":0.0,"cards_obtained":["Core Surge"]},{"cards_removed":["Strike_B"],"damage_healed":0.0,"max_hp_gain":0.0,"max_hp_loss":0.0,"gold_gain":0.0,"event_name":"The Cleric","player_choice":"Card Removal","floor":3.0,"gold_loss":75.0,"damage_taken":0.0},{"damage_healed":0.0,"max_hp_gain":0.0,"max_hp_loss":0.0,"gold_gain":0.0,"event_name":"Shining Light","player_choice":"Ignored","floor":4.0,"gold_loss":0.0,"damage_taken":0.0},{"damage_healed":0.0,"max_hp_gain":0.0,"max_hp_loss":0.0,"gold_gain":150.0,"event_name":"Liars Game","player_choice":"AGREE","floor":5.0,"gold_loss":0.0,"damage_taken":0.0,"cards_obtained":["Doubt"]},{"damage_healed":0.0,"max_hp_gain":0.0,"max_hp_loss":0.0,"gold_gain":0.0,"event_name":"Scrap Ooze","player_choice":"Success","floor":14.0,"gold_loss":0.0,"damage_taken":26.0,"relics_obtained":["Orichalcum"]},{"damage_healed":0.0,"max_hp_gain":0.0,"max_hp_loss":0.0,"gold_gain":0.0,"event_name":"Addict","player_choice":"Obtained Relic","floor":20.0,"gold_loss":85.0,"damage_taken":0.0,"relics_obtained":["Du-Vu Doll"]},{"damage_healed":0,"gold_gain":50,"player_choice":"Stole From Cult","damage_taken":0,"max_hp_gain":0,"max_hp_loss":0,"event_name":"Nest","floor":28,"gold_loss":0},{"damage_healed":0,"gold_gain":0,"player_choice":"Ignored","damage_taken":0,"max_hp_gain":0,"max_hp_loss":0,"event_name":"Ghosts","floor":29,"gold_loss":0},{"damage_healed":0,"gold_gain":0,"player_choice":"Simplicity","damage_taken":0,"max_hp_gain":0,"max_hp_loss":0,"event_name":"Back to Basics","floor":30,"gold_loss":0,"cards_upgraded":["Strike_B","Strike_B","Defend_B","Defend_B","Defend_B","Defend_B"]}],"is_beta":false,"boss_relics":[{"not_picked":["SacredBark","Calling Bell"],"picked":"Inserter"}],"items_purged_floors":[10],"is_endless":false,"potions_floor_spawned":[8,12,16,19,22],"killed_by":"Champ","ascension_level":19}}