{"host":"vh33hu3wddwn6yt6","time":1609952635,"event":{"mods":["AchievementEnabler","Act Like it!","Aspiration","BaseMod","Better Altar","Better Match","Better Note","Better Sensory Stone","Better Skull","Better Third Choice","BetterRewards","Downfall","Hermit","Hubris","Infinite Spire","Minty Spire (QoL Compilation)","Permanent Neow","Replay The Spire","Shade Mod","Shop Mod","Spicy Shops","StSLib","SuperFastMode","The Blackbeard","The Necromancer","The Runesmith","The Servant 0.9.4","TheBandit","Wandering Minibosses"],"gold_per_floor":[99,113,113,213,226,261,261,261,276,301,76,105,105,90,105,200,200,200,217,227,239,254,254,254,254,279,26,45,45,71,71,84,188,188,188,35,54,54,71,88,134,163,173,173,186,202,202,228,244,244,244,244,244],"floor_reached":52,"playtime":1667,"items_purged":["Pot Of Greed"],"score":863,"play_id":"21ef8bab-9a53-422d-9149-16e4cba4549f","local_time":"20210106180355","is_ascension_mode":true,"campfire_choices":[{"floor":1,"key":"RECALL"},{"data":"Siphon_Strength","floor":11,"key":"SMITH"},{"data":"Negative_Energy_Arrows","floor":13,"key":"SMITH"},{"data":"Uncharnel","floor":18,"key":"SMITH"},{"data":"Summon_Undead","floor":23,"key":"SMITH"},{"data":"Acid_Javelin","floor":29,"key":"SMITH"},{"data":"Summon_Undead_Army","floor":35,"key":"SMITH"},{"floor":44,"key":"REST"},{"floor":47,"key":"REST"}],"circlet_count":0,"master_deck":["Strike_W","Strike_W","Strike_W","Defend_W","Defend_W+1","Defend_W","Defend_W+1","Negative_Energy_Arrows+1","Bone_Wall","Spectral_Armor+1","Siphon_Strength+1","Negative_Energy_Sphere","Acid_Javelin+1","Uncharnel+1","Negative_Energy_Sphere+1","Summon_Undead+1","Grasp_Heart+1","Negative_Energy_Sphere+1","Summon_Undead_Army+1","Pot Of Greed+1","Negative_Energy_Sphere+1","Negative_Energy_Arrows+1","Negative_Energy_Javelin+1","Negative_Energy_Sphere+1"],"relics":["Vampire_Amulet","infinitespire:Beetle Shell","hubris:Icosahedron","Garlic","Darkstone Periapt","downfall:HeartBlessingRed","downfall:HeartBlessingGreen","downfall:HeartBlessingBlue","hubris:Metronome","Philosopher\u0027s Stone","Molten Egg 2","Blue Candle","Matryoshka","infinitespire:ShieldingShard","MerchantsRug","Grinning Jar","Guide Book","wanderingMiniBosses:Blackblade","Omamori","hubris:TenFootPole","War Paint","TungstenRod"],"acts_visited":["Exordium","TheCity","TheBeyond","TheEnding"],"potions_floor_usage":[15,15,22,27,39,39,42,49,50,50],"damage_taken":[{"damage":0,"enemies":"Small Slimes","floor":2,"turns":3},{"damage":18,"enemies":"Jaw Worm","floor":5,"turns":9},{"damage":1,"enemies":"Replay:BlueRogue","floor":6,"turns":6},{"damage":0,"enemies":"2 Louse","floor":9,"turns":3},{"damage":14,"enemies":"Gremlin Nob","floor":10,"turns":5},{"damage":2,"enemies":"Replay:BlueRogue","floor":12,"turns":5},{"damage":0,"enemies":"downfall:FleeingMerchant","floor":14,"turns":4},{"damage":21,"enemies":"Exordium Thugs","floor":15,"turns":9},{"damage":11,"enemies":"downfall:Ironclad","floor":16,"turns":7},{"damage":0,"enemies":"Spheric Guardian","floor":19,"turns":1},{"damage":0,"enemies":"Shell Parasite","floor":20,"turns":1},{"damage":0,"enemies":"3 Cultists","floor":21,"turns":3},{"damage":21,"enemies":"Centurion and Healer","floor":22,"turns":5},{"damage":0,"enemies":"Book of Stabbing","floor":26,"turns":5},{"damage":0,"enemies":"downfall:FleeingMerchant","floor":27,"turns":4},{"damage":2,"enemies":"Shelled Parasite and Fungi","floor":28,"turns":3},{"damage":0,"enemies":"Gremlin Leader","floor":30,"turns":5},{"damage":0,"enemies":"Cultist and Chosen","floor":32,"turns":3},{"damage":13,"enemies":"downfall:Defect","floor":33,"turns":7},{"damage":0,"enemies":"downfall:FleeingMerchant","floor":36,"turns":4},{"damage":0,"enemies":"3 Shapes","floor":37,"turns":3},{"damage":54,"enemies":"3 Darklings","floor":39,"turns":5},{"damage":3,"enemies":"Sphere and 2 Shapes","floor":40,"turns":4},{"damage":12,"enemies":"R_Hoarder","floor":42,"turns":5},{"damage":0,"enemies":"Jaw Worm Horde","floor":43,"turns":3},{"damage":18,"enemies":"4 Shapes","floor":45,"turns":3},{"damage":4,"enemies":"3 Darklings","floor":46,"turns":3},{"damage":15,"enemies":"Reptomancer","floor":48,"turns":6},{"damage":0,"enemies":"Jaw Worm Horde","floor":49,"turns":1},{"damage":54,"enemies":"downfall:Silent","floor":50,"turns":8},{"damage":131,"enemies":"downfall:CharBossMerchant","floor":52,"turns":7}],"seed_played":"5419770187381883637","potions_obtained":[{"floor":5,"key":"SpeedPotion"},{"floor":6,"key":"Block Potion"},{"floor":12,"key":"SkillPotion"},{"floor":15,"key":"DuplicationPotion"},{"floor":16,"key":"champ:CounterPotion"},{"floor":22,"key":"Death Potion"},{"floor":28,"key":"Strength Potion"},{"floor":32,"key":"Explosive Potion"},{"floor":40,"key":"AttackPotion"},{"floor":42,"key":"DistilledChaos"},{"floor":48,"key":"Weak Potion"}],"is_trial":false,"path_per_floor":["R","M","?","?","M","E","T","?","M","E","R","E","R","$","M","B",null,"R","M","M","M","M","R","T","?","E","$","M","R","E","?","M","B",null,"R","$","M","?","M","M","T","E","M","R","M","M","R","E","M","B",null,"E"],"character_chosen":"NECROMANCER","items_purchased":["Matryoshka","aspiration:Nostalgia","MerchantsRug","Grinning Jar","Guide Book"],"campfire_rested":2,"item_purchase_floors":[27,36,36,36,36],"current_hp_per_floor":[75,75,75,75,61,62,62,62,66,54,64,64,64,64,51,42,85,85,85,85,85,68,68,68,68,70,70,72,72,78,78,82,71,85,85,85,85,85,35,38,38,34,40,65,55,53,78,73,79,27,85,0,0],"gold":244,"neow_bonus":"RANDOM_COMMON_RELIC","is_daily":false,"chose_seed":false,"campfire_upgraded":6,"win_rate":0.0,"timestamp":1609952635,"path_taken":["R","M","?","?","M","E","T","?","M","E","R","E","R","?","M","BOSS","R","M","M","M","M","R","T","?","E","$","?","R","E","?","M","BOSS","R","$","?","?","M","M","T","E","M","R","?","?","R","E","M","BOSS","E"],"items_purchased_type":["Relic","Relic","Relic","Relic","Relic"],"build_version":"2020-12-22","purchased_purges":1,"victory":false,"max_hp_per_floor":[75,75,75,75,75,75,75,75,75,75,85,85,85,85,85,85,85,85,85,85,85,85,85,85,85,85,85,85,85,85,85,85,85,85,85,85,85,85,85,85,85,85,85,85,85,85,85,85,85,85,85,85,85],"card_choices":[{"not_picked":["Bone_Spikes","Thousand_Bone_Knives"],"picked":"Spectral_Armor","floor":2},{"not_picked":["Slay_Living","Vampiric_Strike"],"picked":"Siphon_Strength","floor":5},{"not_picked":["Bone_Shift","Chill_Blood","Bones_to_Steel"],"picked":"SKIP","floor":6},{"not_picked":["Consume_Illness","Scare"],"picked":"Negative_Energy_Sphere","floor":9},{"not_picked":["Bone_Shift","Necromantic_Selection"],"picked":"Acid_Javelin","floor":10},{"not_picked":["Bones_to_Steel","Bone_Spikes","Toxic_Smoke_Screen"],"picked":"SKIP","floor":12},{"not_picked":["Corrupt","Detonate_Bones","Death_Coil"],"picked":"SKIP","floor":14},{"not_picked":["Consume_Illness","Finger_Of_Death"],"picked":"Uncharnel","floor":15},{"not_picked":["Bone_Armory","Toxic_Smoke_Screen+1"],"picked":"Negative_Energy_Sphere+1","floor":19},{"not_picked":["Death_March_Dance","Reap_The_Weak","Consume_Illness"],"picked":"SKIP","floor":20},{"not_picked":["Shackles_Of_Pain+1","Bone_Spikes"],"picked":"Summon_Undead","floor":21},{"not_picked":["Slay_Living+1","Pandemic","Finger_Of_Death"],"picked":"SKIP","floor":22},{"not_picked":["Chill_Blood","Negative_Energy_Shield","Finger_Of_Death+1"],"picked":"SKIP","floor":26},{"not_picked":["Death_Knell+1","Summon_Undead","Chill_Blood"],"picked":"SKIP","floor":27},{"not_picked":["Negative_Energy_Sphere+1","Death_Coil+1"],"picked":"Grasp_Heart+1","floor":28},{"not_picked":["Toxic_Smoke_Screen","Exploit+1"],"picked":"Negative_Energy_Sphere+1","floor":30},{"not_picked":["Negative_Energy_Shield","Bone_Spikes+1"],"picked":"Summon_Undead_Army","floor":32},{"not_picked":["Exploit+1","Bones_to_Steel","Finger_Of_Death+1"],"picked":"SKIP","floor":36},{"not_picked":["Negative_Energy_Shield+1","Negative_Energy_Mist+1"],"picked":"Negative_Energy_Sphere+1","floor":37},{"not_picked":["wanderingMiniBosses:FinaleOfPromise"],"picked":"SKIP","floor":39},{"not_picked":["Necromantic_Selection+1","Death_March_Dance+1","Consume_Illness"],"picked":"SKIP","floor":39},{"not_picked":["Blood_Curse+1","Summon_Undead"],"picked":"Negative_Energy_Javelin+1","floor":40},{"not_picked":["Blood_Magic","Strike_from_Beyond+1","Shade_Step+1"],"picked":"SKIP","floor":42},{"not_picked":["Corrupt","Bone_Shift","Blood_for_Blood+1"],"picked":"SKIP","floor":43},{"not_picked":["Shade_Step","Bone_Bullets+1","Blood_Curse+1"],"picked":"SKIP","floor":45},{"not_picked":["Death_March_Dance+1","Pandemic+1","Consume_Illness"],"picked":"SKIP","floor":46},{"not_picked":["Bone_Spikes+1","Consume_Illness","Scare+1"],"picked":"SKIP","floor":48},{"not_picked":["Blood_Curse+1","Negative_Energy_Burst+1"],"picked":"Negative_Energy_Sphere+1","floor":49}],"player_experience":617877,"relics_obtained":[{"floor":6,"key":"Garlic"},{"floor":10,"key":"Darkstone Periapt"},{"floor":12,"key":"hubris:Metronome"},{"floor":24,"key":"Molten Egg 2"},{"floor":26,"key":"Blue Candle"},{"floor":30,"key":"infinitespire:ShieldingShard"},{"floor":39,"key":"wanderingMiniBosses:Blackblade"},{"floor":41,"key":"Omamori"},{"floor":41,"key":"hubris:TenFootPole"},{"floor":42,"key":"War Paint"},{"floor":48,"key":"TungstenRod"}],"event_choices":[{"damage_healed":0,"gold_gain":0,"player_choice":"Ignored","damage_taken":0,"max_hp_gain":0,"max_hp_loss":0,"event_name":"betterNote:BetterNote","floor":25,"gold_loss":0,"cards_obtained":["Defend_S"]},{"cards_removed":["Strike_W"],"damage_healed":0,"gold_gain":0,"player_choice":"Purged","damage_taken":0,"max_hp_gain":0,"max_hp_loss":0,"event_name":"Purifier","floor":31,"gold_loss":0}],"is_beta":false,"boss_relics":[{"not_picked":["ReplayTheSpireMod:DimensionalGlitch","hubris:GrandSneckoEye"],"picked":"Philosopher\u0027s Stone"},{"not_picked":["hubris:RunicObelisk","aspiration:RunicSpoon","Coffee Dripper"]}],"items_purged_floors":[36],"is_endless":false,"potions_floor_spawned":[5,6,12,15,16,22,26,28,30,32,40,42,48],"killed_by":"downfall:CharBossMerchant","ascension_level":1}}