{"host":"exyz3r55z4kt6m9o","time":1609939689,"event":{"mods":["2.2 Compatiblity","AchievementEnabler","Aspiration","BaseMod","Better Altar","Better Match","Better Note","Better Sensory Stone","Better Skull","Better Third Choice","BetterRewards","Colored Powertips","Energized Spire","Friendly Minions","GifTheSpireLib","Infinite Spire","Ironclad Rager","Jorbs\u0027s Wanderer Trilogy","Luminous","Marisa????????","Minty Spire (QoL Compilation)","Permanent Neow","Rare Cards Sparkle","Reimu??????","Relic Filter","Replay The Spire","Spicy Shops","StSLib","The Bladedancer","The Blue Laboratory","The Gatherer","The Hayseed","The Mystic","The Runesmith","Wandering Minibosses","yUi"],"gold_per_floor":[218,333,345,363,363,363,378,393,418,452,452,482,495,521,521,617,617,633,633,633,618,392,409,121,121,121,136,96,96,129,129,129,235,285,314,314,314],"floor_reached":36,"playtime":2388,"items_purged":["Runesmith:Strike_RS","Runesmith:Strike_RS","Runesmith:Strike_RS"],"score":683,"play_id":"769d4df8-e1e0-45fd-8ecd-988822b92f81","local_time":"20210106082809","is_ascension_mode":true,"campfire_choices":[{"floor":6,"key":"REST"},{"floor":11,"key":"REST"},{"floor":15,"key":"REST"},{"data":"Runesmith:Permafrost","floor":25,"key":"SMITH"},{"data":"Runesmith:Firestorm","floor":29,"key":"SMITH"},{"data":"Runesmith:Grindstone","floor":32,"key":"SMITH"}],"circlet_count":0,"master_deck":["Runesmith:Defend_RS","Runesmith:Defend_RS","Runesmith:Defend_RS","Runesmith:Defend_RS","Runesmith:CraftFirestone","Runesmith:Fortify","Runesmith:CraftProtectio","Runesmith:RuneHurl","Runesmith:Grindstone+1","Runesmith:CraftVitae","Runesmith:Firestorm+1","Runesmith:CraftIndustria+1","Runesmith:ChiselStab","Runesmith:Permafrost+1","ZunPunch:ReiMu","Runesmith:CraftMedicinae","Runesmith:BackupBattery+1","Runesmith:BackupBattery"],"relics":["Runesmith:BrokenRuby","Blood Vial","Oddly Smooth Stone","Orichalcum","Pear","Replay:Bottled Steam","infinitespire:Cupcake","Runesmith:EmergencyProvisions","Runesmith:MiniCore","Runesmith:AutoHammer","ReplayTheSpireMod:Shallot","infinitespire:EvilPickle","Tiny House"],"acts_visited":["Exordium","TheCity","TheBeyond"],"potions_floor_usage":[8,10,12,14,21,33,35,35],"damage_taken":[{"damage":0,"enemies":"Cultist","floor":1,"turns":4},{"damage":0,"enemies":"Jaw Worm","floor":3,"turns":6},{"damage":0,"enemies":"2 Louse","floor":4,"turns":3},{"damage":0,"enemies":"Looter","floor":7,"turns":4},{"damage":11,"enemies":"2 Fungi Beasts","floor":8,"turns":4},{"damage":50,"enemies":"Gremlin Nob","floor":10,"turns":6},{"damage":3,"enemies":"3 Sentries","floor":12,"turns":13},{"damage":0,"enemies":"Exordium Wildlife","floor":13,"turns":5},{"damage":46,"enemies":"Gremlin Nob","floor":14,"turns":6},{"damage":0,"enemies":"Hexaghost","floor":16,"turns":13},{"damage":0,"enemies":"Shell Parasite","floor":18,"turns":11},{"damage":23,"enemies":"2 Thieves","floor":21,"turns":5},{"damage":14,"enemies":"Snecko","floor":23,"turns":7},{"damage":11,"enemies":"Snake Plant","floor":27,"turns":6},{"damage":0,"enemies":"Book of Stabbing","floor":30,"turns":11},{"damage":3,"enemies":"Pondfish","floor":33,"turns":20},{"damage":6,"enemies":"3 Darklings","floor":35,"turns":10},{"damage":16,"enemies":"infinitespire:Three Voidlings","floor":36,"turns":6},{"damage":92,"enemies":"Nightmare_Alpha","floor":36,"turns":15}],"seed_played":"7501244557803416001","potions_obtained":[{"floor":1,"key":"blueLaboratory:BottleOfRum"},{"floor":3,"key":"blueLaboratory:RememoryPotion"},{"floor":7,"key":"blueLaboratory:FruitPunch"},{"floor":13,"key":"Dexterity Potion"},{"floor":18,"key":"blueLaboratory:BottleOfVodka"},{"floor":27,"key":"Dexterity Potion"},{"floor":30,"key":"SteroidPotion"},{"floor":34,"key":"SteroidPotion"}],"is_trial":false,"path_per_floor":["M","?","M","M","?","R","M","M","T","E","R","E","M","E","R","B",null,"M","AVR","?","M","$","M","$","R","T","M","?","R","E","T","R","B",null,"M","?"],"character_chosen":"RUNESMITH_CLASS","items_purchased":["Runesmith:EmergencyProvisions","Runesmith:MiniCore","Runesmith:Permafrost"],"campfire_rested":3,"item_purchase_floors":[22,24,24],"current_hp_per_floor":[70,48,50,52,52,70,70,61,61,13,34,43,45,1,25,27,82,82,82,82,59,59,47,47,47,47,38,38,38,40,40,40,39,87,81,0,0],"gold":314,"neow_bonus":"HUNDRED_GOLD","is_daily":false,"chose_seed":false,"campfire_upgraded":3,"win_rate":0.0,"timestamp":1609939689,"path_taken":["M","?","M","?","?","R","M","M","T","E","R","E","M","E","R","BOSS","M","AVR","?","M","$","M","?","R","T","M","?","R","E","?","R","BOSS","M","?"],"items_purchased_type":["Relic","Relic","Card"],"build_version":"2020-12-22","purchased_purges":3,"victory":false,"max_hp_per_floor":[70,70,70,70,70,70,70,72,72,72,72,82,82,82,82,82,82,82,82,82,82,82,82,82,82,82,82,82,82,82,82,82,82,87,87,87,87],"card_choices":[{"not_picked":["Runesmith:Grindstone","Runesmith:RunicBlueprint"],"picked":"Runesmith:CraftProtectio","floor":1},{"not_picked":["Runesmith:CraftObretio","Runesmith:Malloc"],"picked":"Runesmith:RuneHurl","floor":3},{"not_picked":["Runesmith:CraftMagma","Runesmith:PerfectChisel"],"picked":"Runesmith:Grindstone","floor":4},{"not_picked":["Runesmith:Repurpose","Runesmith:ChiselStab","Runesmith:Terraform"],"picked":"SKIP","floor":7},{"not_picked":["Runesmith:Malloc","Runesmith:PerfectChisel"],"picked":"Runesmith:CraftVitae","floor":8},{"not_picked":["Runesmith:HeatedChisel","Runesmith:ShiftingStrike","Runesmith:Prism"],"picked":"SKIP","floor":10},{"not_picked":["Runesmith:Reinforce","Runesmith:BackupBattery"],"picked":"Runesmith:Firestorm","floor":12},{"not_picked":["Runesmith:Superposition","Runesmith:Supernova","Runesmith:Overpower"],"picked":"SKIP","floor":13},{"not_picked":["Runesmith:ShiftingStrike","Runesmith:HeatedChisel","Runesmith:Grindstone"],"picked":"SKIP","floor":14},{"not_picked":["Runesmith:LastStand","Runesmith:UnlimitedPower"],"picked":"Runesmith:CraftIndustria","floor":16},{"not_picked":["Runesmith:Overpower","Runesmith:CraftMagma","Runesmith:EnergizedChisel"],"picked":"SKIP","floor":18},{"not_picked":["Runesmith:HammerAndChisel+1","Runesmith:RuneHurl"],"picked":"Runesmith:ChiselStab","floor":21},{"not_picked":["Runesmith:MakeshiftArmor","Runesmith:HammerThrow","Runesmith:HeatedChisel"],"picked":"SKIP","floor":23},{"not_picked":["Runesmith:RuneHurl","Runesmith:LastStand","Runesmith:RunicBlueprint"],"picked":"SKIP","floor":27},{"not_picked":["Runesmith:UnlimitedPower","Runesmith:HeatExchange","Runesmith:EnergizedChisel"],"picked":"SKIP","floor":30},{"not_picked":["Runesmith:CraftPrismatica","Runesmith:Supernova"],"picked":"Runesmith:CraftMedicinae","floor":33},{"not_picked":["Runesmith:WhiteBalance","Runesmith:Firestorm"],"picked":"Runesmith:BackupBattery+1","floor":34},{"not_picked":["Runesmith:CraftMagma+1","Runesmith:ChargedHammer"],"picked":"Runesmith:BackupBattery","floor":35}],"player_experience":677501,"relics_obtained":[{"floor":9,"key":"Oddly Smooth Stone"},{"floor":10,"key":"Orichalcum"},{"floor":12,"key":"Pear"},{"floor":14,"key":"Replay:Bottled Steam"},{"floor":30,"key":"Runesmith:AutoHammer"},{"floor":31,"key":"ReplayTheSpireMod:Shallot"}],"event_choices":[{"damage_healed":0,"gold_gain":115,"player_choice":"RE GO ","damage_taken":25,"relics_obtained":["Blood Vial"],"max_hp_gain":0,"max_hp_loss":0,"event_name":"betterSkull:BetterSkull","floor":2,"gold_loss":0,"cards_upgraded":[]},{"cards_removed":["Runesmith:Strike_RS"],"damage_healed":0,"gold_gain":0,"player_choice":"Offered Basic","damage_taken":0,"max_hp_gain":0,"max_hp_loss":0,"event_name":"Bonfire Elementals","floor":5,"gold_loss":0},{"cards_removed":["Runesmith:Firestorm"],"damage_healed":0,"gold_gain":0,"player_choice":"Give","damage_taken":0,"max_hp_gain":0,"max_hp_loss":0,"event_name":"betterNote:BetterNote","floor":20,"gold_loss":0,"cards_obtained":["Runesmith:UnlimitedPower"]},{"damage_healed":0,"gold_gain":0,"player_choice":"Hand rover O-miki","damage_taken":0,"max_hp_gain":0,"max_hp_loss":0,"event_name":"ZunEvent","floor":28,"relics_lost":["ZunR:ReiMu"],"gold_loss":0,"cards_obtained":["ZunPunch:ReiMu"]}],"is_beta":false,"boss_relics":[{"not_picked":["Black Star","aspiration:RunicSpoon"],"picked":"infinitespire:Cupcake"},{"not_picked":["Busted Crown","energizedSpire:SpiderWeb"],"picked":"Tiny House"}],"items_purged_floors":[19,22,24],"is_endless":false,"potions_floor_spawned":[1,3,7,13,18,27,30,36],"killed_by":"Nightmare_Alpha","ascension_level":1}}