{"host":"i50gzlxyjrf5ohl8","time":1609893194,"event":{"mods":["Bartender","BaseMod","Better Note","Better Skull","DeckTracker","Downfall","GifTheSpireLib","Jedi Mod","Minty Spire (QoL Compilation)","Quarter Circle Forward PUNCH!","Quick Restart","StSLib","Stuff the Spire","The Forsaken","The Hierophant","The Necromancer","The Runesmith","Trackpad","vexMod"],"gold_per_floor":[115,132,132,132,151,182,450,450,450,450,243,243,243,243,243,243,243,183,183,23,15,10,10,10,10,10,10,13,13,44,56,56,152,152,169,219,219,233,252,252,280,280,280,313,313,324,339,289,289,289],"floor_reached":51,"playtime":2654,"items_purged":["Strike_W","Strike_W","Strike_W"],"score":866,"play_id":"8cad2fd7-40aa-4ceb-80b5-d5c03d48251d","local_time":"20210105183314","is_ascension_mode":true,"campfire_choices":[{"data":"Bone_Armory","floor":15,"key":"SMITH"},{"data":"Summon_Death_Knight","floor":23,"key":"SMITH"},{"data":"Summon_Undead_Army","floor":25,"key":"SMITH"},{"data":"Summon_Undead_Army","floor":29,"key":"SMITH"},{"data":"Cloudkill","floor":32,"key":"SMITH"},{"floor":40,"key":"REST"},{"data":"Skeleton_Dragon","floor":42,"key":"SMITH"},{"data":"Skeleton_Dragon","floor":49,"key":"SMITH"}],"circlet_count":0,"master_deck":["Strike_W","Defend_W","Defend_W","Defend_W","Defend_W","Negative_Energy_Arrows","Bone_Wall","expansioncontent:DefensiveStance+1","Shade_Step","Negative_Energy_Shield","Summon_Undead_Army+1","Stop_Heart","Summon_Lich+1","Summon_Death_Knight+1","Bone_Spikes","Corrupt","Skeleton_Dragon+1","Bone_Armory+1","Cloudkill+1","Blood_Curse+1","Bone_Armor","Summon_Undead_Army+1","Stop_Heart","Summon_Death_Knight+1","Skeleton_Dragon+1","Bone_Bullets+1","Grasp_Heart","Siphon_Strength+1","StuffTheSpire:BrainWave","Siphon_Strength+1","Spectral_Walk"],"relics":["Vampire_Amulet","theForsaken:Lifeblossom","jedi:ominousloannote","Smiling Mask","Boot","Anchor","vexMod:PaidLearning","Akabeko","vexMod:DeviousBotling","theForsaken:HumbleEgg","PreservedInsect","Blue Candle","jedi:paperlyon","jedi:matchstick","Peace Pipe","Mummified Hand","StuffTheSpire:PointBlank"],"acts_visited":["Exordium","TheCity","TheBeyond"],"potions_floor_usage":[6,12,14,18,27,27,28,30,50,50],"damage_taken":[{"damage":0,"enemies":"Cultist","floor":1,"turns":6},{"damage":0,"enemies":"2 Louse","floor":2,"turns":3},{"damage":0,"enemies":"Jaw Worm","floor":5,"turns":6},{"damage":17,"enemies":"Lagavulin","floor":6,"turns":10},{"damage":14,"enemies":"3 Sentries","floor":8,"turns":6},{"damage":10,"enemies":"Lagavulin","floor":10,"turns":6},{"damage":0,"enemies":"Gremlin Gang","floor":12,"turns":4},{"damage":0,"enemies":"2 Fungi Beasts","floor":13,"turns":3},{"damage":12,"enemies":"3 Sentries","floor":14,"turns":7},{"damage":16,"enemies":"Slime Boss","floor":16,"turns":10},{"damage":0,"enemies":"2 Thieves","floor":18,"turns":4},{"damage":0,"enemies":"Spheric Guardian","floor":19,"turns":5},{"damage":8,"enemies":"Centurion and Healer","floor":21,"turns":6},{"damage":0,"enemies":"Snecko","floor":22,"turns":3},{"damage":8,"enemies":"Gremlin Leader","floor":27,"turns":7},{"damage":7,"enemies":"3 Cultists","floor":28,"turns":5},{"damage":0,"enemies":"Book of Stabbing","floor":30,"turns":5},{"damage":5,"enemies":"Snake Plant","floor":31,"turns":5},{"damage":41,"enemies":"Champ","floor":33,"turns":9},{"damage":0,"enemies":"3 Shapes","floor":35,"turns":4},{"damage":17,"enemies":"Mind Bloom Boss Battle","floor":36,"turns":7},{"damage":5,"enemies":"Orb Walker","floor":38,"turns":4},{"damage":19,"enemies":"Writhing Mass","floor":39,"turns":5},{"damage":2,"enemies":"Nemesis","floor":41,"turns":4},{"damage":0,"enemies":"Giant Head","floor":44,"turns":6},{"damage":4,"enemies":"3 Darklings","floor":46,"turns":4},{"damage":0,"enemies":"Transient","floor":47,"turns":5},{"damage":28,"enemies":"Donu and Deca","floor":50,"turns":4}],"seed_played":"3326808049004264653","potions_obtained":[{"floor":1,"key":"SkillPotion"},{"floor":4,"key":"DuplicationPotion"},{"floor":6,"key":"Explosive Potion"},{"floor":8,"key":"SteroidPotion"},{"floor":12,"key":"Energy Potion"},{"floor":18,"key":"SkillPotion"},{"floor":19,"key":"Swift Potion"},{"floor":28,"key":"Fire Potion"},{"floor":33,"key":"GamblersBrew"},{"floor":35,"key":"BlessingOfTheForge"},{"floor":44,"key":"PowerPotion"}],"is_trial":false,"path_per_floor":["M","M","?","?","M","E","$","E","T","E","$","M","M","E","R","B",null,"M","M","$","M","M","R","?","R","T","E","M","R","E","M","R","B",null,"M","?","?","M","M","R","E","R","T","E","?","M","M","$","R","B",null],"character_chosen":"NECROMANCER","items_purchased":["jedi:ominousloannote","Summon_Lich","vexMod:PaidLearning","Summon_Undead_Army","Stop_Heart"],"campfire_rested":1,"item_purchase_floors":[7,7,11,20,20],"current_hp_per_floor":[75,75,75,75,75,60,60,58,58,56,56,70,75,70,70,65,75,75,75,75,74,75,75,75,75,75,75,73,73,75,72,72,37,75,75,61,61,64,53,68,68,68,68,68,68,67,68,68,68,47],"gold":289,"neow_bonus":"RANDOM_COLORLESS","is_daily":false,"chose_seed":false,"campfire_upgraded":7,"win_rate":0.0,"timestamp":1609893194,"path_taken":["M","?","?","?","M","E","?","E","T","E","$","M","M","E","R","BOSS","M","M","$","M","?","R","?","R","T","E","M","R","E","M","R","BOSS","M","?","?","M","M","R","E","R","T","E","?","M","M","$","R","BOSS"],"items_purchased_type":["Relic","Card","Relic","Card","Card"],"build_version":"2020-12-22","purchased_purges":3,"victory":true,"max_hp_per_floor":[75,75,75,75,75,75,75,75,75,75,75,75,75,75,75,75,75,75,75,75,75,75,75,75,75,75,75,75,75,75,75,75,75,75,75,75,68,68,68,68,68,68,68,68,68,68,68,68,68,68],"card_choices":[{"not_picked":["Madness","expansioncontent:PolyBeam"],"picked":"expansioncontent:DefensiveStance","floor":0},{"not_picked":["Shackles_Of_Pain","Uncharnel"],"picked":"Shade_Step","floor":1},{"not_picked":["Death_Coil","Negative_Energy_Sphere"],"picked":"Negative_Energy_Shield","floor":2},{"not_picked":["Blood_Curse","Plague_Bolt"],"picked":"Summon_Undead_Army","floor":5},{"not_picked":["Death_Knell","Summon_Undead_Army"],"picked":"Stop_Heart","floor":6},{"not_picked":["Acid_Javelin","Negative_Energy_Sphere"],"picked":"Summon_Death_Knight","floor":8},{"not_picked":["Blood_Shield","Blood_Whip"],"picked":"Bone_Spikes","floor":10},{"not_picked":["Finger_Of_Death","Consume_Illness"],"picked":"Corrupt","floor":12},{"not_picked":["Negative_Energy_Javelin","Blood_Is_Power"],"picked":"Skeleton_Dragon","floor":13},{"not_picked":["Scare","Bone_Bullets"],"picked":"Bone_Armory","floor":14},{"not_picked":["Blood_Magic","Negative_Energy_Bomb"],"picked":"Cloudkill","floor":16},{"not_picked":["Death_March_Dance","Corrupt"],"picked":"Blood_Curse+1","floor":18},{"not_picked":["Slay_Living+1","Flesh_Made_Foul+1"],"picked":"Bone_Armor","floor":19},{"not_picked":["Death_March_Dance","Finger_Of_Death+1"],"picked":"Summon_Death_Knight","floor":21},{"not_picked":["Chill_Blood","Pandemic+1","Bone_Shift+1"],"picked":"SKIP","floor":22},{"not_picked":["Corrupt+1","Scare+1"],"picked":"Skeleton_Dragon","floor":27},{"not_picked":["Death_Knell","Plague_Bolt","Blood_for_Blood+1"],"picked":"SKIP","floor":28},{"not_picked":["Thousand_Bone_Knives","Negative_Energy_Shield+1","Negative_Energy_Sphere+1"],"picked":"SKIP","floor":30},{"not_picked":["Blood_Is_Power+1","Bones_to_Steel+1"],"picked":"Bone_Bullets+1","floor":31},{"not_picked":["Detonate_Bones","Reap_The_Weak"],"picked":"Grasp_Heart","floor":33},{"not_picked":["Corrupt","Scare+1"],"picked":"Siphon_Strength+1","floor":35},{"not_picked":["Death_Coil+1","Scare+1","Spectral_Walk"],"picked":"SKIP","floor":38},{"not_picked":["Negative_Energy_Sphere+1","Negative_Energy_Burst"],"picked":"Siphon_Strength+1","floor":39},{"not_picked":["Summon_Vampire_Lady","Pandemic","Bones_to_Steel+1"],"picked":"SKIP","floor":41},{"not_picked":["Siphon_Strength","Death_Knell"],"picked":"Spectral_Walk","floor":44},{"not_picked":["Bone_Spikes+1","Toxic_Smoke_Screen+1","Shade_Step+1"],"picked":"SKIP","floor":46},{"not_picked":["Negative_Energy_Mist+1","Exploit","Spectral_Walk+1"],"picked":"SKIP","floor":47}],"player_experience":795991,"relics_obtained":[{"floor":6,"key":"theForsaken:Lifeblossom"},{"floor":8,"key":"Smiling Mask"},{"floor":9,"key":"Boot"},{"floor":10,"key":"Anchor"},{"floor":14,"key":"Akabeko"},{"floor":26,"key":"theForsaken:HumbleEgg"},{"floor":27,"key":"PreservedInsect"},{"floor":30,"key":"Blue Candle"},{"floor":36,"key":"jedi:matchstick"},{"floor":41,"key":"Peace Pipe"},{"floor":43,"key":"Mummified Hand"},{"floor":44,"key":"StuffTheSpire:PointBlank"}],"event_choices":[{"damage_healed":0,"gold_gain":0,"player_choice":"Grow","damage_taken":0,"max_hp_gain":0,"max_hp_loss":0,"event_name":"Living Wall","floor":3,"gold_loss":0,"cards_upgraded":["expansioncontent:DefensiveStance"]},{"damage_healed":0,"gold_gain":100,"player_choice":"Pray","damage_taken":0,"max_hp_gain":0,"max_hp_loss":0,"event_name":"Golden Shrine","floor":24,"gold_loss":0},{"damage_healed":0,"gold_gain":0,"player_choice":"Fight","damage_taken":0,"max_hp_gain":0,"max_hp_loss":0,"event_name":"MindBloom","floor":36,"gold_loss":0},{"damage_healed":0,"gold_gain":0,"player_choice":"Got Potions","damage_taken":0,"max_hp_gain":0,"max_hp_loss":0,"event_name":"Lab","floor":45,"gold_loss":0}],"is_beta":false,"boss_relics":[{"not_picked":["jedi:hotpepper","Runic Pyramid"],"picked":"vexMod:DeviousBotling"},{"not_picked":["StuffTheSpire:RunicHypercube","Fusion Hammer"],"picked":"jedi:paperlyon"}],"items_purged_floors":[7,11,48],"is_endless":false,"potions_floor_spawned":[1,6,8,10,12,13,18,19,28,33,35,44,47],"ascension_level":1}}