{"host":"1a3cjta80tad0aqj","time":1609960459,"event":{"mods":["2.2 Compatiblity","AchievementEnabler","BaseMod","Colored Map","DeckTracker","KOR Keyword Fix","Keyboard Shortcuts","Minty Spire (QoL Compilation)","Permanent Neow","Quick Restart","Random Character Button","StSLib","SuperFastMode","everything is the same but u backflip on backflip"],"gold_per_floor":[113,38,50,68,78,103,103,136,136,153,73,90,90,8,8,112,112,132,150,65,81,101,135,150,160,183,183,199,215,14,29,29,128,128,145,145,45,57,74,74,104,104,175,189,239,267,16,26,26,26,26],"floor_reached":50,"playtime":2731,"items_purged":["Strike_R","Defend_R","Parasite"],"score":590,"play_id":"6b7f288f-84eb-4aa0-9d98-10b6683a7c90","local_time":"20210107041419","is_ascension_mode":false,"campfire_choices":[{"floor":7,"key":"REST"},{"data":"Heavy Blade","floor":15,"key":"SMITH"},{"floor":27,"key":"REST"},{"floor":32,"key":"REST"},{"floor":40,"key":"REST"},{"floor":49,"key":"REST"}],"circlet_count":0,"master_deck":["Strike_R","Strike_R","Strike_R","Strike_R","Defend_R","Defend_R","Defend_R","Bash","Inflame","Heavy Blade","Heavy Blade+1","Twin Strike","Brutality","Pommel Strike","Searing Blow","Headbutt","Spot Weakness","Immolate","Rage","Wild Strike+1","Flex","Shrug It Off","Flex+1","Infernal Blade+1","Offering","Double Tap","Shrug It Off+1","Impervious"],"relics":["Burning Blood","NeowsBlessing","Orichalcum","StrikeDummy","Shuriken","Philosopher\u0027s Stone","PreservedInsect","Dead Branch","Blood Vial","HandDrill","Busted Crown","Bronze Scales","Frozen Egg 2","Mango","MawBank"],"acts_visited":["TheCity","TheBeyond"],"potions_floor_usage":[10,16,22,29,31,33,33,35,38,44,46,50,50],"damage_taken":[{"damage":0,"enemies":"Small Slimes","floor":1,"turns":1},{"damage":0,"enemies":"2 Louse","floor":3,"turns":1},{"damage":0,"enemies":"Jaw Worm","floor":4,"turns":1},{"damage":17,"enemies":"Red Slaver","floor":5,"turns":5},{"damage":46,"enemies":"Lagavulin","floor":6,"turns":6},{"damage":8,"enemies":"Gremlin Nob","floor":8,"turns":4},{"damage":10,"enemies":"Exordium Wildlife","floor":10,"turns":4},{"damage":5,"enemies":"Looter","floor":12,"turns":3},{"damage":34,"enemies":"Hexaghost","floor":16,"turns":7},{"damage":19,"enemies":"2 Thieves","floor":18,"turns":3},{"damage":7,"enemies":"Chosen","floor":19,"turns":3},{"damage":15,"enemies":"3 Cultists","floor":21,"turns":4},{"damage":14,"enemies":"Snake Plant","floor":22,"turns":2},{"damage":17,"enemies":"Gremlin Leader","floor":23,"turns":3},{"damage":13,"enemies":"Cultist and Chosen","floor":24,"turns":4},{"damage":23,"enemies":"Sentry and Sphere","floor":25,"turns":4},{"damage":20,"enemies":"3 Cultists","floor":28,"turns":5},{"damage":9,"enemies":"Snake Plant","floor":29,"turns":2},{"damage":2,"enemies":"Sentry and Sphere","floor":31,"turns":3},{"damage":55,"enemies":"Champ","floor":33,"turns":6},{"damage":34,"enemies":"3 Darklings","floor":35,"turns":4},{"damage":9,"enemies":"Orb Walker","floor":38,"turns":3},{"damage":18,"enemies":"3 Darklings","floor":39,"turns":3},{"damage":6,"enemies":"Reptomancer","floor":41,"turns":1},{"damage":25,"enemies":"Writhing Mass","floor":44,"turns":2},{"damage":39,"enemies":"Mind Bloom Boss Battle","floor":45,"turns":4},{"damage":26,"enemies":"Giant Head","floor":46,"turns":5},{"damage":17,"enemies":"4 Shapes","floor":48,"turns":4},{"damage":53,"enemies":"Awakened One","floor":50,"turns":3}],"seed_played":"-6820538273478389311","potions_obtained":[{"floor":3,"key":"Swift Potion"},{"floor":5,"key":"Explosive Potion"},{"floor":6,"key":"DuplicationPotion"},{"floor":10,"key":"Dexterity Potion"},{"floor":18,"key":"EssenceOfSteel"},{"floor":29,"key":"GamblersBrew"},{"floor":31,"key":"Swift Potion"},{"floor":33,"key":"LiquidBronze"},{"floor":35,"key":"LiquidMemories"},{"floor":38,"key":"Fruit Juice"},{"floor":44,"key":"Explosive Potion"},{"floor":45,"key":"Ancient Potion"}],"is_trial":false,"path_per_floor":["M","$","M","M","M","E","R","E","T","M","$","M","?","$","R","B",null,"M","M","?","M","M","E","M","M","T","R","M","M","$","M","R","B",null,"M","?","$","M","M","R","E","?","T","M","?","E","$","M","R","B"],"character_chosen":"IRONCLAD","items_purchased":["Searing Blow","Spot Weakness","HandDrill","SkillPotion","Impervious"],"campfire_rested":5,"item_purchase_floors":[11,14,30,30,47],"current_hp_per_floor":[80,80,80,80,69,29,53,51,51,47,47,48,68,68,68,40,80,67,66,66,57,49,38,31,14,14,38,26,25,25,31,55,8,80,52,52,52,56,46,71,73,73,73,56,39,21,21,12,40,0,0],"gold":26,"neow_bonus":"THREE_ENEMY_KILL","is_daily":false,"chose_seed":false,"campfire_upgraded":1,"win_rate":0.0,"timestamp":1609960459,"path_taken":["M","$","M","M","M","E","R","E","T","M","$","M","?","$","R","BOSS","M","M","?","M","M","E","M","M","T","R","M","M","$","M","R","BOSS","M","?","$","M","M","R","E","?","T","M","?","E","?","M","R","BOSS"],"items_purchased_type":["Card","Card","Relic","Potion","Card"],"build_version":"2020-12-22","purchased_purges":3,"victory":false,"max_hp_per_floor":[80,80,80,80,80,80,80,80,80,80,80,80,80,80,80,80,80,80,80,80,80,80,80,80,80,80,80,80,80,80,80,80,80,80,80,80,80,85,85,85,85,85,85,85,99,99,96,96,96,96,96],"card_choices":[{"not_picked":["Wild Strike","Pommel Strike"],"picked":"Inflame","floor":1},{"not_picked":["Havoc","Headbutt"],"picked":"Heavy Blade","floor":3},{"not_picked":["Burning Pact","Rupture"],"picked":"Heavy Blade","floor":4},{"not_picked":["True Grit","Armaments","Perfected Strike"],"picked":"SKIP","floor":5},{"not_picked":["Warcry","Wild Strike"],"picked":"Twin Strike","floor":6},{"not_picked":["Combust","Perfected Strike"],"picked":"Brutality","floor":8},{"not_picked":["Twin Strike","Heavy Blade"],"picked":"Pommel Strike","floor":10},{"not_picked":["Body Slam","Perfected Strike"],"picked":"Headbutt","floor":12},{"not_picked":["Impervious","Juggernaut"],"picked":"Immolate","floor":16},{"not_picked":["Headbutt","Second Wind"],"picked":"Rage","floor":18},{"not_picked":["Twin Strike+1","Pommel Strike"],"picked":"Wild Strike+1","floor":19},{"not_picked":["Dual Wield","Flame Barrier","Blood for Blood"],"picked":"SKIP","floor":21},{"not_picked":["Pommel Strike","Headbutt"],"picked":"Flex","floor":22},{"not_picked":["Body Slam","Rage","Armaments+1"],"picked":"SKIP","floor":23},{"not_picked":["Clash","Perfected Strike"],"picked":"Shrug It Off","floor":24},{"not_picked":["Flame Barrier","Anger"],"picked":"Flex+1","floor":25},{"not_picked":["Flame Barrier","Pommel Strike"],"picked":"Infernal Blade+1","floor":28},{"not_picked":["Sword Boomerang+1","Iron Wave"],"picked":"Offering","floor":29},{"not_picked":["True Grit","Seeing Red","Thunderclap"],"picked":"SKIP","floor":31},{"not_picked":["Limit Break","Bludgeon"],"picked":"Double Tap","floor":33},{"not_picked":["Sword Boomerang"],"picked":"SKIP","floor":35},{"not_picked":["Reckless Charge+1"],"picked":"SKIP","floor":38},{"not_picked":["Thunderclap"],"picked":"SKIP","floor":39},{"not_picked":[],"picked":"Shrug It Off+1","floor":41},{"not_picked":["Combust+1"],"picked":"SKIP","floor":44},{"not_picked":["True Grit"],"picked":"SKIP","floor":46},{"not_picked":["Whirlwind+1"],"picked":"SKIP","floor":48}],"player_experience":151622,"relics_obtained":[{"floor":6,"key":"Orichalcum"},{"floor":8,"key":"StrikeDummy"},{"floor":9,"key":"Shuriken"},{"floor":23,"key":"Dead Branch"},{"floor":26,"key":"Blood Vial"},{"floor":41,"key":"Bronze Scales"},{"floor":43,"key":"Frozen Egg 2"},{"floor":45,"key":"Mango"},{"floor":46,"key":"MawBank"}],"event_choices":[{"damage_healed":20,"gold_gain":0,"player_choice":"Healed and dodged fight","damage_taken":0,"max_hp_gain":0,"max_hp_loss":0,"event_name":"Mushrooms","floor":13,"gold_loss":0,"cards_obtained":["Parasite"]},{"damage_healed":0,"gold_gain":0,"player_choice":"Obtained Relic","damage_taken":0,"relics_obtained":["PreservedInsect"],"max_hp_gain":0,"max_hp_loss":0,"event_name":"Addict","floor":20,"gold_loss":85},{"damage_healed":0,"gold_gain":0,"player_choice":"Ignored","damage_taken":0,"max_hp_gain":0,"max_hp_loss":0,"event_name":"Tomb of Lord Red Mask","floor":36,"gold_loss":0},{"damage_healed":0,"gold_gain":0,"player_choice":"Memory 1","damage_taken":0,"max_hp_gain":0,"max_hp_loss":0,"event_name":"SensoryStone","floor":42,"gold_loss":0},{"damage_healed":0,"gold_gain":0,"player_choice":"Fight","damage_taken":0,"max_hp_gain":0,"max_hp_loss":0,"event_name":"MindBloom","floor":45,"gold_loss":0}],"is_beta":false,"boss_relics":[{"not_picked":["Mark of Pain","Sozu"],"picked":"Philosopher\u0027s Stone"},{"not_picked":["Coffee Dripper","Runic Pyramid"],"picked":"Busted Crown"}],"items_purged_floors":[2,37,47],"is_endless":false,"potions_floor_spawned":[3,5,6,8,10,18,19,29,31,33,35,38,44,45],"killed_by":"Awakened One","ascension_level":0}}