{"host":"7yxt37kap0q16lk4","time":1609948949,"event":{"mods":["2.2 Compatiblity","Act Like it!","BaseMod","Better Third Choice","Better-Laid Plans","Colored Map","Custom Start","Highlight Path","Keyboard Shortcuts","Minty Spire (QoL Compilation)","Quick Restart","Rare Cards Sparkle","Relic Stats","Shop Mod","Slay the Relics Exporter","StSLib","SuperFastMode"],"gold_per_floor":[118,131,131,17,27,59,59,59,59,88,88,88,88,117,117,190,190,208,108,108,127,143,143,143,143,167,184,184,184],"floor_reached":28,"playtime":490,"items_purged":["Strike_R","Strike_R"],"score":468,"play_id":"c81976c0-a3d0-4e93-b86c-8f568d6e9d69","local_time":"20210107010229","is_ascension_mode":true,"campfire_choices":[{"data":"Uppercut","floor":7,"key":"SMITH"},{"data":"Sword Boomerang","floor":11,"key":"SMITH"},{"data":"Pommel Strike","floor":13,"key":"SMITH"},{"data":"Dropkick","floor":15,"key":"SMITH"},{"data":"Battle Trance","floor":23,"key":"SMITH"},{"floor":25,"key":"REST"}],"circlet_count":0,"master_deck":["AscendersBane","Strike_R","Strike_R","Defend_R","Defend_R","Defend_R","Defend_R","Bash","Cleave","Pommel Strike+1","Uppercut+1","Sword Boomerang+1","Dropkick+1","Immolate+1","Ghostly Armor","Battle Trance+1","Intimidate+1"],"relics":["Burning Blood","NeowsBlessing","Omamori","StrikeDummy","Meat on the Bone","Anchor","Bronze Scales","Runic Dome","Nilry\u0027s Codex","Tiny Chest"],"acts_visited":["Exordium","TheCity"],"potions_floor_usage":[6,14],"damage_taken":[{"damage":0,"enemies":"2 Louse","floor":1,"turns":1},{"damage":0,"enemies":"Cultist","floor":2,"turns":1},{"damage":0,"enemies":"Jaw Worm","floor":5,"turns":1},{"damage":30,"enemies":"3 Sentries","floor":6,"turns":7},{"damage":8,"enemies":"Gremlin Nob","floor":10,"turns":3},{"damage":10,"enemies":"Lagavulin","floor":14,"turns":4},{"damage":39,"enemies":"Hexaghost","floor":16,"turns":8},{"damage":0,"enemies":"Chosen","floor":18,"turns":3},{"damage":5,"enemies":"Shell Parasite","floor":21,"turns":2},{"damage":23,"enemies":"Sentry and Sphere","floor":22,"turns":4},{"damage":12,"enemies":"Cultist and Chosen","floor":27,"turns":3},{"damage":48,"enemies":"Gremlin Leader","floor":28,"turns":4}],"seed_played":"135044218378140007","potions_obtained":[{"floor":5,"key":"DuplicationPotion"},{"floor":10,"key":"SteroidPotion"},{"floor":14,"key":"Explosive Potion"},{"floor":27,"key":"LiquidMemories"}],"is_trial":false,"path_per_floor":["M","M","?","$","M","E","R","?","T","E","R","$","R","E","R","B",null,"M","$","?","M","M","R","?","R","T","M","E"],"character_chosen":"IRONCLAD","items_purchased":["Uppercut"],"campfire_rested":1,"item_purchase_floors":[4],"current_hp_per_floor":[74,75,75,75,75,51,51,51,51,49,49,49,49,45,45,24,62,68,68,68,69,52,52,31,53,53,47,0,0],"gold":184,"neow_bonus":"THREE_ENEMY_KILL","is_daily":false,"chose_seed":false,"campfire_upgraded":5,"win_rate":0.0,"timestamp":1609948949,"path_taken":["M","M","?","$","?","E","R","?","T","E","R","?","R","E","R","BOSS","M","$","?","M","?","R","?","R","T","M","E"],"items_purchased_type":["Card"],"build_version":"2020-12-22","purchased_purges":2,"victory":false,"max_hp_per_floor":[75,75,75,75,75,75,75,75,75,75,75,75,75,75,75,75,75,75,75,75,75,75,75,75,75,75,75,75,75],"relic_stats":{"counters":[12,41],"Bronze Scales":[54],"Tiny Chest":0,"obtain_stats":[{"Runic Dome":17,"Anchor":10,"NeowsBlessing":0,"Nilry\u0027s Codex":24,"Bronze Scales":14,"GremlinMask":8,"Tiny Chest":26,"Omamori":0,"StrikeDummy":6,"Burning Blood":0,"Meat on the Bone":9},{"Runic Dome":7,"Anchor":5,"NeowsBlessing":0,"Nilry\u0027s Codex":10,"Bronze Scales":6,"GremlinMask":4,"Tiny Chest":10,"Omamori":0,"StrikeDummy":4,"Burning Blood":0,"Meat on the Bone":4},{"Runic Dome":25,"Anchor":13,"NeowsBlessing":0,"Nilry\u0027s Codex":34,"Bronze Scales":17,"GremlinMask":10,"Tiny Chest":34,"Omamori":0,"StrikeDummy":10,"Burning Blood":0,"Meat on the Bone":10}],"Burning Blood":55,"Meat on the Bone":12},"card_choices":[{"not_picked":["Havoc","Combust"],"picked":"Cleave","floor":1},{"not_picked":["Perfected Strike","Twin Strike"],"picked":"Pommel Strike","floor":2},{"not_picked":["Shockwave","Entrench"],"picked":"Sword Boomerang","floor":5},{"not_picked":["Twin Strike","Warcry","Heavy Blade"],"picked":"SKIP","floor":6},{"not_picked":["Shockwave","Clash"],"picked":"Dropkick","floor":10},{"not_picked":["Havoc","Feel No Pain","Thunderclap"],"picked":"SKIP","floor":14},{"not_picked":["Corruption","Fiend Fire"],"picked":"Immolate","floor":16},{"not_picked":["Anger","Headbutt"],"picked":"Ghostly Armor","floor":18},{"not_picked":["Uppercut","Clash"],"picked":"Battle Trance","floor":21},{"not_picked":["Infernal Blade","Iron Wave","Clothesline"],"picked":"SKIP","floor":22},{"not_picked":["Iron Wave","Body Slam"],"picked":"Intimidate+1","floor":27}],"player_experience":1040640,"relics_obtained":[{"floor":6,"key":"StrikeDummy"},{"floor":9,"key":"Meat on the Bone"},{"floor":10,"key":"Anchor"},{"floor":14,"key":"Bronze Scales"},{"floor":24,"key":"Nilry\u0027s Codex"},{"floor":26,"key":"Tiny Chest"}],"event_choices":[{"cards_removed":["Strike_R"],"damage_healed":0,"gold_gain":0,"player_choice":"Purged","damage_taken":0,"max_hp_gain":0,"max_hp_loss":0,"event_name":"Purifier","floor":3,"gold_loss":0},{"damage_healed":0,"gold_gain":0,"player_choice":"Trade","damage_taken":0,"relics_obtained":["GremlinMask"],"max_hp_gain":0,"max_hp_loss":0,"event_name":"FaceTrader","floor":8,"gold_loss":0},{"damage_healed":0,"gold_gain":0,"player_choice":"Upgraded","damage_taken":0,"max_hp_gain":0,"max_hp_loss":0,"event_name":"Upgrade Shrine","floor":20,"gold_loss":0,"cards_upgraded":["Immolate"]},{"damage_healed":0,"gold_gain":0,"player_choice":"Obtained Book","damage_taken":21,"max_hp_gain":0,"max_hp_loss":0,"event_name":"Cursed Tome","floor":24,"gold_loss":0}],"is_beta":false,"boss_relics":[{"not_picked":["Ectoplasm","Fusion Hammer"],"picked":"Runic Dome"}],"items_purged_floors":[4,19],"is_endless":false,"potions_floor_spawned":[5,10,14,27],"killed_by":"Gremlin Leader","ascension_level":20}}