{"host":"xrbxyo513dr24h85","time":1609971004,"event":{"mods":["BaseMod","Better Third Choice","Colored Map","Downfall","Googly Eyes","Halation","Hubris","Lobotomy","Minty Spire (QoL Compilation)","Random Character Button","Relic Stats","Replay The Spire","Retaliation","StSLib","The Blue Laboratory"],"gold_per_floor":[109,123,140,140,151,182,199,254,254,254,254,270,270,289,289,386,386,406,406,406,425,171,200,220,246,246,246,246,246,246,256,256,358,358,376,74,84,84,94,94,114,142,142,156,191,208,220,220,220],"floor_reached":48,"playtime":1356,"items_purged":[],"score":609,"play_id":"e6a59488-5460-42e3-957e-19e443c8ff20","local_time":"20210106141004","is_ascension_mode":false,"campfire_choices":[{"floor":11,"key":"REST"},{"floor":13,"key":"REST"},{"data":"Dagger Spray","floor":15,"key":"SMITH"},{"floor":27,"key":"REST"},{"data":"Footwork","floor":29,"key":"SMITH"},{"floor":32,"key":"REST"},{"floor":40,"key":"REST"}],"circlet_count":0,"master_deck":["Strike_G","Strike_G","Strike_G","Strike_G","Strike_G","Defend_G","Defend_G","Defend_G","Survivor","Neutralize","Escape Plan","Poisoned Stab","Quick Slash","Dagger Spray+1","Flying Knee","Replay:Poison Smokescreen","PiercingWail","Footwork+1","Dagger Spray","Deadly Poison","Eviscerate","Dagger Spray","Dagger Spray","Crippling Poison","Spreading Infection","Pot Of Greed","Pot Of Greed","Pot Of Greed","Cloak And Dagger","Atom Bomb","Slice","Heel Hook","Venomology","Dodge and Roll+1","Parasite","Cloak And Dagger+1"],"relics":["Ring of the Snake","hubris:Metronome","Tingsha","Anchor","halation:SmartPhone","Replay:Bottled Snecko","Orichalcum","Mirror","Prayer Wheel","Grinning Jar","Painkiller Herb","Thread and Needle","TungstenRod","Lantern","Bottled Lightning","Blood Vial"],"acts_visited":["Exordium","TheCity","TheBeyond"],"potions_floor_usage":[5,16,31,39,42,44,45,45,46,46,47,47,48],"damage_taken":[{"damage":0,"enemies":"Small Slimes","floor":1,"turns":4},{"damage":0,"enemies":"2 Louse","floor":2,"turns":3},{"damage":0,"enemies":"Cultist","floor":3,"turns":3},{"damage":3,"enemies":"Large Slime","floor":5,"turns":5},{"damage":45,"enemies":"3 Sentries","floor":6,"turns":7},{"damage":0,"enemies":"Looter","floor":7,"turns":2},{"damage":10,"enemies":"Gremlin Nob","floor":8,"turns":3},{"damage":0,"enemies":"Blue Slaver","floor":12,"turns":2},{"damage":0,"enemies":"2 Fungi Beasts","floor":14,"turns":2},{"damage":15,"enemies":"Fading Forest","floor":16,"turns":11},{"damage":0,"enemies":"Chosen","floor":18,"turns":2},{"damage":0,"enemies":"Shell Parasite","floor":21,"turns":2},{"damage":0,"enemies":"Gremlin Leader","floor":23,"turns":3},{"damage":0,"enemies":"3 Cultists","floor":24,"turns":2},{"damage":25,"enemies":"Book of Stabbing","floor":25,"turns":4},{"damage":0,"enemies":"Centurion and Healer","floor":31,"turns":2},{"damage":44,"enemies":"hubris:MusketHawk","floor":33,"turns":10},{"damage":0,"enemies":"3 Shapes","floor":35,"turns":1},{"damage":17,"enemies":"3 Darklings","floor":37,"turns":4},{"damage":13,"enemies":"Transient","floor":39,"turns":5},{"damage":9,"enemies":"Reptomancer","floor":42,"turns":5},{"damage":5,"enemies":"Jaw Worm Horde","floor":44,"turns":3},{"damage":41,"enemies":"Nemesis","floor":45,"turns":5},{"damage":0,"enemies":"3 Darklings","floor":46,"turns":4},{"damage":12,"enemies":"Writhing Mass","floor":47,"turns":4},{"damage":16,"enemies":"4 Shapes","floor":48,"turns":5}],"seed_played":"-5620433663723408869","potions_obtained":[{"floor":2,"key":"blueLaboratory:EnvenomedCoating"},{"floor":5,"key":"blueLaboratory:CorrosionFlask"},{"floor":8,"key":"blueLaboratory:ImpenetrablePotion"},{"floor":14,"key":"LiquidMemories"},{"floor":23,"key":"blueLaboratory:CorrosionFlask"},{"floor":33,"key":"Fire Potion"},{"floor":37,"key":"Languid Potion"},{"floor":44,"key":"ColorlessPotion"},{"floor":45,"key":"Fire Potion"},{"floor":47,"key":"Languid Potion"}],"is_trial":false,"path_per_floor":["M","M","M","$","M","E","M","?","T","?","R","M","R","M","R","B",null,"M","?","?","M","$","E","M","E","T","R","?","R","?","M","R","B",null,"?","T","?","?","?","T","?","E","T","?","E","?","?","?"],"character_chosen":"THE_SILENT","items_purchased":["Replay:Bottled Snecko","Thread and Needle"],"campfire_rested":5,"item_purchase_floors":[22,36],"current_hp_per_floor":[70,70,70,70,67,22,22,12,12,12,33,33,54,54,54,49,70,70,70,70,70,70,63,56,31,31,52,52,52,52,38,59,15,70,70,70,53,53,33,54,26,11,11,6,19,21,11,0,0],"gold":220,"neow_bonus":"TRANSFORM_CARD","is_daily":false,"chose_seed":false,"campfire_upgraded":2,"win_rate":0.0,"timestamp":1609971004,"path_taken":["M","M","M","$","M","E","M","?","T","?","R","M","R","M","R","BOSS","M","?","?","?","$","E","M","E","T","R","?","R","?","M","R","BOSS","?","T","?","?","?","T","?","E","T","?","E","?","?","?"],"items_purchased_type":["Relic","Relic"],"build_version":"2020-12-22","purchased_purges":0,"victory":false,"max_hp_per_floor":[70,70,70,70,70,70,70,70,70,70,70,70,70,70,70,70,70,70,70,70,70,70,70,70,70,70,70,70,70,70,70,70,70,70,70,70,70,70,70,70,70,70,70,70,60,60,60,60,60],"relic_stats":{"Blood Vial":6,"counters":[26,103],"Tingsha":[0],"Prayer Wheel":7,"Orichalcum":[108],"obtain_stats":[{"halation:SmartPhone":17,"hubris:Metronome":6,"Lantern":42,"Tingsha":8,"Painkiller Herb":34,"Thread and Needle":36,"Orichalcum":23,"Blood Vial":45,"Anchor":9,"Prayer Wheel":28,"Replay:Bottled Snecko":22,"Bottled Lightning":43,"Grinning Jar":30,"Mirror":25,"TungstenRod":41,"Ring of the Snake":0},{"halation:SmartPhone":10,"hubris:Metronome":5,"Lantern":21,"Tingsha":7,"Painkiller Herb":17,"Thread and Needle":18,"Orichalcum":13,"Blood Vial":23,"Anchor":7,"Prayer Wheel":15,"Replay:Bottled Snecko":12,"Bottled Lightning":21,"Grinning Jar":15,"Mirror":15,"TungstenRod":20,"Ring of the Snake":0},{"halation:SmartPhone":42,"hubris:Metronome":22,"Lantern":82,"Tingsha":27,"Painkiller Herb":67,"Thread and Needle":68,"Orichalcum":49,"Blood Vial":90,"Anchor":27,"Prayer Wheel":55,"Replay:Bottled Snecko":46,"Bottled Lightning":82,"Grinning Jar":55,"Mirror":55,"TungstenRod":77,"Ring of the Snake":0}],"TungstenRod":15,"Ring of the Snake":[52]},"card_choices":[{"not_picked":["Bane","Slice"],"picked":"Poisoned Stab","floor":1},{"not_picked":["Dodge and Roll","Calculated Gamble"],"picked":"Quick Slash","floor":2},{"not_picked":["Storm of Steel","Dash"],"picked":"Dagger Spray","floor":3},{"not_picked":["Underhanded Strike","Backflip"],"picked":"Flying Knee","floor":5},{"not_picked":["Hidden Blade","Accuracy"],"picked":"Replay:Poison Smokescreen","floor":6},{"not_picked":["Quick Slash","Choke"],"picked":"PiercingWail","floor":7},{"not_picked":["Deflect","Unload"],"picked":"Footwork","floor":12},{"not_picked":["Deflect","Poisoned Stab"],"picked":"Dagger Spray","floor":14},{"not_picked":["Dagger Throw","Acrobatics"],"picked":"Deadly Poison","floor":18},{"not_picked":["Bane","Footwork"],"picked":"Eviscerate","floor":21},{"not_picked":["Deflect+1","hubris:SlightOfHand"],"picked":"Dagger Spray","floor":23},{"not_picked":["Underhanded Strike+1","Flying Knee+1"],"picked":"Dagger Spray","floor":24},{"not_picked":["Dagger Throw","ReplayTheSpireMod:The Works"],"picked":"Crippling Poison","floor":25},{"not_picked":["Acrobatics","Underhanded Strike"],"picked":"Cloak And Dagger","floor":31},{"not_picked":["Dagger Throw","Blade Dance+1","Quick Slash"],"picked":"SKIP","floor":31},{"not_picked":["Unload","Wraith Form v2"],"picked":"Atom Bomb","floor":33},{"not_picked":["Deflect+1","Flying Knee+1"],"picked":"Slice","floor":35},{"not_picked":["Hidden Blade","Sucker Punch+1","Skewer"],"picked":"SKIP","floor":35},{"not_picked":["Dodge and Roll","Bane","Footwork"],"picked":"SKIP","floor":37},{"not_picked":["All Out Attack","ReplayTheSpireMod:Shiv Toss+1","Tools of the Trade"],"picked":"SKIP","floor":37},{"not_picked":["Acrobatics+1","Well Laid Plans+1"],"picked":"Heel Hook","floor":39},{"not_picked":["Calculated Gamble+1","hubris:Sniper","Dodge and Roll"],"picked":"SKIP","floor":39},{"not_picked":["Blade Dance+1","Slice+1"],"picked":"Venomology","floor":42},{"not_picked":["Flying Knee","Eviscerate","Hidden Blade+1"],"picked":"SKIP","floor":44},{"not_picked":["Blade Dance","Dagger Spray+1","Dodge and Roll+1"],"picked":"SKIP","floor":44},{"not_picked":["Slice","Dagger Spray","Caltrops"],"picked":"SKIP","floor":45},{"not_picked":["Choke+1","Cloak And Dagger+1"],"picked":"Dodge and Roll+1","floor":46},{"not_picked":["Expertise","Noxious Fumes+1","Outmaneuver+1"],"picked":"SKIP","floor":46},{"not_picked":["Blade Dance","Escape Plan"],"picked":"Cloak And Dagger+1","floor":47},{"not_picked":["Finisher+1","Outmaneuver","PiercingWail"],"picked":"SKIP","floor":47}],"player_experience":1170463,"relics_obtained":[{"floor":6,"key":"hubris:Metronome"},{"floor":8,"key":"Tingsha"},{"floor":9,"key":"Anchor"},{"floor":23,"key":"Orichalcum"},{"floor":25,"key":"Mirror"},{"floor":41,"key":"TungstenRod"},{"floor":42,"key":"Lantern"},{"floor":43,"key":"Bottled Lightning"},{"floor":45,"key":"Blood Vial"}],"event_choices":[{"damage_healed":0,"gold_gain":0,"player_choice":"Searched \u00271\u0027 times","damage_taken":0,"max_hp_gain":0,"max_hp_loss":0,"event_name":"Dead Adventurer","floor":8,"gold_loss":0},{"cards_removed":["ReplayTheSpireMod:Scrap Shanks"],"damage_healed":0,"gold_gain":0,"player_choice":"Offered Uncommon","damage_taken":0,"max_hp_gain":0,"max_hp_loss":0,"event_name":"Bonfire Elementals","floor":20,"gold_loss":0},{"damage_healed":0,"gold_gain":0,"player_choice":"0 cards matched","damage_taken":0,"max_hp_gain":0,"max_hp_loss":0,"event_name":"Match and Keep!","floor":38,"gold_loss":0,"cards_obtained":[]}],"is_beta":false,"boss_relics":[{"not_picked":["HoveringKite","Runic Dome"],"picked":"halation:SmartPhone"},{"not_picked":["Empty Cage","hubris:Stopwatch"],"picked":"Painkiller Herb"}],"items_purged_floors":[],"is_endless":false,"potions_floor_spawned":[2,3,5,8,14,23,25,33,37,44,45,47],"killed_by":"4 Shapes","ascension_level":0}}