{"host":"an6uhul3yec8m0jh","time":1609963231,"event":{"mods":["ATMod(°¢èªMod)","Act Like it!","BaseMod","Colored Map","Colored Powertips","Gensokyo","Highlight Path","Minty Spire (QoL Compilation)","MostiFishMod","Pale of the Ancients","Quick Restart","StSLib","TestMod","UnlockEverythingMod","Waifu the Spire","noobMod"],"gold_per_floor":[111,41,41,54,65,98,118,153,153,188,208,208,25,25,25,98,98,109,128,128,25,175,175,700,740,740,936,478,628,759,759,759,910,910,1084,1126,581,788,1787,1787,1787,1917,1940,1940,2065,2251,2449,2611,2623,2785,3051,3893,4485,4547,3390,3390,3651,3651,2714,2714,2935],"floor_reached":62,"playtime":3584,"items_purged":["Injury","Defend_P","Defend_P","BowlingBash"],"score":3685,"play_id":"8e0c057c-6e98-45cb-aa1b-6b1ee3c5e7de","local_time":"20210107040031","is_ascension_mode":true,"campfire_choices":[{"data":"Eruption","floor":12.0,"key":"SMITH"},{"data":"Devotion","floor":15.0,"key":"SMITH"},{"data":"Gensokyo:MonkeysPaw","floor":23.0,"key":"SMITH"},{"data":"Adaptation","floor":32.0,"key":"SMITH"},{"data":"MostiFishMod:StarHerder","floor":40.0,"key":"SMITH"},{"data":"MostiFishMod:CyberBuddha","floor":49.0,"key":"SMITH"},{"data":"MostiFishMod:LegendTransform","floor":56,"key":"SMITH"},{"data":"AT_ChampionKick","floor":58,"key":"SMITH"}],"circlet_count":0,"master_deck":["AscendersBane","Strike_P","Strike_P+1","Strike_P+1","Strike_P+1","Defend_P+1","Defend_P+1","Eruption+1","Vigilance","AT_FamilyPortrait+1","Devotion+1","Pain","Scrawl","Prostrate","CutThroughFate+1","Tantrum","AT_ChampionKick+1","MostiFishMod:Moonprays+1","CurseOfTheBell","Wish+1","WheelKick+1","Gensokyo:MonkeysPaw+1","EmptyMind","LessonLearned+1","MostiFishMod:PathToVictory","AT_PowerWithin","testmod-DisillusionmentEcho+1","MostiFishMod:KamiSmash","Adaptation+1","DevaForm","MostiFishMod:StarHerder+1","Gensokyo:GreaterSplit","Doubt","MostiFishMod:LegendTransform+1","MostiFishMod:CyberBuddha+1","Brilliance","Apotheosis"],"relics":["PureWater","ice","DaveBox","testmod-TestBox","AT_ATBox","SentryEyes","testmod-Maize","SynthV:TestCard","Gensokyo:LunaticRedEyes","AT_BellowingDragoncrestRing","Toy Ornithopter","StrikeDummy","ChiLing","Chi","Ling","testmod-LifeArmor","testmod-OneHitWonder","AT_ForceNature","testmod-CrystalShield","Thread and Needle","InkBottle","testmod-Alchemist","testmod-Recursion","Mummified Hand","Sling","AT_TimeSand","Mercury Hourglass","AT_ImmortalShieldbow","MawBank","paleoftheancients:Timepiece","paleoftheancients:KeyRelic","Coffee Dripper","Letter Opener","paleoftheancients:SoulOfTheWatcher","AT_LudenTempest","Turnip","Lee\u0027s Waffle","Blood Vial","Gremlin Horn","Ying"],"acts_visited":["Gensokyo:Gensokyo","Gensokyo:Gensokyoer","Gensokyo:Gensokyoest","paleoftheancients:PaleOfTheAncients"],"potions_floor_usage":[51,53,61,61,61,61],"damage_taken":[{"damage":0.0,"enemies":"Gensokyo:3_Fairies","floor":1.0,"turns":2.0},{"damage":2.0,"enemies":"Gensokyo:Python","floor":4.0,"turns":2.0},{"damage":0.0,"enemies":"Gensokyo:2_Kodama","floor":5.0,"turns":1.0},{"damage":12.0,"enemies":"Gensokyo:Aya","floor":6.0,"turns":4.0},{"damage":2.0,"enemies":"Gensokyo:2_Rabbits","floor":7.0,"turns":2.0},{"damage":3.0,"enemies":"Gensokyo:Mamizou","floor":8.0,"turns":4.0},{"damage":2.0,"enemies":"Gensokyo:Cirno","floor":10.0,"turns":4.0},{"damage":3.0,"enemies":"Gensokyo:Python_and_Kodama","floor":11.0,"turns":2.0},{"damage":6.0,"enemies":"Gensokyo:Yukari","floor":16.0,"turns":3.0},{"damage":1.0,"enemies":"Gensokyo:Chomper","floor":18.0,"turns":2.0},{"damage":0.0,"enemies":"Gensokyo:AngelMirror","floor":19.0,"turns":2.0},{"damage":16.0,"enemies":"Gensokyo:Wraith","floor":22.0,"turns":4.0},{"damage":14.0,"enemies":"Gensokyo:Koishi","floor":24.0,"turns":6.0},{"damage":12.0,"enemies":"Gensokyo:Swordslinger","floor":25.0,"turns":3.0},{"damage":12.0,"enemies":"Gensokyo:Chomper_and_Gloop","floor":27.0,"turns":4.0},{"damage":10.0,"enemies":"Gensokyo:Wraith","floor":29.0,"turns":4.0},{"damage":7.0,"enemies":"Gensokyo:Slime_Group","floor":30.0,"turns":2.0},{"damage":14.0,"enemies":"Gensokyo:Eiki","floor":33.0,"turns":4.0},{"damage":12.0,"enemies":"Gensokyo:AncientGuardian","floor":35.0,"turns":2.0},{"damage":0.0,"enemies":"Gensokyo:3_Boulders","floor":36.0,"turns":2.0},{"damage":13.0,"enemies":"Gensokyo:Rafflesia","floor":38.0,"turns":3.0},{"damage":6.0,"enemies":"Gensokyo:Kasen","floor":42.0,"turns":1.0},{"damage":5.0,"enemies":"Gensokyo:Marisa","floor":45.0,"turns":3.0},{"damage":11.0,"enemies":"Gensokyo:AtlasGolem","floor":46.0,"turns":3.0},{"damage":13.0,"enemies":"Gensokyo:Kasen","floor":47.0,"turns":2.0},{"damage":10.0,"enemies":"Gensokyo:3_Boulders","floor":48.0,"turns":2.0},{"damage":0.0,"enemies":"Gensokyo:Shinki","floor":50.0,"turns":7.0},{"damage":8,"enemies":"Gensokyo:Yuyuko","floor":51,"turns":5},{"damage":13,"enemies":"Gensokyo:Yuyuko","floor":52,"turns":5},{"damage":12,"enemies":"Gensokyo:Yuyuko","floor":53,"turns":5},{"damage":17,"enemies":"Gensokyo:Yuyuko","floor":57,"turns":2},{"damage":17,"enemies":"paleoftheancients:N","floor":61,"turns":3}],"seed_played":"-2023868513715364923","potions_obtained":[{"floor":6.0,"key":"Dexterity Potion"},{"floor":7.0,"key":"Ancient Potion"},{"floor":11.0,"key":"SmokeBomb"},{"floor":16.0,"key":"Strength Potion"},{"floor":24.0,"key":"Explosive Potion"},{"floor":27.0,"key":"Fire Potion"},{"floor":29.0,"key":"GamblersBrew"},{"floor":33.0,"key":"LiquidMemories"},{"floor":38.0,"key":"DistilledChaos"},{"floor":46.0,"key":"Dexterity Potion"},{"floor":48.0,"key":"LiquidMemories"},{"floor":52,"key":"ColorlessPotion"},{"floor":53,"key":"Ancient Potion"}],"is_trial":false,"path_per_floor":["M","?","?","M","M","E","M","E","T","E","M","R","COS","?","R","B",null,"M","M","?","COS","M","R","E","M","T","M","$","M","M","?","R","B",null,"M","M","$","M","?","R","?","E","T","?","E","M","E","M","R","B","B","M","M","?","$","R","M","R","$","?","B",null],"character_chosen":"WATCHER","items_purchased":["AT_PowerWithin","testmod-DisillusionmentEcho","testmod-SpacePotion","Mummified Hand","Sling","AT_LudenTempest","Turnip","Lee\u0027s Waffle","EssenceOfSteel","Dexterity Potion","Ancient Potion","Apotheosis","Blood Vial","Gremlin Horn","Ying"],"campfire_rested":0,"item_purchase_floors":[28,28,28,37,37,55,55,55,55,55,55,59,59,59,59],"current_hp_per_floor":[61,61,61,59,59,47,45,42,42,40,37,37,37,37,37,31,59,58,58,58,58,60,60,60,48,48,36,41,31,29,29,29,15,49,52,52,52,39,39,39,24,23,23,23,45,55,42,32,32,32,55,63,57,57,70,70,62,62,62,62,69],"gold":2935,"neow_bonus":"ONE_RANDOM_RARE_CARD","is_daily":false,"chose_seed":false,"campfire_upgraded":8,"win_rate":0.0,"timestamp":1609963231,"path_taken":["M","?","?","M","M","E","M","E","T","E","M","R","COS","?","R","BOSS","M","M","?","COS","M","R","E","M","T","?","$","M","M","?","R","BOSS","M","M","$","M","?","R","?","E","T","?","E","M","E","M","R","BOSS","BOSS","M","M","?","$","R","M","R","$","?","BOSS"],"items_purchased_type":["Card","Card","Potion","Relic","Relic","Relic","Relic","Relic","Potion","Potion","Potion","Card","Relic","Relic","Relic"],"build_version":"2020-12-22","purchased_purges":4,"victory":true,"max_hp_per_floor":[68,68,68,68,68,68,68,68,68,68,68,68,68,68,68,68,68,68,68,60,60,60,60,60,60,60,60,60,60,60,60,60,60,60,60,60,60,60,60,60,60,60,60,60,60,60,60,60,60,60,63,63,63,63,70,70,70,70,70,70,70],"card_choices":[{"not_picked":["Consecrate","Collect","FollowUp"],"picked":"SKIP","floor":1.0},{"not_picked":["CrushJoints","WindmillStrike","Evaluate","FlyingSleeves"],"picked":"BowlingBash","floor":4.0},{"not_picked":["Evaluate","Protect","SashWhip","Study"],"picked":"Scrawl","floor":5.0},{"not_picked":["ClearTheMind","Swivel","BowlingBash","Weave"],"picked":"Prostrate","floor":6.0},{"not_picked":["Protect","MostiFishMod:Clarity","BowlingBash","EmptyBody","JustLucky"],"picked":"SKIP","floor":7.0},{"not_picked":["MostiFishMod:ScryFuture","WindmillStrike","InnerPeace","WaveOfTheHand"],"picked":"CutThroughFate","floor":8.0},{"not_picked":["EmptyBody","Pray","AT_SoftenMuscles","Evaluate"],"picked":"Tantrum","floor":10.0},{"not_picked":["FlyingSleeves","Indignation","ThirdEye","EmptyBody"],"picked":"AT_ChampionKick","floor":11.0},{"not_picked":["MostiFishMod:StarOceanP","MostiFishMod:OutWit","AT_ChampionKick","Vault"],"picked":"MostiFishMod:Moonprays","floor":16.0},{"not_picked":["CrushJoints","EmptyFist","MostiFishMod:PathToVictory+1","Prostrate"],"picked":"Wish","floor":18.0},{"not_picked":["Perseverance","FollowUp+1","JustLucky","Swivel"],"picked":"WheelKick+1","floor":19.0},{"not_picked":["Gensokyo:TurboGranny","Gensokyo:MissMary","Gensokyo:HAARP","Gensokyo:SlitMouthedWoman"],"picked":"Gensokyo:MonkeysPaw","floor":20.0},{"not_picked":["Collect","WaveOfTheHand","MostiFishMod:Clarity","AT_DivineConfetti"],"picked":"EmptyMind","floor":22.0},{"not_picked":["CrushJoints","Evaluate","EmptyMind","SashWhip"],"picked":"LessonLearned","floor":24.0},{"not_picked":["JustLucky","ThirdEye","BowlingBash","Consecrate"],"picked":"MostiFishMod:PathToVictory","floor":25.0},{"not_picked":["PathToVictory+1","AT_OneInchPunch+1","Prostrate","CutThroughFate","Protect"],"picked":"SKIP","floor":27.0},{"not_picked":["MostiFishMod:Clarity","Collect","Crescendo","AT_OneInchPunch"],"picked":"MostiFishMod:KamiSmash","floor":29.0},{"not_picked":["FlyingSleeves","FollowUp","SashWhip","ClearTheMind","JustLucky"],"picked":"SKIP","floor":30.0},{"not_picked":["AT_RealColorLess","Brilliance","ConjureBlade","MostiFishMod:OutWit"],"picked":"DevaForm","floor":33.0},{"not_picked":["FlurryOfBlows","Crescendo","Halt","ThirdEye","CrushJoints"],"picked":"SKIP","floor":35.0},{"not_picked":["Meditate","Pray","BowlingBash+1","SandsOfTime"],"picked":"MostiFishMod:StarHerder","floor":36.0},{"not_picked":["Crescendo","WheelKick","Collect+1","Worship+1","ClearTheMind"],"picked":"SKIP","floor":38.0},{"not_picked":["Collect","WreathOfFlame","AT_SoftenMuscles","FlyingSleeves","BowlingBash"],"picked":"SKIP","floor":42.0},{"not_picked":["FearNoEvil","Protect","FollowUp","ForeignInfluence"],"picked":"MostiFishMod:LegendTransform","floor":45.0},{"not_picked":["WheelKick+1","Consecrate","SashWhip","EmptyFist","ThirdEye"],"picked":"SKIP","floor":46.0},{"not_picked":["FlyingSleeves","Ragnarok","Evaluate","SashWhip","EmptyFist"],"picked":"SKIP","floor":47.0},{"not_picked":["EmptyFist+1","ForeignInfluence+1","SashWhip","JustLucky"],"picked":"MostiFishMod:CyberBuddha","floor":48.0},{"not_picked":["Protect","MostiFishMod:Clarity","Nirvana","EmptyBody","PathToVictory"],"picked":"SKIP","floor":52},{"not_picked":["Vengeance+1","CrushJoints+1","FlurryOfBlows+1","Consecrate+1","EmptyBody+1"],"picked":"SKIP","floor":53},{"not_picked":["PathToVictory","ThirdEye","ForeignInfluence","ClearTheMind+1"],"picked":"Brilliance","floor":57}],"player_experience":196779,"relics_obtained":[{"floor":1.0,"key":"SynthV:TestCard"},{"floor":6.0,"key":"AT_BellowingDragoncrestRing"},{"floor":8.0,"key":"Toy Ornithopter"},{"floor":9.0,"key":"StrikeDummy"},{"floor":17.0,"key":"testmod-OneHitWonder"},{"floor":17.0,"key":"AT_ForceNature"},{"floor":17.0,"key":"testmod-CrystalShield"},{"floor":24.0,"key":"Thread and Needle"},{"floor":26.0,"key":"InkBottle"},{"floor":42.0,"key":"Mercury Hourglass"},{"floor":45.0,"key":"AT_ImmortalShieldbow"},{"floor":47.0,"key":"MawBank"},{"floor":53,"key":"paleoftheancients:SoulOfTheWatcher"},{"floor":57,"key":"paleoftheancients:SoulOfTheHexaghost"}],"event_choices":[{"damage_healed":0.0,"max_hp_gain":0.0,"max_hp_loss":0.0,"gold_gain":999.0,"event_name":"¶÷ÂåË¹µÄÅÌ×Ó","player_choice":"Sell","floor":39.0,"relics_lost":["Calling Bell"],"gold_loss":0.0,"damage_taken":0.0},{"damage_healed":0,"gold_gain":50,"player_choice":"Pray","damage_taken":0,"max_hp_gain":0,"max_hp_loss":0,"event_name":"Golden Shrine","floor":54,"gold_loss":0}],"is_beta":false,"boss_relics":[{"not_picked":["RhineFirstAidKit","Cursed Key"],"picked":"Calling Bell"},{"not_picked":["HaiYi:Twilight","AT_MortalBlade"],"picked":"testmod-Recursion"}],"items_purged_floors":[28,37,55,59],"is_endless":false,"potions_floor_spawned":[6,7,11,16,24,27,29,33,38,46,48,52,53],"ascension_level":20}}