{"host":"6q94iy5iz6612v89","time":1609943422,"event":{"mods":["AchievementEnabler","BaseMod","Colored Map","DeckTracker","Keyboard Shortcuts","Minty Spire (QoL Compilation)","Permanent Neow","StSLib","SuperFastMode"],"gold_per_floor":[118,132,144,69,69,96,108,123,123,134,134,145,145,162,162,162,162],"floor_reached":16,"playtime":351,"items_purged":["Strike_P"],"score":212,"play_id":"15c51b91-f56f-4feb-a145-24dae7027e2a","local_time":"20210106233022","is_ascension_mode":true,"campfire_choices":[{"data":"Eruption","floor":11,"key":"SMITH"},{"data":"Consecrate","floor":15,"key":"SMITH"}],"circlet_count":0,"master_deck":["AscendersBane","Strike_P","Defend_P","Defend_P","Defend_P","Eruption+1","Vigilance","ReachHeaven","Evaluate","MentalFortress","Consecrate+1"],"relics":["PureWater","Singing Bowl"],"acts_visited":["Exordium"],"potions_floor_usage":[7,16,16],"damage_taken":[{"damage":11.0,"enemies":"Small Slimes","floor":1.0,"turns":5.0},{"damage":7.0,"enemies":"2 Louse","floor":2.0,"turns":3.0},{"damage":0.0,"enemies":"Cultist","floor":3.0,"turns":3.0},{"damage":16.0,"enemies":"Lagavulin","floor":6.0,"turns":5.0},{"damage":4,"enemies":"Lots of Slimes","floor":7,"turns":6},{"damage":0,"enemies":"Looter","floor":8,"turns":2},{"damage":3,"enemies":"3 Louse","floor":10,"turns":4},{"damage":0,"enemies":"Red Slaver","floor":12,"turns":3},{"damage":2,"enemies":"Blue Slaver","floor":14,"turns":3},{"damage":31,"enemies":"Slime Boss","floor":16,"turns":5}],"seed_played":"69197157740126874","potions_obtained":[{"floor":1.0,"key":"SkillPotion"},{"floor":2.0,"key":"Energy Potion"},{"floor":8,"key":"Swift Potion"}],"is_trial":false,"path_per_floor":["M","M","M","$","?","E","M","M","T","M","R","M","?","M","R","B"],"character_chosen":"WATCHER","items_purchased":[],"campfire_rested":0,"item_purchase_floors":[],"current_hp_per_floor":[50,43,43,43,43,27,23,23,23,22,22,24,24,22,22,0,0],"gold":162,"neow_bonus":"REMOVE_TWO","is_daily":false,"chose_seed":false,"campfire_upgraded":2,"win_rate":0.0,"timestamp":1609943422,"path_taken":["M","M","M","$","?","E","M","M","T","M","R","M","?","?","R","BOSS"],"items_purchased_type":[],"build_version":"2020-12-22","purchased_purges":1,"victory":false,"max_hp_per_floor":[62,62,62,62,62,62,62,62,62,64,64,66,66,66,66,66,66],"card_choices":[{"not_picked":["Protect","Swivel"],"picked":"ReachHeaven","floor":1.0},{"not_picked":["Protect","EmptyFist","Prostrate"],"picked":"SKIP","floor":2.0},{"not_picked":["Protect","Consecrate","Evaluate"],"picked":"SKIP","floor":3.0},{"not_picked":["Protect","Consecrate"],"picked":"Evaluate","floor":3.0},{"not_picked":["TalkToTheHand","Crescendo"],"picked":"MentalFortress","floor":6},{"not_picked":["Consecrate","Meditate","Evaluate"],"picked":"SKIP","floor":7},{"not_picked":["DeceiveReality","Weave","EmptyBody"],"picked":"SKIP","floor":8},{"not_picked":["BowlingBash","Consecrate","Fasting2"],"picked":"Singing Bowl","floor":10},{"not_picked":["Nirvana","CarveReality","ReachHeaven"],"picked":"Singing Bowl","floor":12},{"not_picked":["Protect","Crescendo"],"picked":"Consecrate","floor":14}],"player_experience":1432832,"relics_obtained":[{"floor":9,"key":"Singing Bowl"}],"event_choices":[{"damage_healed":0.0,"max_hp_gain":0.0,"max_hp_loss":0.0,"gold_gain":0.0,"event_name":"The Cleric","player_choice":"Leave","floor":5.0,"gold_loss":0.0,"damage_taken":0.0},{"cards_removed":["Strike_P"],"damage_healed":0,"gold_gain":0,"player_choice":"Offered Basic","damage_taken":0,"max_hp_gain":0,"max_hp_loss":0,"event_name":"Bonfire Elementals","floor":13,"gold_loss":0}],"is_beta":false,"boss_relics":[],"items_purged_floors":[4],"is_endless":false,"potions_floor_spawned":[1,2,8,12],"killed_by":"Slime Boss","ascension_level":20}}