{"host":"acw864156wjp8gcv","time":1609959514,"event":{"mods":["2.2 Compatiblity","AchievementEnabler","Aspiration","BaseMod","Beaked The Cultist","Better Altar","Better Match","Better Note","Better Sensory Stone","Better Silent Start","Better Skull","Better Third Choice","Better Vampires","BetterRewards","Challenge The Spire","Colored Map","Colored Powertips","Conspire","Curses Come First","Downfall","Energized Spire","GifTheSpireLib","Halation","Hubris","Infinite Spire","Ironclad Rager","Jedi Mod","Mimic Mod","Minty Spire (QoL Compilation)","Relic Sorter","Replay The Spire","Shop Mod","Spicy Shops","Spikes Relics","StSLib","Stuff the Spire","The Blue Laboratory","The Construct","The Jungle","Wandering Minibosses","everything is the same but u backflip on backflip","vexMod"],"gold_per_floor":[111,130,148,168,185,185,218,218,218,218,245,261,261,271,271,376,376,393,407,407,332,292,323,323,348,348,358,358,385,385,398,398,495,495,511,511,511,511,511,511,530,542,618,618,629,639,180,215,215,215],"floor_reached":51,"playtime":2334,"items_purged":["construct:Defend_Gold+1"],"score":859,"play_id":"881c46ba-4199-492f-aca5-25decfb90f4e","local_time":"20210106125834","is_ascension_mode":true,"campfire_choices":[{"data":"construct:Enhance","floor":6,"key":"SMITH"},{"data":"construct:Enhance+1","floor":8,"key":"SMITH"},{"data":"construct:ForceCore","floor":10,"key":"SMITH"},{"data":"construct:Autoturret","floor":15,"key":"SMITH"},{"data":"construct:Tumble+1","floor":24,"key":"SMITH"},{"data":"construct:BatteryCore","floor":28,"key":"SMITH"},{"data":"infinitespire:Starlight","floor":32,"key":"SMITH"},{"data":"construct:AttackMode+1","floor":40,"key":"SMITH"},{"data":"construct:VentSteam+1","floor":44,"key":"SMITH"},{"data":"construct:UnbalancingBlast+1","floor":49,"key":"SMITH"}],"circlet_count":0,"master_deck":["construct:Strike_Gold+1","construct:Strike_Gold+1","construct:Strike_Gold+1","construct:Strike_Gold+1","construct:Strike_Gold+1","construct:Defend_Gold+1","construct:Defend_Gold+1","construct:AttackMode+2","construct:Defend_Gold+1","construct:Enhance+2","construct:ForceCore+2","construct:UnbalancingBlast+2","construct:Autoturret+2","construct:BatteryCore+1","construct:Tumble+2","construct:SyphonStrike+2","infinitespire:Starlight+1","construct:Reserves","construct:ForceCore+2","construct:VentSteam+2"],"relics":["construct:ClockworkPhoenix","hubris:Icosahedron","Sozu","Molten Egg 2","jedi:archwizardhat","halation:Toothbrush","CosmicIsotope","SnailShell","Replay:Mystery Machine","Question Card","aspiration:Lifesprig","wanderingMiniBosses:Inkheart","Busted Crown","DollysMirror","Medical Kit","TheAbacus","halation:PromiseList","StuffTheSpire:GrapeVine"],"acts_visited":["Exordium","TheCity","TheBeyond"],"potions_floor_usage":[],"damage_taken":[{"damage":0,"enemies":"2 Louse","floor":1,"turns":2},{"damage":0,"enemies":"infinitespire:Voidling","floor":2,"turns":2},{"damage":0,"enemies":"Jaw Worm","floor":3,"turns":3},{"damage":2,"enemies":"Red Slaver","floor":4,"turns":3},{"damage":2,"enemies":"Exordium Wildlife","floor":5,"turns":4},{"damage":14,"enemies":"Gremlin Nob","floor":7,"turns":3},{"damage":10,"enemies":"3 Sentries","floor":11,"turns":7},{"damage":2,"enemies":"Looter","floor":12,"turns":3},{"damage":0,"enemies":"Blue Slaver","floor":14,"turns":2},{"damage":21,"enemies":"Slime Boss","floor":16,"turns":6},{"damage":32,"enemies":"Shell Parasite","floor":18,"turns":6},{"damage":0,"enemies":"Chosen","floor":19,"turns":3},{"damage":11,"enemies":"Replay:Snechameleon","floor":23,"turns":4},{"damage":25,"enemies":"Nightmare","floor":25,"turns":4},{"damage":19,"enemies":"Shelled Parasite and Fungi","floor":27,"turns":3},{"damage":7,"enemies":"Book of Stabbing","floor":29,"turns":4},{"damage":3,"enemies":"Sentry and Sphere","floor":31,"turns":4},{"damage":18,"enemies":"Automaton","floor":33,"turns":5},{"damage":0,"enemies":"3 Darklings","floor":35,"turns":3},{"damage":0,"enemies":"Orb Walker","floor":41,"turns":2},{"damage":0,"enemies":"Transient","floor":42,"turns":2},{"damage":7,"enemies":"Writhing Mass","floor":45,"turns":2},{"damage":5,"enemies":"4 Shapes","floor":46,"turns":3},{"damage":0,"enemies":"Nemesis","floor":48,"turns":3},{"damage":16,"enemies":"Awakened One","floor":50,"turns":3}],"seed_played":"-1713975692229322094","potions_obtained":[],"is_trial":false,"path_per_floor":["M","M","M","M","M","R","E","R","T","R","E","M","?","M","R","B",null,"M","M","?","$","?","E","R","NM","T","M","R","E","AVR","M","R","B",null,"M","?","?","$","?","R","M","M","T","R","M","M","$","E","R","B",null],"character_chosen":"THE_CONSTRUCT_MOD","items_purchased":["DollysMirror","Medical Kit","TheAbacus","halation:PromiseList"],"campfire_rested":0,"item_purchase_floors":[38,47,47,47],"current_hp_per_floor":[93,93,93,91,89,89,75,75,75,75,65,63,66,66,66,45,96,64,64,64,67,67,56,56,31,31,62,62,55,55,62,62,59,99,99,99,99,89,92,92,102,102,102,102,95,97,97,97,97,96],"gold":215,"neow_bonus":"TEN_PERCENT_HP_BONUS","is_daily":false,"chose_seed":false,"campfire_upgraded":10,"win_rate":0.0,"timestamp":1609959514,"path_taken":["M","M","M","M","M","R","E","R","T","R","E","M","?","M","R","BOSS","M","M","?","$","?","E","R","NM","T","?","R","E","AVR","M","R","BOSS","M","?","?","?","?","R","?","M","T","R","M","M","$","E","R","BOSS"],"items_purchased_type":["Relic","Relic","Relic","Relic"],"build_version":"2020-12-22","purchased_purges":1,"victory":true,"max_hp_per_floor":[93,93,93,93,93,93,93,93,93,93,93,93,96,96,96,96,96,96,96,96,99,99,99,99,99,99,99,99,99,99,99,99,99,99,99,99,99,99,102,102,102,102,102,102,102,102,102,102,102,102],"card_choices":[{"not_picked":["construct:ModeShift","construct:Forcefield","construct:Accumulate"],"picked":"SKIP","floor":1},{"not_picked":["construct:Hazardproof","construct:Missile"],"picked":"construct:Enhance","floor":2},{"not_picked":["construct:FocusedBeam","construct:Accumulate","construct:PowerUp"],"picked":"SKIP","floor":3},{"not_picked":["construct:Disrupt","construct:Overcharge","construct:SuppressiveFire"],"picked":"SKIP","floor":4},{"not_picked":["construct:ModeShift","construct:Forcefield"],"picked":"construct:ForceCore","floor":5},{"not_picked":["construct:SuppressiveFire+1","construct:MetalShell","construct:Multistage"],"picked":"SKIP","floor":7},{"not_picked":["construct:ModeShift","construct:BatteryAcid"],"picked":"construct:UnbalancingBlast+1","floor":11},{"not_picked":["construct:Reinforce","construct:ModeShift"],"picked":"construct:Autoturret","floor":12},{"not_picked":["construct:Backfire+1","construct:SyphonStrike+1","construct:FlakBarrage+1"],"picked":"SKIP","floor":14},{"not_picked":["construct:ShieldBurst+1","construct:SpinDrive"],"picked":"construct:BatteryCore","floor":16},{"not_picked":["construct:ModeShift+1","construct:MetalShell+1"],"picked":"construct:Tumble+1","floor":18},{"not_picked":["construct:Failsafe","construct:Backup"],"picked":"construct:SyphonStrike+1","floor":19},{"not_picked":["construct:Versatility+1","construct:ElectricArmor+1","construct:ShiftStrike+1"],"picked":"SKIP","floor":23},{"not_picked":["construct:HeavyBolt+1","construct:Anticipate","construct:Bunker"],"picked":"SKIP","floor":25},{"not_picked":["construct:Accumulate+1","construct:Forcefield+1","construct:ModeShift","construct:SuppressiveFire+1"],"picked":"SKIP","floor":27},{"not_picked":["construct:Autoturret","construct:MassProduction","construct:Multistage","construct:Hazardproof"],"picked":"SKIP","floor":29},{"not_picked":["construct:Stasis","construct:OmegaCannon+1","construct:Missile+1","construct:SweepLaser+1"],"picked":"SKIP","floor":31},{"not_picked":["construct:GoldenBullet+1","construct:BatteryCore","construct:ClockworkEgg"],"picked":"construct:Reserves","floor":33},{"not_picked":["construct:Electrocute+1","construct:OmegaCannon+1"],"picked":"SKIP","floor":35},{"not_picked":["construct:SuppressiveFire+1","construct:CriticalHit+1"],"picked":"SKIP","floor":41},{"not_picked":["construct:HeavyBolt+1"],"picked":"construct:VentSteam+1","floor":42},{"not_picked":["construct:Failsafe","construct:SyphonStrike+1"],"picked":"SKIP","floor":45},{"not_picked":["construct:ModeShift","construct:QuickAttack+1"],"picked":"SKIP","floor":46},{"not_picked":["construct:HeavyBolt+1","construct:HastyRepair"],"picked":"SKIP","floor":48}],"player_experience":124847,"relics_obtained":[{"floor":7,"key":"Molten Egg 2"},{"floor":9,"key":"jedi:archwizardhat"},{"floor":11,"key":"halation:Toothbrush"},{"floor":23,"key":"SnailShell"},{"floor":25,"key":"Replay:Mystery Machine"},{"floor":26,"key":"Question Card"},{"floor":29,"key":"aspiration:Lifesprig"},{"floor":31,"key":"wanderingMiniBosses:Inkheart"},{"floor":48,"key":"StuffTheSpire:GrapeVine"}],"event_choices":[{"damage_healed":0,"gold_gain":0,"player_choice":"Ignored","damage_taken":0,"max_hp_gain":0,"max_hp_loss":0,"event_name":"betterNote:BetterNote","floor":20,"gold_loss":0,"cards_obtained":["hubris:InfiniteBlow"]},{"damage_healed":0,"gold_gain":0,"player_choice":"Upgraded Two","damage_taken":0,"max_hp_gain":0,"max_hp_loss":0,"event_name":"Designer","floor":22,"gold_loss":40,"cards_upgraded":["construct:Autoturret","construct:ForceCore"]},{"cards_removed":["construct:Defend_Gold"],"damage_healed":0,"gold_gain":0,"player_choice":"Removed Skill","damage_taken":0,"max_hp_gain":0,"max_hp_loss":0,"event_name":"Falling","floor":39,"gold_loss":0}],"is_beta":false,"boss_relics":[{"not_picked":["vexMod:TanglingVine","Honey Jar"],"picked":"CosmicIsotope"},{"not_picked":["Velvet Choker","energizedSpire:HugeHouse"],"picked":"Busted Crown"}],"items_purged_floors":[21],"is_endless":false,"potions_floor_spawned":[2,5,7,14,16,18,23,25,31,42,46],"ascension_level":1}}