{"host":"dt8tt9y5uobrbn6j","time":1609918212,"event":{"mods":["Act Like it!","Aspiration","BaseMod","Better Third Choice","BetterRewards","Card Forge","Colored Powertips","Conspire","Hubris","Infinite Spire","Minty Spire (QoL Compilation)","Quick Restart","Relic Stats","Replay The Spire","Retaliation","Shop Mod","StSLib","vexMod","óô»ðÖ¸ÄÏ"],"gold_per_floor":[109,125,25,68,13,13,13],"floor_reached":6,"playtime":263,"items_purged":["Strike_P"],"score":72,"play_id":"4066cfb8-8540-4f5b-9503-568aceb79815","local_time":"20210106153012","is_ascension_mode":true,"campfire_choices":[],"circlet_count":0,"master_deck":["AscendersBane","Strike_P","Strike_P","Strike_P","Defend_P","Defend_P","Defend_P","Defend_P","Eruption","Vigilance","Collect","MentalFortress","BowlingBash","Vengeance","conspire:SpireCoStock","conspire:SpireCoStock","EmptyBody"],"relics":["PureWater","Hammer of Thor","Seething Fire","Anvil of the Gods","MealTicket","Toy Ornithopter","aspiration:Nostalgia","Ring of the Snake","HandDrill","betterThird:SlimedRelic"],"acts_visited":["Exordium"],"potions_floor_usage":[],"damage_taken":[{"damage":7.0,"enemies":"Jaw Worm","floor":1.0,"turns":5.0},{"damage":0.0,"enemies":"2 Louse","floor":2.0,"turns":2.0},{"damage":2.0,"enemies":"conspire:RoseBush","floor":4.0,"turns":5.0},{"damage":0,"enemies":"Gremlin Nob","floor":6,"turns":2}],"seed_played":"-7148735804070996303","potions_obtained":[],"is_trial":false,"path_per_floor":["M","M","?","M","?","E"],"character_chosen":"WATCHER","items_purchased":["MealTicket","Toy Ornithopter","aspiration:Nostalgia","HandDrill","Collect","MentalFortress"],"campfire_rested":0,"item_purchase_floors":[0,0,0,0,0,0],"current_hp_per_floor":[23,23,23,21,10,10,10],"gold":13,"neow_bonus":"","is_daily":false,"chose_seed":false,"campfire_upgraded":0,"win_rate":0.0,"timestamp":1609918212,"path_taken":["M","M","?","M","?","E"],"items_purchased_type":["Relic","Relic","Relic","Relic","Card","Card"],"build_version":"2020-12-22","purchased_purges":1,"victory":false,"max_hp_per_floor":[68,68,68,68,68,68,68],"relic_stats":{"counters":[11,47],"MealTicket":0,"HandDrill":[6],"obtain_stats":[{"ReplayTheSpireMod:CursedCoin":0,"aspiration:FetidBarrel":9,"aspiration:Nostalgia":0,"aspiration:TomeofQuesting":8,"Hammer of Thor":0,"hubris:MedicalManual":0,"Seething Fire":0,"hubris:EmptyBottle":0,"Shovel":0,"Anvil of the Gods":0,"betterThird:SlimedRelic":5,"MealTicket":0,"HandDrill":0,"PureWater":0,"Toy Ornithopter":0,"Ring of the Snake":0},{"ReplayTheSpireMod:CursedCoin":0,"aspiration:FetidBarrel":6,"aspiration:Nostalgia":7,"aspiration:TomeofQuesting":6,"Hammer of Thor":0,"hubris:MedicalManual":0,"Seething Fire":0,"hubris:EmptyBottle":0,"Shovel":0,"Anvil of the Gods":0,"betterThird:SlimedRelic":10,"MealTicket":7,"HandDrill":7,"PureWater":0,"Toy Ornithopter":7,"Ring of the Snake":0},{"ReplayTheSpireMod:CursedCoin":0,"aspiration:FetidBarrel":28,"aspiration:Nostalgia":33,"aspiration:TomeofQuesting":28,"Hammer of Thor":0,"hubris:MedicalManual":0,"Seething Fire":0,"hubris:EmptyBottle":0,"Shovel":0,"Anvil of the Gods":0,"betterThird:SlimedRelic":45,"MealTicket":33,"HandDrill":33,"PureWater":0,"Toy Ornithopter":33,"Ring of the Snake":0}],"Toy Ornithopter":0,"Ring of the Snake":[22]},"card_choices":[{"not_picked":["Evaluate","CrushJoints"],"picked":"BowlingBash","floor":1.0},{"not_picked":["Halt","FlyingSleeves"],"picked":"Vengeance","floor":2.0},{"not_picked":["EmptyFist","PathToVictory"],"picked":"EmptyBody","floor":4.0}],"player_experience":807107,"relics_obtained":[],"event_choices":[{"damage_healed":0.0,"max_hp_gain":0.0,"max_hp_loss":0.0,"gold_gain":0.0,"event_name":"conspire:Investor","player_choice":"Invest 2","floor":3.0,"gold_loss":0.0,"damage_taken":0.0},{"damage_healed":0,"gold_gain":0,"player_choice":"Slimed","damage_taken":11,"max_hp_gain":0,"max_hp_loss":0,"event_name":"betterThird:BetterGoop","floor":5,"gold_loss":55}],"is_beta":false,"boss_relics":[],"items_purged_floors":[0],"is_endless":false,"potions_floor_spawned":[],"killed_by":"Gremlin Nob","ascension_level":20}}