{"host":"hve1dyh1ly81yl9f","time":1609942382,"event":{"mods":["BaseMod","Colored Map","DeckTracker","Highlight Path","Keyboard Shortcuts","Minty Spire (QoL Compilation)","Permanent Neow","StSLib","SuperFastMode"],"gold_per_floor":[112,128,141,141,46,77,77,77,77,77,108,118,131,106,106,209,209,221,240,255,255,275,275,289,19,46,46,46,80,80,106,106,106,106],"floor_reached":33,"playtime":1618,"items_purged":[],"score":300,"play_id":"33874c3d-cc60-48fc-81ab-3a4f0ab1d54b","local_time":"20210106231302","is_ascension_mode":false,"campfire_choices":[{"floor":7,"key":"RECALL"},{"floor":15,"key":"REST"},{"floor":23,"key":"REST"},{"floor":27,"key":"REST"},{"floor":32,"key":"REST"}],"circlet_count":0,"master_deck":["Strike_B","Strike_B","Strike_B","Defend_B+1","Defend_B","Defend_B","Defend_B+1","Zap","Dualcast","FTL","Hologram","Steam","FTL","Gash","Go for the Eyes","Steam","Reboot","Go for the Eyes","Gash","Steam","Rebound","Shame"],"relics":["Cracked Core","Bronze Scales","Cables","Gremlin Horn","Tiny Chest","Black Star","Pear","Strawberry","Eternal Feather","Lantern","Pen Nib","Orichalcum"],"acts_visited":["Exordium","TheCity"],"potions_floor_usage":[11,24,33,33,33],"damage_taken":[{"damage":7,"enemies":"2 Louse","floor":1,"turns":2},{"damage":0,"enemies":"Cultist","floor":2,"turns":2},{"damage":1,"enemies":"Small Slimes","floor":3,"turns":3},{"damage":7,"enemies":"3 Sentries","floor":6,"turns":6},{"damage":18,"enemies":"Gremlin Nob","floor":11,"turns":4},{"damage":10,"enemies":"2 Fungi Beasts","floor":12,"turns":3},{"damage":7,"enemies":"Looter","floor":13,"turns":2},{"damage":31,"enemies":"The Guardian","floor":16,"turns":11},{"damage":12,"enemies":"Shell Parasite","floor":18,"turns":5},{"damage":0,"enemies":"Chosen","floor":19,"turns":4},{"damage":15,"enemies":"Centurion and Healer","floor":20,"turns":9},{"damage":22,"enemies":"Snake Plant","floor":22,"turns":4},{"damage":21,"enemies":"Shelled Parasite and Fungi","floor":24,"turns":4},{"damage":49,"enemies":"Gremlin Leader","floor":29,"turns":9},{"damage":48,"enemies":"Collector","floor":33,"turns":7}],"seed_played":"-7719213944605579106","potions_obtained":[{"floor":2,"key":"Explosive Potion"},{"floor":11,"key":"Energy Potion"},{"floor":16,"key":"EssenceOfDarkness"},{"floor":20,"key":"Fire Potion"},{"floor":29,"key":"EssenceOfSteel"}],"is_trial":false,"path_per_floor":["M","M","M","?","$","E","R","?","T","?","E","M","M","$","R","B",null,"M","M","M","?","M","R","M","$","T","R","?","E","?","T","R","B"],"character_chosen":"DEFECT","items_purchased":["Steam","FTL","Steam","Rebound","Pear"],"campfire_rested":4,"item_purchase_floors":[5,5,14,25,25],"current_hp_per_floor":[68,68,67,67,67,60,60,45,45,45,27,17,10,10,32,1,75,63,63,48,34,12,36,15,25,32,61,61,12,3,3,44,0,0],"gold":106,"neow_bonus":"RANDOM_COMMON_RELIC","is_daily":false,"chose_seed":false,"campfire_upgraded":0,"win_rate":0.0,"timestamp":1609942382,"path_taken":["M","M","M","?","?","E","R","?","T","?","E","M","M","$","R","BOSS","M","M","M","?","M","R","M","$","T","R","?","E","?","?","R","BOSS"],"items_purchased_type":["Card","Card","Card","Card","Relic"],"build_version":"2020-12-22","purchased_purges":0,"victory":false,"max_hp_per_floor":[75,75,75,75,75,75,75,75,75,75,75,75,75,75,75,75,75,75,75,75,80,80,80,80,90,97,97,97,97,97,97,97,97,97],"card_choices":[{"not_picked":["Go for the Eyes","Steam"],"picked":"FTL","floor":1},{"not_picked":["Coolheaded","Consume"],"picked":"Leap","floor":2},{"not_picked":["Skim","Conserve Battery"],"picked":"Hologram","floor":3},{"not_picked":["Genetic Algorithm","Doom and Gloom","Defragment"],"picked":"SKIP","floor":6},{"not_picked":["Ball Lightning","White Noise"],"picked":"Gash","floor":11},{"not_picked":["Hyperbeam","Streamline","Barrage"],"picked":"SKIP","floor":12},{"not_picked":["Streamline","Cold Snap"],"picked":"Go for the Eyes","floor":13},{"not_picked":["Rainbow","Thunder Strike"],"picked":"Reboot","floor":16},{"not_picked":["Ball Lightning","Hello World"],"picked":"Go for the Eyes","floor":18},{"not_picked":["Leap","Cold Snap"],"picked":"Gash","floor":19},{"not_picked":["Leap+1","Coolheaded"],"picked":"Steam","floor":20},{"not_picked":["Compile Driver","Auto Shields","Undo"],"picked":"SKIP","floor":22},{"not_picked":["Capacitor","Leap","Cold Snap"],"picked":"SKIP","floor":24},{"not_picked":["Biased Cognition","Defragment","Streamline"],"picked":"SKIP","floor":29}],"player_experience":272559,"relics_obtained":[{"floor":6,"key":"Gremlin Horn"},{"floor":11,"key":"Tiny Chest"},{"floor":26,"key":"Strawberry"},{"floor":29,"key":"Lantern"},{"floor":29,"key":"Pen Nib"},{"floor":31,"key":"Orichalcum"}],"event_choices":[{"cards_removed":["Leap"],"damage_healed":0,"gold_gain":0,"player_choice":"Gave Card","damage_taken":0,"relics_obtained":["Cables"],"max_hp_gain":0,"max_hp_loss":0,"event_name":"WeMeetAgain","floor":4,"gold_loss":0},{"damage_healed":0,"gold_gain":0,"player_choice":"Entered Light","damage_taken":15,"max_hp_gain":0,"max_hp_loss":0,"event_name":"Shining Light","floor":8,"gold_loss":0,"cards_upgraded":["Defend_B","Defend_B"]},{"cards_removed":["Strike_B"],"damage_healed":0,"gold_gain":0,"player_choice":"Forget","damage_taken":0,"max_hp_gain":0,"max_hp_loss":0,"event_name":"Living Wall","floor":10,"gold_loss":0},{"damage_healed":0,"gold_gain":0,"player_choice":"Shed Blood","damage_taken":19,"max_hp_gain":5,"max_hp_loss":0,"event_name":"Forgotten Altar","floor":21,"gold_loss":0},{"damage_healed":0,"gold_gain":0,"player_choice":"Stole Relic","damage_taken":0,"relics_obtained":["Eternal Feather"],"max_hp_gain":0,"max_hp_loss":0,"event_name":"Addict","floor":28,"gold_loss":0,"cards_obtained":["Shame"]},{"damage_healed":0,"gold_gain":0,"player_choice":"Stopped","damage_taken":9,"max_hp_gain":0,"max_hp_loss":0,"event_name":"Cursed Tome","floor":30,"gold_loss":0}],"is_beta":false,"boss_relics":[{"not_picked":["FrozenCore","Pandora\u0027s Box"],"picked":"Black Star"}],"items_purged_floors":[],"is_endless":false,"potions_floor_spawned":[2,11,16,20,29],"killed_by":"Collector","ascension_level":0}}