{"host":"9d9dhukr2jywmy0f","time":1609923194,"event":{"mods":["2.2 Compatiblity","Alarm Clock","BaseMod","Bestiary","Block Reminder","Colored Map","Colored Powertips","Curses Come First","DeckTracker","Highlight Path","Infinite Spire","Key Reminder","Keyboard Shortcuts","Minty Spire (QoL Compilation)","MonsterHotkey","Quick Restart","Rare Cards Sparkle","Relic Sorter","Relic Stats","Spire Birthday Party","StSLib","SuperFastMode","Synergy Search","Unceasing Turn Reminder","Unknown Chances"],"gold_per_floor":[114,132,132,132,57,57,93,93,165,165,180,206,206,221,221,221,221],"floor_reached":16,"playtime":432,"items_purged":["Strike_B"],"score":246,"play_id":"ebea4322-05bc-4928-855e-16b884a679c1","local_time":"20210106165314","is_ascension_mode":true,"campfire_choices":[{"data":"Zap","floor":6.0,"key":"SMITH"},{"data":"Dualcast","floor":8.0,"key":"SMITH"},{"data":"Coolheaded","floor":15.0,"key":"SMITH"}],"circlet_count":0,"master_deck":["AscendersBane","Strike_B","Strike_B","Defend_B","Defend_B","Defend_B","Zap+1","Dualcast+1","BootSequence","Coolheaded+1","Gash"],"relics":["Cracked Core","NeowsBlessing","Golden Idol","infinitespire:Joker Card","Regal Pillow","keyreminder:keyreminder","Tiny Chest"],"acts_visited":["Exordium"],"potions_floor_usage":[16,16],"damage_taken":[{"damage":0.0,"enemies":"Cultist","floor":1.0,"turns":1.0},{"damage":0.0,"enemies":"2 Louse","floor":2.0,"turns":1.0},{"damage":0.0,"enemies":"Gremlin Nob","floor":7.0,"turns":1.0},{"damage":7.0,"enemies":"Small Slimes","floor":11.0,"turns":3.0},{"damage":8.0,"enemies":"3 Louse","floor":14.0,"turns":3.0},{"damage":24,"enemies":"Slime Boss","floor":16,"turns":10}],"seed_played":"-5642843033921233755","potions_obtained":[{"floor":2.0,"key":"Weak Potion"},{"floor":11.0,"key":"ColorlessPotion"}],"is_trial":false,"path_per_floor":["M","M","?","?","$","R","E","R","T","?","M","T","?","M","R","B"],"character_chosen":"DEFECT","items_purchased":[],"campfire_rested":0,"item_purchase_floors":[],"current_hp_per_floor":[64,64,64,64,64,64,64,64,64,64,57,57,50,42,42,18,18],"gold":221,"neow_bonus":"THREE_ENEMY_KILL","is_daily":false,"chose_seed":false,"campfire_upgraded":3,"win_rate":0.0,"timestamp":1609923194,"path_taken":["M","?","?","?","$","R","E","R","T","?","?","?","?","M","R","BOSS"],"items_purchased_type":[],"build_version":"2020-11-30","purchased_purges":1,"victory":false,"max_hp_per_floor":[71,71,64,64,64,64,64,64,64,64,64,64,64,64,64,64,64],"relic_stats":{"Regal Pillow":0,"counters":[6,19],"Golden Idol":13,"Tiny Chest":0,"obtain_stats":[{"keyreminder:keyreminder":9,"Regal Pillow":7,"NeowsBlessing":0,"Golden Idol":3,"Tiny Chest":12,"infinitespire:Joker Card":4,"Cracked Core":0},{"keyreminder:keyreminder":3,"Regal Pillow":3,"NeowsBlessing":0,"Golden Idol":2,"Tiny Chest":4,"infinitespire:Joker Card":2,"Cracked Core":0},{"keyreminder:keyreminder":3,"Regal Pillow":3,"NeowsBlessing":0,"Golden Idol":2,"Tiny Chest":6,"infinitespire:Joker Card":2,"Cracked Core":0}]},"card_choices":[{"not_picked":["Redo","Loop","Stack"],"picked":"SKIP","floor":1.0},{"not_picked":["Compile Driver","Stack","Barrage"],"picked":"SKIP","floor":2.0},{"not_picked":["Redo","Lockon","Storm"],"picked":"SKIP","floor":7.0},{"not_picked":["Blizzard","Leap"],"picked":"Coolheaded","floor":11.0},{"not_picked":["Skim","Go for the Eyes"],"picked":"Gash","floor":14.0}],"player_experience":786790,"relics_obtained":[{"floor":4.0,"key":"infinitespire:Joker Card"},{"floor":7.0,"key":"Regal Pillow"},{"floor":12.0,"key":"Tiny Chest"}],"event_choices":[{"damage_healed":0.0,"max_hp_gain":0.0,"max_hp_loss":7.0,"gold_gain":0.0,"event_name":"Golden Idol","player_choice":"Lose Max HP","floor":3.0,"gold_loss":0.0,"damage_taken":0.0,"relics_obtained":["Golden Idol"]},{"damage_healed":0.0,"max_hp_gain":0.0,"max_hp_loss":0.0,"gold_gain":0.0,"cards_transformed":["Defend_B"],"event_name":"Living Wall","player_choice":"Change","floor":10.0,"gold_loss":0.0,"damage_taken":0.0,"cards_obtained":["BootSequence"]},{"cards_removed":["Strike_B"],"damage_healed":0.0,"max_hp_gain":0.0,"max_hp_loss":0.0,"gold_gain":0.0,"event_name":"Golden Wing","player_choice":"Card Removal","floor":13.0,"gold_loss":0.0,"damage_taken":7.0}],"is_beta":false,"boss_relics":[],"items_purged_floors":[5],"is_endless":false,"potions_floor_spawned":[2,11],"killed_by":"Slime Boss","ascension_level":20}}