{"host":"94qggqh0xz0sp6ai","time":1609905754,"event":{"mods":["Abigail Mod","Act Like it!","BaseMod","CapriCore","Downfall","Friendly Minions","Gensokyo","Hermit","Jorbs\u0027s Wanderer Trilogy","Koishi","Marisa（霧雨　魔理沙）","Minty Spire (QoL Compilation)","Permanent Neow","Reimu（博??梦）","StSLib","The Alterego","The Construct","The Cursed","The Hierophant","The Immortal","The Marked","The Servant 0.9.4","TheBandit","Waifu the Spire"],"gold_per_floor":[110,128,108,73,93,128,128,143,143,143,174,174,189,150,150,150,150,150],"floor_reached":16,"playtime":443,"items_purged":[],"score":143,"play_id":"8a61bd45-88c9-4019-93b6-4bfcc9cd6cea","local_time":"20210105220234","is_ascension_mode":true,"campfire_choices":[{"data":"MokouMod:Ventilation","floor":7,"key":"SMITH"},{"data":"MokouMod:ResonanceReactor","floor":10,"key":"SMITH"},{"floor":15,"key":"REST"}],"circlet_count":0,"master_deck":["MokouMod:Strike","MokouMod:Strike","MokouMod:Strike","MokouMod:Strike","MokouMod:Strike","MokouMod:Defend","MokouMod:Defend","MokouMod:Defend","MokouMod:Defend","MokouMod:HeatSpark+1","MokouMod:SearingShot","MokouMod:Combust","MokouMod:ResonanceReactor+1","MokouMod:FlamingFireTalons","MokouMod:Ventilation+1","MokouMod:ScorchingColumn","MokouMod:BurningDraft","MokouMod:Ember","MokouMod:ResonanceReactor"],"relics":["MokouMod:PhoenixFeather","Singing Bowl","Pocketwatch","Girya","Sundial"],"acts_visited":["Exordium"],"potions_floor_usage":[16],"damage_taken":[{"damage":9,"enemies":"Jaw Worm","floor":1,"turns":3},{"damage":6,"enemies":"Cultist","floor":2,"turns":3},{"damage":23,"enemies":"Small Slimes","floor":5,"turns":4},{"damage":45,"enemies":"Lagavulin","floor":6,"turns":7},{"damage":24,"enemies":"Exordium Thugs","floor":8,"turns":5},{"damage":34,"enemies":"Gremlin Nob","floor":11,"turns":4},{"damage":8,"enemies":"2 Fungi Beasts","floor":13,"turns":4},{"damage":54,"enemies":"Slime Boss","floor":16,"turns":5}],"seed_played":"5281757472232439109","potions_obtained":[{"floor":2,"key":"DuplicationPotion"},{"floor":3,"key":"Regen Potion"},{"floor":8,"key":"Swift Potion"}],"is_trial":false,"path_per_floor":["M","M","?","$","M","E","R","M","T","R","E","?","M","$","R","B"],"character_chosen":"MKU","items_purchased":["MokouMod:ResonanceReactor","MokouMod:ResonanceReactor"],"campfire_rested":1,"item_purchase_floors":[4,14],"current_hp_per_floor":[59,53,53,53,30,18,18,18,18,18,18,18,10,10,32,0,0,0],"gold":150,"neow_bonus":"UPGRADE_CARD","is_daily":false,"chose_seed":false,"campfire_upgraded":2,"win_rate":0.0,"timestamp":1609905754,"path_taken":["M","M","?","$","?","E","R","M","T","R","E","?","M","?","R","BOSS"],"items_purchased_type":["Card","Card"],"build_version":"2020-12-22","purchased_purges":0,"victory":false,"max_hp_per_floor":[75,75,75,75,75,75,75,75,75,75,75,75,75,75,75,75,75,75],"card_choices":[{"not_picked":["MokouMod:RoaringFlare","MokouMod:ImperishableFlame"],"picked":"MokouMod:SearingShot","floor":1},{"not_picked":["MokouMod:DanceofFlames","MokouMod:ResoluteFlare"],"picked":"MokouMod:Combust","floor":2},{"not_picked":["MokouMod:UncontrollableSolarReaction","MokouMod:Firecracker"],"picked":"MokouMod:FlamingFireTalons","floor":5},{"not_picked":["MokouMod:Stoke","MokouMod:Overheat"],"picked":"MokouMod:Ventilation","floor":6},{"not_picked":["MokouMod:SearingShot","MokouMod:IndiscriminateIgnition"],"picked":"MokouMod:ScorchingColumn","floor":8},{"not_picked":["MokouMod:Singe","MokouMod:BlazingComet"],"picked":"MokouMod:BurningDraft","floor":11},{"not_picked":["MokouMod:FlickeringFlame","MokouMod:HeatTransfer"],"picked":"MokouMod:Ember","floor":13}],"player_experience":1350069,"relics_obtained":[{"floor":6,"key":"Singing Bowl"},{"floor":9,"key":"Pocketwatch"},{"floor":11,"key":"Girya"},{"floor":12,"key":"Sundial"}],"event_choices":[{"damage_healed":0,"gold_gain":0,"player_choice":"Bought 1 Potion","damage_taken":0,"max_hp_gain":0,"max_hp_loss":0,"event_name":"The Woman in Blue","floor":3,"gold_loss":0},{"damage_healed":0,"gold_gain":0,"player_choice":"Relic","damage_taken":0,"max_hp_gain":0,"max_hp_loss":0,"event_name":"Wheel of Change","floor":12,"gold_loss":0}],"is_beta":false,"boss_relics":[],"items_purged_floors":[],"is_endless":false,"potions_floor_spawned":[2,8,11,13],"killed_by":"Slime Boss","ascension_level":6}}