{"host":"vvif2fx2jgfi5h35","time":1609903556,"event":{"mods":["AchievementEnabler","BaseMod","Colored Powertips","Minty Spire (QoL Compilation)","Quick Restart","Replay The Spire","StSLib"],"gold_per_floor":[114,124,144,94,109,142,158,171,171,31,31,44,55,67,67,67,67],"floor_reached":16,"playtime":1343,"items_purged":[],"score":108,"play_id":"60c741dd-5201-4657-8b43-57cf5283e068","local_time":"20210105212556","is_ascension_mode":false,"campfire_choices":[{"floor":15,"key":"REST"}],"circlet_count":0,"master_deck":["Strike_R","Strike_R","Strike_R","Strike_R","Defend_R","Defend_R","Defend_R","Defend_R","Bash","ReplayReversal","Run Through+1","Ghostly Armor","Warcry","ReplayTheSpireMod:IOU","Metallicize","Cleave"],"relics":["Burning Blood","Replay:Wax Seal","Sundial","Replay:Ringing Soul","Matryoshka"],"acts_visited":["Exordium"],"potions_floor_usage":[8,13,13,16],"damage_taken":[{"damage":3.0,"enemies":"2 Louse","floor":1.0,"turns":3.0},{"damage":5.0,"enemies":"Small Slimes","floor":2.0,"turns":4.0},{"damage":0.0,"enemies":"Cultist","floor":3.0,"turns":4.0},{"damage":0.0,"enemies":"3 Louse","floor":5.0,"turns":5.0},{"damage":20,"enemies":"Replay:BlueRogue","floor":6,"turns":8},{"damage":16,"enemies":"Lots of Slimes","floor":7,"turns":6},{"damage":16,"enemies":"Exordium Thugs","floor":8,"turns":5},{"damage":16,"enemies":"Gremlin Gang","floor":12,"turns":7},{"damage":7,"enemies":"Blue Slaver","floor":13,"turns":2},{"damage":18,"enemies":"Lots of Slimes","floor":14,"turns":7},{"damage":59,"enemies":"Slime Boss","floor":16,"turns":5}],"seed_played":"4239095643729534569","potions_obtained":[{"floor":3.0,"key":"Adrenaline Potion"},{"floor":6,"key":"Strength Potion"},{"floor":12,"key":"Fire Potion"},{"floor":14,"key":"SteroidPotion"}],"is_trial":false,"path_per_floor":["M","M","M","?","M","E","M","M","T","$","?","M","M","M","R","B"],"character_chosen":"IRONCLAD","items_purchased":["Matryoshka"],"campfire_rested":1,"item_purchase_floors":[10],"current_hp_per_floor":[80,80,80,80,80,66,56,46,46,49,49,39,41,32,58,0,0],"gold":67,"neow_bonus":"RANDOM_COMMON_RELIC","is_daily":false,"chose_seed":false,"campfire_upgraded":0,"win_rate":0.0,"timestamp":1609903556,"path_taken":["M","M","M","?","M","E","M","M","T","$","?","M","?","M","R","BOSS"],"items_purchased_type":["Relic"],"build_version":"2020-12-22","purchased_purges":0,"victory":false,"max_hp_per_floor":[80,80,80,80,80,80,80,80,80,83,83,83,86,89,89,89,89],"card_choices":[{"not_picked":["ReplayTheSpireMod:Strike From Hell","Dual Wield"],"picked":"ReplayReversal","floor":1.0},{"not_picked":["Thunderclap","Iron Wave"],"picked":"Run Through","floor":2.0},{"not_picked":["Wild Strike","ReplayTheSpireMod:Strike From Hell"],"picked":"Ghostly Armor","floor":3.0},{"not_picked":["Double Tap","Dropkick","Dark Embrace"],"picked":"SKIP","floor":5},{"not_picked":["Sword Boomerang","Burning Pact","Reckless Charge"],"picked":"SKIP","floor":6},{"not_picked":["Perfected Strike","Searing Blow"],"picked":"Warcry","floor":7},{"not_picked":["ReplayTheSpireMod:Muscle Training","Headbutt","ReplayTheSpireMod:LeadingStrike"],"picked":"SKIP","floor":8},{"not_picked":["Clothesline","Perfected Strike","Twin Strike"],"picked":"SKIP","floor":12},{"not_picked":["Feel No Pain","Thunderclap"],"picked":"Metallicize","floor":13},{"not_picked":["Twin Strike","ReplayTheSpireMod:Strike From Hell"],"picked":"Cleave","floor":14}],"player_experience":58221,"relics_obtained":[{"floor":6,"key":"Sundial"},{"floor":9,"key":"Replay:Ringing Soul"}],"event_choices":[{"cards_removed":["Strike_R"],"damage_healed":0.0,"max_hp_gain":0.0,"max_hp_loss":0.0,"gold_gain":0.0,"event_name":"The Cleric","player_choice":"Card Removal","floor":4.0,"gold_loss":50.0,"damage_taken":0.0},{"damage_healed":0,"gold_gain":0,"player_choice":"Upgraded","damage_taken":0,"max_hp_gain":0,"max_hp_loss":0,"event_name":"Upgrade Shrine","floor":11,"gold_loss":0,"cards_upgraded":["Run Through"]}],"is_beta":false,"boss_relics":[],"items_purged_floors":[],"is_endless":false,"potions_floor_spawned":[3,6,12,14],"killed_by":"Slime Boss","ascension_level":0}}