{"host":"5x08nt64u3vxxcfi","time":1609933404,"event":{"mods":["BaseMod","Minty Spire (QoL Compilation)","StSLib","SuperFastMode"],"gold_per_floor":[116,134,88,100,115,115,130,157,204,217,217,232,242,259,259,364,364,376,475,487,259,359,359,88,103,103,116,116,143,93,109,109,204,204,220,239,239,249,199,199],"floor_reached":39,"playtime":4346,"items_purged":["Defend_P+1"],"score":409,"play_id":"ffb12435-02a2-465a-9fef-f65fbe223a38","local_time":"20210106204324","is_ascension_mode":false,"campfire_choices":[{"floor":11,"key":"REST"},{"data":"Nirvana","floor":15,"key":"SMITH"},{"data":"Vault","floor":23,"key":"SMITH"},{"floor":28,"key":"REST"},{"data":"MentalFortress","floor":32,"key":"SMITH"}],"circlet_count":0,"master_deck":["Strike_P+1","Strike_P+1","Strike_P","Defend_P","Eruption+1","Vigilance","TalkToTheHand","Wireheading+1","Consecrate","SandsOfTime","ClearTheMind","Consecrate","LessonLearned+1","EmptyFist+1","Nirvana+1","FlurryOfBlows","Crescendo","Vault+1","Perseverance+1","TalkToTheHand+1","EmptyFist+1","BowlingBash","EmptyBody","Trip","MentalFortress+1","FollowUp","FollowUp","CutThroughFate","Wallop+1","JustLucky","CrushJoints","Omniscience+1","SashWhip+1","MentalFortress+1"],"relics":["HolyWater","NeowsBlessing","Smiling Mask","Orichalcum","Astrolabe","Melange","PreservedInsect","Toxic Egg 2","InkBottle"],"acts_visited":["Exordium","TheCity","TheBeyond"],"potions_floor_usage":[8,16,16,16,33,33],"damage_taken":[{"damage":0,"enemies":"Small Slimes","floor":1,"turns":1},{"damage":0,"enemies":"Cultist","floor":2,"turns":1},{"damage":0,"enemies":"2 Louse","floor":4,"turns":1},{"damage":6,"enemies":"Red Slaver","floor":5,"turns":3},{"damage":18,"enemies":"Lots of Slimes","floor":7,"turns":3},{"damage":10,"enemies":"Gremlin Nob","floor":8,"turns":4},{"damage":28,"enemies":"Gremlin Gang","floor":10,"turns":4},{"damage":11,"enemies":"Exordium Wildlife","floor":12,"turns":3},{"damage":5,"enemies":"Red Slaver","floor":13,"turns":2},{"damage":6,"enemies":"Blue Slaver","floor":14,"turns":4},{"damage":7,"enemies":"The Guardian","floor":16,"turns":12},{"damage":9,"enemies":"Shell Parasite","floor":18,"turns":5},{"damage":15,"enemies":"2 Thieves","floor":20,"turns":4},{"damage":0,"enemies":"Snecko","floor":25,"turns":3},{"damage":13,"enemies":"Snake Plant","floor":27,"turns":2},{"damage":15,"enemies":"Book of Stabbing","floor":29,"turns":5},{"damage":12,"enemies":"Cultist and Chosen","floor":31,"turns":4},{"damage":22,"enemies":"Champ","floor":33,"turns":11},{"damage":0,"enemies":"Orb Walker","floor":35,"turns":2},{"damage":15,"enemies":"3 Shapes","floor":36,"turns":5},{"damage":37,"enemies":"Jaw Worm Horde","floor":38,"turns":5}],"seed_played":"4178324535475284428","potions_obtained":[{"floor":1,"key":"SteroidPotion"},{"floor":2,"key":"Fire Potion"},{"floor":10,"key":"FearPotion"},{"floor":13,"key":"Weak Potion"},{"floor":20,"key":"SteroidPotion"},{"floor":25,"key":"LiquidMemories"},{"floor":29,"key":"Swift Potion"},{"floor":33,"key":"FearPotion"},{"floor":35,"key":"EssenceOfSteel"}],"is_trial":false,"path_per_floor":["M","M","$","M","M","?","M","E","T","M","R","M","M","M","R","B",null,"M","?","M","$","?","R","$","M","T","M","R","E","$","M","R","B",null,"M","M","?","M","$"],"character_chosen":"WATCHER","items_purchased":["Consecrate","Trip","Melange","PreservedInsect","MentalFortress","FollowUp","JustLucky"],"campfire_rested":2,"item_purchase_floors":[3,21,21,24,24,24,30],"current_hp_per_floor":[72,72,72,72,66,66,48,38,38,10,31,20,15,9,9,2,72,63,63,48,48,48,48,48,48,48,35,56,41,41,29,29,7,72,72,57,62,25,25,25],"gold":199,"neow_bonus":"THREE_ENEMY_KILL","is_daily":false,"chose_seed":false,"campfire_upgraded":3,"win_rate":0.0,"timestamp":1609933404,"path_taken":["M","M","$","M","M","?","?","E","T","M","R","M","M","M","R","BOSS","M","?","M","$","?","R","$","M","T","?","R","E","?","M","R","BOSS","M","?","?","M","$"],"items_purchased_type":["Card","Card","Relic","Relic","Card","Card","Card"],"build_version":"2020-12-22","purchased_purges":1,"victory":false,"max_hp_per_floor":[72,72,72,72,72,72,72,72,72,72,72,72,72,72,72,72,72,72,72,72,72,72,72,72,72,72,72,72,72,72,72,72,72,72,72,72,72,72,72,72],"card_choices":[{"not_picked":["SignatureMove","EmptyMind"],"picked":"TalkToTheHand","floor":1},{"not_picked":["ForeignInfluence","CrushJoints"],"picked":"Wireheading","floor":2},{"not_picked":["BowlingBash","PathToVictory"],"picked":"SandsOfTime","floor":4},{"not_picked":["EmptyFist","ReachHeaven"],"picked":"ClearTheMind","floor":5},{"not_picked":["Evaluate","Protect"],"picked":"Consecrate","floor":7},{"not_picked":["ClearTheMind","ReachHeaven"],"picked":"LessonLearned","floor":8},{"not_picked":["PathToVictory","Evaluate"],"picked":"EmptyFist","floor":10},{"not_picked":["CutThroughFate","EmptyBody"],"picked":"Nirvana","floor":12},{"not_picked":["SashWhip","BowlingBash"],"picked":"FlurryOfBlows","floor":13},{"not_picked":["FlurryOfBlows","DeceiveReality"],"picked":"Crescendo","floor":14},{"not_picked":["Establishment","Blasphemy"],"picked":"Vault","floor":16},{"not_picked":["TalkToTheHand","SignatureMove"],"picked":"BowlingBash","floor":18},{"not_picked":["EmptyFist","Consecrate"],"picked":"EmptyBody","floor":20},{"not_picked":["DeceiveReality","CrushJoints"],"picked":"FollowUp","floor":25},{"not_picked":["CrushJoints","FlyingSleeves"],"picked":"CutThroughFate","floor":27},{"not_picked":["EmptyMind+1","BowlingBash"],"picked":"Wallop+1","floor":29},{"not_picked":["Consecrate","Collect+1"],"picked":"CrushJoints","floor":31},{"not_picked":["Blasphemy+1","Brilliance"],"picked":"Omniscience+1","floor":33},{"not_picked":["Consecrate","Prostrate+1"],"picked":"SashWhip+1","floor":35},{"not_picked":["Pray+1","Evaluate+1"],"picked":"Consecrate","floor":36},{"not_picked":["CrushJoints","FollowUp"],"picked":"MentalFortress+1","floor":38}],"player_experience":52892,"relics_obtained":[{"floor":8,"key":"Smiling Mask"},{"floor":9,"key":"Orichalcum"},{"floor":26,"key":"Toxic Egg 2"},{"floor":29,"key":"InkBottle"}],"event_choices":[{"damage_healed":0,"gold_gain":0,"player_choice":"Forge","damage_taken":0,"max_hp_gain":0,"max_hp_loss":0,"event_name":"Accursed Blacksmith","floor":6,"gold_loss":0,"cards_upgraded":["Eruption"]},{"damage_healed":0,"gold_gain":99,"player_choice":"Stole From Cult","damage_taken":0,"max_hp_gain":0,"max_hp_loss":0,"event_name":"Nest","floor":19,"gold_loss":0},{"damage_healed":0,"gold_gain":100,"player_choice":"Pray","damage_taken":0,"max_hp_gain":0,"max_hp_loss":0,"event_name":"Golden Shrine","floor":22,"gold_loss":0},{"cards_removed":["Consecrate"],"damage_healed":5,"gold_gain":0,"player_choice":"Offered Common","damage_taken":0,"max_hp_gain":0,"max_hp_loss":0,"event_name":"Bonfire Elementals","floor":37,"gold_loss":0},{"cards_removed":["Consecrate"],"damage_healed":5,"gold_gain":0,"player_choice":"Offered Special","damage_taken":0,"max_hp_gain":0,"max_hp_loss":0,"event_name":"Bonfire Elementals","floor":37,"gold_loss":0}],"is_beta":false,"boss_relics":[{"not_picked":["Ectoplasm","Fusion Hammer"],"picked":"Astrolabe"},{"not_picked":["Calling Bell","Runic Dome"],"picked":"HolyWater"}],"items_purged_floors":[39],"is_endless":false,"potions_floor_spawned":[1,2,10,13,20,25,29,33,35],"ascension_level":0}}