{"host":"709gjpjg43u3i5a8","time":1609916005,"event":{"mods":["Act Like it!","BaseMod","Colored Map","Colored Powertips","Downfall","Duelist Mod","Gensokyo","GifTheSpireLib","Hallownest","Hermit","Hubris","Infinite Spire","Koishi","Marisa????????","Minty Spire (QoL Compilation)","Remilia??????","Shop Mod","StSLib","Td1madao Mod","The Administrix","The Animator","The Bug Knight","The Construct","The Cursed","The Disciple","The Hierophant","The Jungle","The Necromancer","The Poker Player","The Runesmith","The Servant 0.9.4"],"gold_per_floor":[115,133,146,146,156,187,187,187,187],"floor_reached":8,"playtime":1164,"items_purged":[],"score":60,"play_id":"233fb445-b062-41a1-9dd7-cfd599e39757","local_time":"20210105235325","is_ascension_mode":true,"campfire_choices":[],"circlet_count":0,"master_deck":["HollowMod:NailStrikeStart","HollowMod:NailStrikeStart","HollowMod:NailStrikeStart","HollowMod:NailStrikeStart","HollowMod:QuickDashStart","HollowMod:QuickDashStart","HollowMod:QuickDashStart","HollowMod:QuickDashStart","HollowMod:FocusHealStart","HollowMod:PogoStrike","HollowMod:LordofShades","HollowMod:MonarchWings","HollowMod:WraithStrike","HollowMod:HornetsHelp","HollowMod:ShadowDash","HollowMod:MonarchWings"],"relics":["HollowMod:VesselMask","Hallownest:DreamNailRelic","MealTicket"],"acts_visited":["Exordium"],"potions_floor_usage":[5,6],"damage_taken":[{"damage":1,"enemies":"Hallownest:2_MossCreeps","floor":1,"turns":5},{"damage":1,"enemies":"Hallownest:monsterHuskWarrior","floor":2,"turns":5},{"damage":1,"enemies":"2_ Uuma","floor":3,"turns":7},{"damage":15,"enemies":"Hallownest:1_Baldur_1_Crawlid_1_Warrior","floor":5,"turns":10},{"damage":44,"enemies":"Hallownest:eliteMossKnight","floor":6,"turns":15},{"damage":16,"enemies":"Hallownest:eliteCrystalGuardian","floor":8,"turns":5}],"seed_played":"583180878041748562","potions_obtained":[{"floor":3,"key":"Block Potion"},{"floor":5,"key":"Explosive Potion"}],"is_trial":false,"path_per_floor":["M","M","M","?","M","E","?","E"],"character_chosen":"THE_BUGKNIGHT","items_purchased":[],"campfire_rested":0,"item_purchase_floors":[],"current_hp_per_floor":[68,68,67,67,64,20,11,0,0],"gold":187,"neow_bonus":"THREE_RARE_CARDS","is_daily":false,"chose_seed":false,"campfire_upgraded":0,"win_rate":0.0,"timestamp":1609916005,"path_taken":["M","M","?","?","?","E","?","E"],"items_purchased_type":[],"build_version":"2020-12-22","purchased_purges":0,"victory":false,"max_hp_per_floor":[68,68,68,68,68,68,68,68,68],"card_choices":[{"not_picked":["HollowMod:ZotesMagnificence","HollowMod:NewInfectedGuardian"],"picked":"HollowMod:LordofShades","floor":0},{"not_picked":["HollowMod:WraithStrike","HollowMod:InfectedAttack"],"picked":"HollowMod:MonarchWings","floor":1},{"not_picked":["HollowMod:SoulStrike","HollowMod:SoulSplash"],"picked":"HollowMod:WraithStrike","floor":2},{"not_picked":["HollowMod:DreamGate","HollowMod:WraithStrike"],"picked":"HollowMod:HornetsHelp","floor":3},{"not_picked":["HollowMod:BrokenVessel","HollowMod:HeavyBlow"],"picked":"HollowMod:ShadowDash","floor":5},{"not_picked":["HollowMod:TaintedHusks","HollowMod:MantisMark"],"picked":"HollowMod:MonarchWings","floor":6}],"player_experience":459477,"relics_obtained":[{"floor":6,"key":"MealTicket"}],"event_choices":[],"is_beta":false,"boss_relics":[],"items_purged_floors":[],"is_endless":false,"potions_floor_spawned":[3,5],"killed_by":"Hallownest:eliteCrystalGuardian","ascension_level":1}}