{"host":"a0paspe0zwqgzttz","time":1609902282,"event":{"mods":["AchievementEnabler","Act Like it!","BaseMod","BetterRewards","Colored Powertips","Conspire","Downfall","GifTheSpireLib","Hermit","Highlight Path","Lobotomy","Marisa????????","Minty Spire (QoL Compilation)","Quick Restart","Replay The Spire","Robot Space Explorer","Shop Mod","StSLib","SuperFastMode","The Bug Knight","The Construct","The Cursed","The Hierophant","The Jungle","The Mystic","The Necromancer","The Runesmith","The Senshi","The Servant 0.9.4"],"gold_per_floor":[119,132,207,223,223,251,251,281,281,381,395,406,422,440,440,440,440],"floor_reached":16,"playtime":649,"items_purged":[],"score":104,"play_id":"2206e6db-11bc-4bc1-a1a7-2e6a3ed38df0","local_time":"20210105220442","is_ascension_mode":false,"campfire_choices":[{"floor":7,"key":"REST"}],"circlet_count":0,"master_deck":["hermit:Strike_Hermit","hermit:Strike_Hermit","hermit:Strike_Hermit","hermit:Strike_Hermit","hermit:Defend_Hermit","hermit:Defend_Hermit","hermit:Defend_Hermit","hermit:Defend_Hermit","hermit:Snapshot","hermit:Covet","Replay:Sluggish","hermit:Purgatory","hermit:Virtue+1","hermit:Vantage","hermit:Vantage","hermit:ShadowCloak+1","hermit:TrackingShot","hermit:Coalescence","hermit:FlashPowder","hermit:Vantage"],"relics":["hermit:Momento","Matryoshka","hermit:Horseshoe","Potion Belt","Meat on the Bone"],"acts_visited":["Exordium"],"potions_floor_usage":[6,12,13],"damage_taken":[{"damage":4,"enemies":"Small Slimes","floor":1,"turns":4},{"damage":7,"enemies":"2 Louse","floor":2,"turns":3},{"damage":2,"enemies":"Cultist","floor":4,"turns":5},{"damage":23,"enemies":"Lagavulin","floor":6,"turns":8},{"damage":21,"enemies":"Exordium Thugs","floor":11,"turns":7},{"damage":23,"enemies":"Lots of Slimes","floor":12,"turns":1},{"damage":10,"enemies":"Gremlin Gang","floor":13,"turns":7},{"damage":3,"enemies":"Blue Slaver","floor":14,"turns":5},{"damage":63,"enemies":"Hexaghost","floor":16,"turns":16}],"seed_played":"5587762147682310103","potions_obtained":[{"floor":1,"key":"Adrenaline Potion"},{"floor":2,"key":"champ:CounterPotion"},{"floor":12,"key":"Flashbang"}],"is_trial":false,"path_per_floor":["M","M","?","M","?","E","R","?","T","?","M","M","M","M","R","B"],"character_chosen":"HERMIT","items_purchased":[],"campfire_rested":1,"item_purchase_floors":[],"current_hp_per_floor":[71,64,53,51,51,28,50,50,50,50,41,30,32,41,63,0,0],"gold":440,"neow_bonus":"THREE_RARE_CARDS","is_daily":false,"chose_seed":false,"campfire_upgraded":0,"win_rate":0.0,"timestamp":1609902282,"path_taken":["M","M","?","M","?","E","R","?","T","?","M","M","?","M","R","BOSS"],"items_purchased_type":[],"build_version":"2020-12-22","purchased_purges":0,"victory":false,"max_hp_per_floor":[75,75,75,75,75,75,75,75,75,75,75,75,75,75,75,75,75],"card_choices":[{"not_picked":["hermit:BlackWind","hermit:Gambit"],"picked":"hermit:Purgatory","floor":0},{"not_picked":["hermit:NoHoldsBarred","hermit:Desperado"],"picked":"hermit:Virtue","floor":1},{"not_picked":["hermit:EyeOfTheStorm","hermit:HighCaliber"],"picked":"hermit:Vantage","floor":2},{"not_picked":["hermit:NoHoldsBarred","hermit:BodyArmor"],"picked":"hermit:Vantage","floor":4},{"not_picked":["hermit:LuckOfTheDraw","hermit:WideOpen"],"picked":"hermit:ShadowCloak","floor":6},{"not_picked":["hermit:SprayPray","hermit:ItchyTrigger"],"picked":"hermit:TrackingShot","floor":11},{"not_picked":["hermit:Combo","hermit:CalledShot"],"picked":"hermit:Coalescence","floor":12},{"not_picked":["hermit:HoleUp","hermit:Grudge"],"picked":"hermit:FlashPowder","floor":13},{"not_picked":["hermit:Gambit","hermit:Desperado"],"picked":"hermit:Vantage","floor":14}],"player_experience":388298,"relics_obtained":[{"floor":6,"key":"Matryoshka"},{"floor":9,"key":"Potion Belt"},{"floor":9,"key":"Meat on the Bone"}],"event_choices":[{"damage_healed":0,"gold_gain":75,"player_choice":"Gather Gold","damage_taken":11,"max_hp_gain":0,"max_hp_loss":0,"event_name":"World of Goop","floor":3,"gold_loss":0},{"damage_healed":0,"gold_gain":30,"player_choice":"Searched \u00272\u0027 times","damage_taken":0,"relics_obtained":["hermit:Horseshoe"],"max_hp_gain":0,"max_hp_loss":0,"event_name":"Dead Adventurer","floor":8,"gold_loss":0},{"damage_healed":0,"gold_gain":100,"player_choice":"Gold","damage_taken":0,"max_hp_gain":0,"max_hp_loss":0,"event_name":"Wheel of Change","floor":10,"gold_loss":0}],"is_beta":false,"boss_relics":[],"items_purged_floors":[],"is_endless":false,"potions_floor_spawned":[1,2,12],"killed_by":"Hexaghost","ascension_level":0}}