{"host":"68ypu360vyldwzrz","time":1609954608,"event":{"mods":["Act Like it!","BaseMod","Better Third Choice","Better Vampires","BetterRewards","CapriCore","Downfall","Friendly Minions","GifTheSpireLib","Hermit","Hubris","Jorbs\u0027s Wanderer Trilogy","Luminous","Marisa????????","Minty Spire (QoL Compilation)","Quick Restart","Relic Stats","Remilia??????","Shade Mod","Shop Mod","StSLib","Td1madao Mod","The Administrix","The Alterego","The Cursed","The Hierophant","The Immortal","The Necromancer","The Senshi","The Servant 0.9.4","TheVacant","Wandering Minibosses"],"gold_per_floor":[99,116,129,229,229,261,331,343,343,22,40,59,59,70,86,189,189,189,201,0,0,0,0,26,26,111,140,140,240,260,25,40,135,135,135,150,150,163,163,163,163,213,225,225,75,108,108,208,228,228],"floor_reached":51,"playtime":3018,"items_purged":[],"score":865,"play_id":"027e3fa2-15f3-4974-a564-ef57f68ab9c5","local_time":"20210106113648","is_ascension_mode":false,"campfire_choices":[{"data":"Summon_Death_Knight","floor":1.0,"key":"SMITH"},{"data":"Summon_Vampire_Lady","floor":13.0,"key":"SMITH"},{"data":"Necrotic_Claws","floor":18.0,"key":"SMITH"},{"data":"Summon_Lich","floor":23.0,"key":"SMITH"},{"data":"Summon_Lich","floor":28.0,"key":"SMITH"},{"data":"Summon_Undead_Army","floor":35.0,"key":"SMITH"},{"data":"Summon_Undead_Army","floor":40.0,"key":"SMITH"},{"floor":45.0,"key":"RECALL"}],"circlet_count":0,"master_deck":["Negative_Energy_Arrows","Bone_Wall+1","Summon_Death_Knight+1","Summon_Undead","Vampiric_Strike","Blood_Curse","Negative_Energy_Mist","Negative_Energy_Mist","Summon_Vampire_Lady+1","Summon_Undead","Shade_Step","Negative_Energy_Sphere","Necrotic_Claws+1","Negative_Energy_Shield","Summon_Death_Knight","Summon_Undead_Army+1","Slay_Living","Summon_Lich+1","Summon_Lich+1","Negative_Energy_Shield+1","Chill_Blood","Reap_The_Weak","Siphon_Strength+1","J.A.X.","Plague_Bolt","Summon_Undead_Army+1","Negative_Energy_Mist","Toxic_Smoke_Screen","Mind Blast","Exploit","Violent_Necrosis","Negative_Energy_Sphere","Summon_Vampire_Lady","Blood_for_Blood","Epidemic","Negative_Energy_Shield","Blood_for_Blood","Bone_Spikes","Summon_Vampire_Lady","expansioncontent:Chronoboost","expansioncontent:DefensiveMode","expansioncontent:Flail","Shade_Step","Plague_Bolt+1","Vampiric_Strike+1","Plague_Bolt","Shade_Step","Strike_from_Beyond+1"],"relics":["Vampire_Amulet","Lantern","hubris:PeanutButter","DollysMirror","hubris:BlackHole","Strange Spoon","Juzu Bracelet","hubris:Metronome","Ornamental Fan","MutagenicStrength","Pen Nib","Toolbox","Pandora\u0027s Box","War Paint","Pocketwatch","downfall:HeartBlessingBlue","downfall:HeartBlessingGreen","Potion Belt"],"acts_visited":["Exordium","TheCity","TheBeyond"],"potions_floor_usage":[50,50,50],"damage_taken":[{"damage":3.0,"enemies":"Small Slimes","floor":2.0,"turns":4.0},{"damage":3.0,"enemies":"Jaw Worm","floor":3.0,"turns":4.0},{"damage":20.0,"enemies":"Gremlin Nob","floor":6.0,"turns":4.0},{"damage":0.0,"enemies":"2 Louse","floor":8.0,"turns":3.0},{"damage":0.0,"enemies":"downfall:FleeingMerchant","floor":10.0,"turns":4.0},{"damage":18.0,"enemies":"Lots of Slimes","floor":11.0,"turns":4.0},{"damage":10.0,"enemies":"Exordium Wildlife","floor":12.0,"turns":5.0},{"damage":3.0,"enemies":"Exordium Thugs","floor":14.0,"turns":5.0},{"damage":0.0,"enemies":"Red Slaver","floor":15.0,"turns":2.0},{"damage":0.0,"enemies":"downfall:Watcher","floor":16.0,"turns":8.0},{"damage":0.0,"enemies":"3 Byrds","floor":19.0,"turns":4.0},{"damage":0.0,"enemies":"downfall:FleeingMerchant","floor":20.0,"turns":4.0},{"damage":0.0,"enemies":"downfall:FleeingMerchant","floor":22.0,"turns":4.0},{"damage":0.0,"enemies":"Gremlin Leader","floor":27.0,"turns":4.0},{"damage":6.0,"enemies":"downfall:Augmenter","floor":29.0,"turns":5.0},{"damage":1.0,"enemies":"Shell Parasite","floor":30.0,"turns":4.0},{"damage":0.0,"enemies":"downfall:FleeingMerchant","floor":31.0,"turns":4.0},{"damage":0.0,"enemies":"Shelled Parasite and Fungi","floor":32.0,"turns":1.0},{"damage":9.0,"enemies":"downfall:Defect","floor":33.0,"turns":5.0},{"damage":7.0,"enemies":"Orb Walker","floor":36.0,"turns":2.0},{"damage":19.0,"enemies":"3 Shapes","floor":38.0,"turns":1.0},{"damage":0.0,"enemies":"Mind Bloom Boss Battle","floor":42.0,"turns":5.0},{"damage":0.0,"enemies":"Writhing Mass","floor":43.0,"turns":3.0},{"damage":0.0,"enemies":"Sphere and 2 Shapes","floor":46.0,"turns":1.0},{"damage":0.0,"enemies":"downfall:LadyInBlue","floor":48.0,"turns":3.0},{"damage":21.0,"enemies":"4 Shapes","floor":49.0,"turns":2.0},{"damage":0,"enemies":"downfall:Silent","floor":50,"turns":1}],"seed_played":"-4969339319811881842","potions_obtained":[{"floor":2.0,"key":"SkillPotion"},{"floor":8.0,"key":"Fire Potion"},{"floor":12.0,"key":"Explosive Potion"},{"floor":15.0,"key":"SteroidPotion"},{"floor":16.0,"key":"Block Potion"},{"floor":19.0,"key":"LiquidBronze"},{"floor":38.0,"key":"Weak Potion"},{"floor":48.0,"key":"ColorlessPotion"},{"floor":48.0,"key":"BlessingOfTheForge"},{"floor":48.0,"key":"AttackPotion"},{"floor":48.0,"key":"SteroidPotion"},{"floor":49.0,"key":"Dexterity Potion"}],"is_trial":false,"path_per_floor":["R","M","M","?","T","E","T","M","?","$","M","M","R","M","M","B",null,"R","M","$","?","$","R","T","T","?","E","R","?","M","$","M","B",null,"R","M","?","M","?","R","T","?","M","?","R","M","?","?","M","B",null],"character_chosen":"NECROMANCER","items_purchased":["Summon_Vampire_Lady","DollysMirror","Strange Spoon","Summon_Lich","Pen Nib","Toolbox","Toxic_Smoke_Screen","Mind Blast","Exploit","Violent_Necrosis"],"campfire_rested":0,"item_purchase_floors":[10,10,20,20,31,31,31,31,31,31],"current_hp_per_floor":[75,74,73,73,73,57,57,63,63,75,75,74,74,75,75,75,75,75,75,75,75,75,75,75,75,67,73,73,75,75,75,75,71,75,75,73,63,50,50,50,50,67,69,69,79,85,85,85,74,85],"gold":228,"neow_bonus":"ONE_RANDOM_RARE_CARD","is_daily":false,"chose_seed":false,"campfire_upgraded":7,"win_rate":0.0,"timestamp":1609954608,"path_taken":["R","M","M","?","?","E","T","M","?","$","?","M","R","M","M","BOSS","R","M","$","?","?","R","T","?","?","E","R","?","M","$","M","BOSS","R","M","?","M","?","R","T","?","M","?","R","M","?","?","M","BOSS"],"items_purchased_type":["Card","Relic","Relic","Card","Relic","Relic","Card","Card","Card","Card"],"build_version":"2020-12-22","purchased_purges":0,"victory":true,"max_hp_per_floor":[75,75,75,75,75,75,75,75,75,75,75,75,75,75,75,75,75,75,75,75,75,75,75,75,75,75,75,75,75,75,75,75,75,75,75,75,75,75,75,75,75,75,75,75,85,85,85,85,85,85],"relic_stats":{"Strange Spoon":[25],"counters":[27,96],"Ornamental Fan":[56],"Pandora\u0027s Box":["Blood_for_Blood","Epidemic","Negative_Energy_Shield","Blood_for_Blood","Bone_Spikes","Summon_Vampire_Lady"],"Pen Nib":[6],"Juzu Bracelet":2,"War Paint":["Bone_Wall","Siphon_Strength"],"obtain_stats":[{"Potion Belt":48,"Lantern":6,"hubris:Metronome":25,"downfall:HeartBlessingGreen":45,"Pen Nib":31,"Juzu Bracelet":24,"War Paint":41,"hubris:BlackHole":17,"Strange Spoon":20,"DollysMirror":10,"Ornamental Fan":27,"downfall:HeartBlessingBlue":45,"MutagenicStrength":29,"Toolbox":31,"hubris:PeanutButter":7,"Pandora\u0027s Box":34,"Vampire_Amulet":0,"Pocketwatch":42},{"Potion Belt":25,"Lantern":3,"hubris:Metronome":13,"downfall:HeartBlessingGreen":23,"Pen Nib":17,"Juzu Bracelet":13,"War Paint":21,"hubris:BlackHole":10,"Strange Spoon":12,"DollysMirror":5,"Ornamental Fan":14,"downfall:HeartBlessingBlue":23,"MutagenicStrength":15,"Toolbox":17,"hubris:PeanutButter":3,"Pandora\u0027s Box":19,"Vampire_Amulet":0,"Pocketwatch":22},{"Potion Belt":93,"Lantern":12,"hubris:Metronome":55,"downfall:HeartBlessingGreen":89,"Pen Nib":72,"Juzu Bracelet":55,"War Paint":81,"hubris:BlackHole":43,"Strange Spoon":51,"DollysMirror":19,"Ornamental Fan":59,"downfall:HeartBlessingBlue":89,"MutagenicStrength":64,"Toolbox":72,"hubris:PeanutButter":12,"Pandora\u0027s Box":78,"Vampire_Amulet":0,"Pocketwatch":86}],"Pocketwatch":[0]},"card_choices":[{"not_picked":["Scare","Bone_Bullets"],"picked":"Summon_Undead","floor":2.0},{"not_picked":["Slay_Living","Finger_Of_Death"],"picked":"Vampiric_Strike","floor":3.0},{"not_picked":["Violent_Necrosis","Strike_from_Beyond"],"picked":"Blood_Curse","floor":6.0},{"not_picked":["Blood_Wake","Bone_Bullets"],"picked":"Negative_Energy_Mist","floor":8.0},{"not_picked":["Whirlwind_of_Bones","Bone_Bullets"],"picked":"Negative_Energy_Mist","floor":10.0},{"not_picked":["Strike_from_Beyond","Blood_Curse"],"picked":"Shade_Step","floor":11.0},{"not_picked":["Bones_to_Steel","Exploit"],"picked":"Negative_Energy_Sphere","floor":12.0},{"not_picked":["Bone_Bullets","Blood_Wake"],"picked":"Necrotic_Claws","floor":14.0},{"not_picked":["Negative_Energy_Javelin","Finger_Of_Death"],"picked":"Negative_Energy_Shield","floor":15.0},{"not_picked":["Detonate_Bones","Negative_Energy_Bomb"],"picked":"Summon_Death_Knight","floor":16.0},{"not_picked":["Spectral_Walk","Death_March_Dance"],"picked":"Summon_Undead_Army","floor":19.0},{"not_picked":["Exploit","Chill_Blood+1"],"picked":"Slay_Living","floor":20.0},{"not_picked":["Death_March_Dance","Death_Coil"],"picked":"Negative_Energy_Shield+1","floor":22.0},{"not_picked":["Necromantic_Selection","Bone_Shift"],"picked":"Chill_Blood","floor":27.0},{"not_picked":[],"picked":"J.A.X.","floor":29.0},{"not_picked":["Bone_Bullets","Bone_Spikes"],"picked":"Plague_Bolt","floor":29.0},{"not_picked":["Death_Knell+1","Cloudkill"],"picked":"Summon_Undead_Army","floor":30.0},{"not_picked":["Blood_Whip","Necrotic_Claws"],"picked":"Negative_Energy_Mist","floor":31.0},{"not_picked":["Deaths_Shadow","Bone_Spikes+1"],"picked":"Negative_Energy_Sphere","floor":32.0},{"not_picked":["Blood_Wake","Negative_Energy_Bomb"],"picked":"Summon_Vampire_Lady","floor":33.0},{"not_picked":["Vampiric_Strike","Death_March_Dance+1"],"picked":"Negative_Energy_Javelin","floor":36.0},{"not_picked":["expansioncontent:ChargeUp","expansioncontent:DarkVoid"],"picked":"expansioncontent:Chronoboost","floor":37.0},{"not_picked":["expansioncontent:ManipulateTime","expansioncontent:YouAreMine"],"picked":"expansioncontent:DefensiveMode","floor":37.0},{"not_picked":["expansioncontent:ManipulateTime","expansioncontent:GoopSpray"],"picked":"expansioncontent:Flail","floor":37.0},{"not_picked":["Bone_Spikes+1","Consume_Illness"],"picked":"Shade_Step","floor":38.0},{"not_picked":["Consume_Illness","Scare+1"],"picked":"Plague_Bolt+1","floor":42.0},{"not_picked":["Bones_to_Steel+1","Consume_Illness"],"picked":"Vampiric_Strike+1","floor":43.0},{"not_picked":["Blood_Is_Power+1","Negative_Energy_Bomb"],"picked":"Plague_Bolt","floor":46.0},{"not_picked":["Blood_Curse+1","Bones_to_Steel"],"picked":"Shade_Step","floor":48.0},{"not_picked":["Corrupt","Negative_Energy_Mist"],"picked":"Strike_from_Beyond+1","floor":49.0}],"player_experience":362629,"relics_obtained":[{"floor":6.0,"key":"Lantern"},{"floor":7.0,"key":"hubris:PeanutButter"},{"floor":24.0,"key":"Juzu Bracelet"},{"floor":25.0,"key":"hubris:Metronome"},{"floor":27.0,"key":"Ornamental Fan"},{"floor":29.0,"key":"MutagenicStrength"},{"floor":41.0,"key":"War Paint"},{"floor":42.0,"key":"Pocketwatch"},{"floor":48.0,"key":"Potion Belt"}],"event_choices":[{"damage_healed":0.0,"max_hp_gain":0.0,"max_hp_loss":0.0,"gold_gain":0.0,"event_name":"NoteForYourself","player_choice":"Ignored","floor":9.0,"gold_loss":0.0,"damage_taken":0.0},{"damage_healed":0.0,"max_hp_gain":0.0,"max_hp_loss":0.0,"gold_gain":0.0,"event_name":"The Library","player_choice":"Read","floor":21.0,"gold_loss":0.0,"damage_taken":0.0,"cards_obtained":["Summon_Lich"]},{"cards_removed":["Negative_Energy_Javelin"],"damage_healed":0.0,"max_hp_gain":0.0,"max_hp_loss":0.0,"gold_gain":0.0,"event_name":"Falling","player_choice":"Removed Attack","floor":44.0,"gold_loss":0.0,"damage_taken":0.0}],"is_beta":false,"boss_relics":[{"not_picked":["Empty Cage","downfall:Hecktoplasm"],"picked":"hubris:BlackHole"},{"not_picked":["Astrolabe","Philosopher\u0027s Stone"],"picked":"Pandora\u0027s Box"}],"items_purged_floors":[],"is_endless":false,"potions_floor_spawned":[2,8,12,15,16,19,30,32,38,48,49],"ascension_level":0}}