{"host":"do2zfhcirec6ipe7","time":1609904757,"event":{"mods":["BaseMod","Better Third Choice","Better Vampires","Colored Map","Curses Come First","Downfall","GifTheSpireLib","Minty Spire (QoL Compilation)","Relic Stats","Replay The Spire","Robot Space Explorer","StSLib","The Servant 0.9.4"],"gold_per_floor":[113,132,147,222,236,248,248,259,311,311,327,359,375,388,388,491,491,507,26,44,56,73,104,104,104,131,131,156,2,2,101,101,206,206,217,217,24,36,0,0,14,64,64,64,80,80,107,121,121,121,121,121,48,82,82,82],"floor_reached":55,"playtime":6615,"items_purged":["Strike_R","Strike_R","Defend_R"],"score":716,"play_id":"c61e47f5-6302-4aa8-b8d1-898eaae2dda4","local_time":"20210106144557","is_ascension_mode":false,"campfire_choices":[{"floor":7.0,"key":"RECALL"},{"floor":10.0,"key":"REST"},{"floor":15.0,"key":"REST"},{"data":"Seeing Red","floor":25.0,"key":"SMITH"},{"floor":27.0,"key":"REST"},{"floor":32.0,"key":"REST"},{"data":"True Grit","floor":40.0,"key":"SMITH"},{"data":"Madness","floor":46.0,"key":"SMITH"},{"data":"Madness","floor":49.0,"key":"SMITH"},{"data":"Armaments","floor":52.0,"key":"SMITH"}],"circlet_count":0,"master_deck":["Strike_R","Strike_R","Defend_R","Defend_R","Defend_R+1","Bash","Seeing Red+1","True Grit+1","Inflame","Shockwave","Shockwave","Defy Death","Burning Pact","Wild Strike","Rampage","Pommel Strike","Impervious","CurseOfTheBell","Flex","Reaper","Run Through","Battle Trance","Bludgeon","Offering","Armaments+1","ReplayTheSpireMod:Stacked","Whirlwind","Power Through+1","Entrench+1","Dark Embrace","Madness+1","Madness+1","ReplayReversal+1","Fire Breathing"],"relics":["Burning Blood","Replay:Wax Seal","Bag of Preparation","Calling Bell","Ancient Tea Set","White Beast Statue","Champion Belt","Omamori","Lantern","Pantograph","MutagenicStrength","Ooze Armor","Eternal Feather","Red Mask","Pondfish Scales","ReplayTheSpireMod:Spearhead","Centennial Puzzle","Blood Vial"],"acts_visited":["Exordium","TheCity","TheBeyond","TheEnding"],"potions_floor_usage":[55,55,55],"damage_taken":[{"damage":5.0,"enemies":"2 Louse","floor":1.0,"turns":3.0},{"damage":1.0,"enemies":"Cultist","floor":2.0,"turns":4.0},{"damage":7.0,"enemies":"Jaw Worm","floor":3.0,"turns":5.0},{"damage":17.0,"enemies":"Exordium Thugs","floor":5.0,"turns":6.0},{"damage":8.0,"enemies":"Looter","floor":6.0,"turns":3.0},{"damage":0.0,"enemies":"Large Slime","floor":8.0,"turns":6.0},{"damage":19.0,"enemies":"Gremlin Gang","floor":11.0,"turns":7.0},{"damage":24.0,"enemies":"3 Sentries","floor":12.0,"turns":12.0},{"damage":5.0,"enemies":"Blue Slaver","floor":13.0,"turns":4.0},{"damage":2.0,"enemies":"Looter","floor":14.0,"turns":2.0},{"damage":54.0,"enemies":"Hexaghost","floor":16.0,"turns":11.0},{"damage":58.0,"enemies":"Spheric Guardian","floor":18.0,"turns":10.0},{"damage":3.0,"enemies":"Shell Parasite","floor":20.0,"turns":6.0},{"damage":5.0,"enemies":"Centurion and Healer","floor":21.0,"turns":9.0},{"damage":34.0,"enemies":"3 Cultists","floor":22.0,"turns":8.0},{"damage":35.0,"enemies":"Slavers","floor":23.0,"turns":8.0},{"damage":58.0,"enemies":"Book of Stabbing","floor":28.0,"turns":7.0},{"damage":59.0,"enemies":"Pondfish","floor":33.0,"turns":13.0},{"damage":11.0,"enemies":"Orb Walker","floor":35.0,"turns":3.0},{"damage":6.0,"enemies":"3 Darklings","floor":38.0,"turns":1.0},{"damage":22.0,"enemies":"Sphere and 2 Shapes","floor":41.0,"turns":5.0},{"damage":16.0,"enemies":"Mind Bloom Boss Battle","floor":42.0,"turns":7.0},{"damage":17.0,"enemies":"4 Shapes","floor":45.0,"turns":4.0},{"damage":22.0,"enemies":"Nemesis","floor":47.0,"turns":7.0},{"damage":6.0,"enemies":"Maw","floor":48.0,"turns":9.0},{"damage":19.0,"enemies":"Replay:Hell Engine","floor":50.0,"turns":14.0},{"damage":43.0,"enemies":"Shield and Spear","floor":54.0,"turns":7.0},{"damage":108,"enemies":"The Heart","floor":55,"turns":8}],"seed_played":"-8545262316687086264","potions_obtained":[{"floor":1.0,"key":"Doom Potion"},{"floor":5.0,"key":"hexamod:EctoCoolerPotion"},{"floor":6.0,"key":"Adrenaline Potion"},{"floor":8.0,"key":"Milkshake"},{"floor":12.0,"key":"Guardian:BlockOnCardUsePotion"},{"floor":18.0,"key":"SteroidPotion"},{"floor":20.0,"key":"SteroidPotion"},{"floor":21.0,"key":"Adrenaline Potion"},{"floor":22.0,"key":"BlessingOfTheForge"},{"floor":23.0,"key":"PowerPotion"},{"floor":28.0,"key":"Milkshake"},{"floor":33.0,"key":"LiquidMemories"},{"floor":35.0,"key":"FearPotion"},{"floor":38.0,"key":"FearPotion"},{"floor":41.0,"key":"AttackPotion"},{"floor":42.0,"key":"Block Potion"},{"floor":45.0,"key":"EntropicBrew"},{"floor":47.0,"key":"Strength Potion"},{"floor":54.0,"key":"champ:CounterPotion"}],"is_trial":false,"path_per_floor":["M","M","M","?","M","M","R","M","T","R","M","E","M","M","R","B",null,"M","$","M","M","M","E","?","R","T","R","E","$","?","?","R","B",null,"M","?","$","M","?","R","M","?","T","?","M","R","E","M","R","B",null,"R","$","E","B"],"character_chosen":"IRONCLAD","items_purchased":["BloodPotion","Reaper","Block Potion","Omamori","Armaments","Whirlwind","Reflective Coating"],"campfire_rested":4,"item_purchase_floors":[19,19,19,19,29,37,53],"current_hp_per_floor":[80,80,79,71,60,58,58,64,64,80,67,49,50,54,78,30,80,28,28,31,64,59,67,67,67,67,80,40,40,40,40,64,53,80,76,76,76,76,76,80,64,78,78,68,66,80,73,80,80,80,80,80,80,58,0,0],"gold":82,"neow_bonus":"UPGRADE_CARD","is_daily":false,"chose_seed":false,"campfire_upgraded":5,"win_rate":0.0,"timestamp":1609904757,"path_taken":["M","M","M","?","?","?","R","M","T","R","?","E","M","M","R","BOSS","M","$","?","M","M","E","?","R","T","R","E","?","?","?","R","BOSS","M","?","$","?","?","R","M","?","T","?","?","R","E","M","R","BOSS","R","$","E","BOSS"],"items_purchased_type":["Potion","Card","Potion","Relic","Card","Card","Potion"],"build_version":"2020-12-22","purchased_purges":3,"victory":false,"max_hp_per_floor":[80,80,80,80,80,80,80,80,80,80,80,80,80,80,80,80,80,80,80,80,80,80,80,80,80,80,80,80,80,80,80,80,80,80,80,80,80,80,80,80,80,80,80,80,80,80,80,80,80,80,80,80,80,80,80,80],"relic_stats":{"Blood Vial":2,"Centennial Puzzle":[12],"counters":[28,189],"Pantograph":52,"Eternal Feather":18,"Bag of Preparation":[40],"Champion Belt":[50],"obtain_stats":[{"Lantern":23,"Eternal Feather":36,"Bag of Preparation":12,"Omamori":19,"Ancient Tea Set":17,"Burning Blood":0,"White Beast Statue":17,"Calling Bell":17,"Blood Vial":54,"Pondfish Scales":42,"ReplayTheSpireMod:Spearhead":43,"Centennial Puzzle":47,"Ooze Armor":34,"Pantograph":28,"MutagenicStrength":30,"Red Mask":39,"Champion Belt":17,"Replay:Wax Seal":9},{"Lantern":16,"Eternal Feather":19,"Bag of Preparation":8,"Omamori":12,"Ancient Tea Set":11,"Burning Blood":0,"White Beast Statue":11,"Calling Bell":11,"Blood Vial":27,"Pondfish Scales":22,"ReplayTheSpireMod:Spearhead":22,"Centennial Puzzle":24,"Ooze Armor":18,"Pantograph":17,"MutagenicStrength":17,"Red Mask":20,"Champion Belt":11,"Replay:Wax Seal":6},{"Lantern":104,"Eternal Feather":127,"Bag of Preparation":46,"Omamori":73,"Ancient Tea Set":63,"Burning Blood":0,"White Beast Statue":63,"Calling Bell":63,"Blood Vial":181,"Pondfish Scales":140,"ReplayTheSpireMod:Spearhead":140,"Centennial Puzzle":151,"Ooze Armor":124,"Pantograph":111,"MutagenicStrength":111,"Red Mask":128,"Champion Belt":63,"Replay:Wax Seal":27}],"Burning Blood":154},"card_choices":[{"not_picked":["True Grit","Cleave"],"picked":"Seeing Red","floor":1.0},{"not_picked":["Rupture","Twin Strike"],"picked":"True Grit","floor":2.0},{"not_picked":["Replay:Undeath\u0027s Touch","Headbutt"],"picked":"Inflame","floor":3.0},{"not_picked":["Heavy Blade","Body Slam"],"picked":"Shockwave","floor":5.0},{"not_picked":["Barricade","Hemokinesis"],"picked":"Shockwave","floor":6.0},{"not_picked":["Thunderclap","Headbutt"],"picked":"Defy Death","floor":8.0},{"not_picked":["ReplayTheSpireMod:Strike From Hell","Heavy Blade"],"picked":"Burning Pact","floor":11.0},{"not_picked":["Iron Wave","Replay:Undeath\u0027s Touch"],"picked":"Wild Strike","floor":12.0},{"not_picked":["Sword Boomerang","Perfected Strike"],"picked":"Rampage","floor":13.0},{"not_picked":["Thunderclap","Entrench"],"picked":"Pommel Strike","floor":14.0},{"not_picked":["Corruption","Fiend Fire"],"picked":"Impervious","floor":16.0},{"not_picked":["Wild Strike","Clash"],"picked":"Flex","floor":18.0},{"not_picked":["Flex","Wild Strike","Pommel Strike"],"picked":"SKIP","floor":20.0},{"not_picked":["Juggernaut","True Grit"],"picked":"Run Through","floor":21.0},{"not_picked":["Twin Strike","Sword Boomerang"],"picked":"Battle Trance","floor":22.0},{"not_picked":["Juggernaut","Bloodletting","Rupture+1"],"picked":"SKIP","floor":23.0},{"not_picked":["Body Slam","Rupture+1"],"picked":"Offering","floor":28.0},{"not_picked":["Clash","Heavy Blade+1"],"picked":"ReplayTheSpireMod:Stacked","floor":35.0},{"not_picked":["ReplayReversal+1","Fire Breathing"],"picked":"Power Through+1","floor":38.0},{"not_picked":["ReplayTheSpireMod:Strike From Hell","Cleave"],"picked":"Entrench+1","floor":41.0},{"not_picked":["Armaments","Pommel Strike"],"picked":"Dark Embrace","floor":42.0},{"not_picked":["ReplayTheSpireMod:Strike From Hell","Sever Soul"],"picked":"ReplayReversal+1","floor":45.0},{"not_picked":["Power Through+1","Bludgeon"],"picked":"Fire Breathing","floor":47.0},{"not_picked":["True Grit+1","ReplayTheSpireMod:Corrosion Curse","Bloodletting"],"picked":"SKIP","floor":48.0},{"not_picked":["True Grit+1","ReplayTheSpireMod:Corrosion Curse","Bloodletting"],"picked":"SKIP","floor":48.0},{"not_picked":["Twin Strike+1","Run Through","Replay:Undeath\u0027s Touch+1"],"picked":"SKIP","floor":54.0}],"player_experience":491377,"relics_obtained":[{"floor":9.0,"key":"Replay:Wax Seal"},{"floor":12.0,"key":"Bag of Preparation"},{"floor":17.0,"key":"Ancient Tea Set"},{"floor":17.0,"key":"White Beast Statue"},{"floor":17.0,"key":"Champion Belt"},{"floor":23.0,"key":"Lantern"},{"floor":28.0,"key":"Pantograph"},{"floor":42.0,"key":"Pondfish Scales"},{"floor":43.0,"key":"ReplayTheSpireMod:Spearhead"},{"floor":47.0,"key":"Centennial Puzzle"},{"floor":54.0,"key":"Blood Vial"}],"event_choices":[{"damage_healed":0.0,"max_hp_gain":0.0,"max_hp_loss":0.0,"gold_gain":75.0,"event_name":"FaceTrader","player_choice":"Touch","floor":4.0,"gold_loss":0.0,"damage_taken":8.0},{"damage_healed":0.0,"max_hp_gain":0.0,"max_hp_loss":0.0,"gold_gain":0.0,"cards_transformed":["Strike_R"],"event_name":"Transmorgrifier","player_choice":"Transformed","floor":24.0,"gold_loss":0.0,"damage_taken":0.0,"cards_obtained":["Bludgeon"]},{"damage_healed":0.0,"max_hp_gain":0.0,"max_hp_loss":0.0,"gold_gain":0.0,"event_name":"Drug Dealer","player_choice":"Inject Mutagens","floor":30.0,"gold_loss":0.0,"damage_taken":0.0,"relics_obtained":["MutagenicStrength"]},{"damage_healed":0.0,"max_hp_gain":0.0,"max_hp_loss":0.0,"gold_gain":99.0,"event_name":"betterThird:BetterNest","player_choice":"Steal","floor":31.0,"gold_loss":0.0,"damage_taken":0.0},{"damage_healed":0.0,"max_hp_gain":0.0,"max_hp_loss":0.0,"gold_gain":0.0,"event_name":"WeMeetAgain","player_choice":"Gave Potion","floor":36.0,"gold_loss":0.0,"damage_taken":0.0,"relics_obtained":["Eternal Feather"]},{"damage_healed":0.0,"max_hp_gain":0.0,"max_hp_loss":0.0,"gold_gain":0.0,"event_name":"Tomb of Lord Red Mask","player_choice":"Paid","floor":39.0,"gold_loss":36.0,"damage_taken":0.0,"relics_obtained":["Red Mask"]},{"damage_healed":0.0,"max_hp_gain":0.0,"max_hp_loss":0.0,"gold_gain":0.0,"event_name":"MindBloom","player_choice":"Fight","floor":42.0,"gold_loss":0.0,"damage_taken":0.0},{"damage_healed":0.0,"max_hp_gain":0.0,"max_hp_loss":0.0,"gold_gain":0.0,"event_name":"Winding Halls","player_choice":"Embrace Madness","floor":44.0,"gold_loss":0.0,"damage_taken":10.0,"cards_obtained":["Madness","Madness"]}],"is_beta":false,"boss_relics":[{"not_picked":["ChewingGum","Fusion Hammer"],"picked":"Calling Bell"},{"not_picked":["Ring of Chaos","Replay:Ancient Bell"],"picked":"Ooze Armor"}],"items_purged_floors":[19,29,37],"is_endless":false,"potions_floor_spawned":[1,5,6,8,12,18,20,21,22,23,28,33,35,38,41,42,45,47,48,54],"killed_by":"The Heart","ascension_level":0}}