{"host":"ds1yr10zonoc6w4a","time":1609913110,"event":{"mods":["BaseMod","Better Match","Better Third Choice","BetterRewards","Minty Spire (QoL Compilation)","StSLib","The Animator"],"gold_per_floor":[127,127,142,220,420,420,411,411,465,465,515,535,563,656,656,656,656],"floor_reached":16,"playtime":1252,"items_purged":["animator:Strike","animator:Strike"],"score":274,"play_id":"fca63cc8-5c36-47a5-b398-dee5b57d2925","local_time":"20210105230510","is_ascension_mode":true,"campfire_choices":[{"data":"animator:Demiurge","floor":6.0,"key":"SMITH"},{"data":"animator:PandorasActor","floor":8.0,"key":"SMITH"},{"data":"animator:LizardPriest","floor":10,"key":"SMITH"},{"data":"animator:Defend_Overlord","floor":15,"key":"SMITH"}],"circlet_count":0,"master_deck":["AscendersBane","animator:Defend_Overlord+1","animator:Strike","animator:Defend","animator:Defend","animator:Defend","animator:Cocytus","animator:Demiurge+1","animator:Sebas","animator:Witch","animator:Patchouli","animator:LizardPriest+1","animator:PandorasActor+1","animator:Vanir","animator:DwarfShaman","Doubt","animator:CowGirl","animator:YunYun"],"relics":["animator:LivingPicture","animator:TheMissingPiece","PreservedInsect","animator:Mistletoe","SsserpentHead","betterThird:SlimedRelic","Strawberry","Happy Flower"],"acts_visited":["Exordium"],"potions_floor_usage":[12,12,16,16],"damage_taken":[{"damage":5.0,"enemies":"2 Louse","floor":1.0,"turns":2.0},{"damage":0.0,"enemies":"Cultist","floor":3.0,"turns":4.0},{"damage":0.0,"enemies":"Jaw Worm","floor":4.0,"turns":4.0},{"damage":3,"enemies":"Large Slime","floor":12,"turns":5},{"damage":23,"enemies":"Lagavulin","floor":13,"turns":8},{"damage":24,"enemies":"Slime Boss","floor":16,"turns":6}],"seed_played":"7680312570093209353","potions_obtained":[{"floor":1.0,"key":"Energy Potion"},{"floor":4.0,"key":"GamblersBrew"},{"floor":13,"key":"SteroidPotion"}],"is_trial":false,"path_per_floor":["M","?","M","M","?","R","?","R","T","R","T","M","E","?","R","B"],"character_chosen":"THE_ANIMATOR","items_purchased":["PreservedInsect","animator:Sebas","animator:Witch","animator:Patchouli","animator:LizardPriest"],"campfire_rested":0,"item_purchase_floors":[0,0,0,0,0],"current_hp_per_floor":[49,49,49,49,49,49,38,38,45,45,45,43,20,20,20,0,0],"gold":656,"neow_bonus":"","is_daily":false,"chose_seed":false,"campfire_upgraded":4,"win_rate":0.0,"timestamp":1609913110,"path_taken":["M","?","M","?","?","R","?","R","T","R","?","M","E","?","R","BOSS"],"items_purchased_type":["Relic","Card","Card","Card","Card"],"build_version":"2020-12-22","purchased_purges":2,"victory":false,"max_hp_per_floor":[60,60,60,60,60,60,60,60,67,67,67,68,68,68,68,68,68],"card_choices":[{"not_picked":["animator:Vanir","animator:LizardPriest"],"picked":"animator:PandorasActor","floor":1.0},{"not_picked":["animator:SilverFang","animator:Aqua"],"picked":"animator:Vanir","floor":3.0},{"not_picked":["animator:Sonic","animator:Sloth"],"picked":"animator:DwarfShaman","floor":4.0},{"not_picked":["animator:HighElfArcher","animator:LizardPriest"],"picked":"animator:CowGirl","floor":12},{"not_picked":["animator:GazelDwargon","animator:TsurugaMeisai"],"picked":"animator:YunYun","floor":13}],"player_experience":652651,"relics_obtained":[{"floor":9,"key":"Strawberry"},{"floor":13,"key":"Happy Flower"}],"event_choices":[{"damage_healed":0.0,"max_hp_gain":0.0,"max_hp_loss":0.0,"gold_gain":0.0,"event_name":"FaceTrader","player_choice":"Trade","floor":2.0,"gold_loss":0.0,"damage_taken":0.0,"relics_obtained":["SsserpentHead"]},{"damage_healed":0.0,"max_hp_gain":0.0,"max_hp_loss":0.0,"gold_gain":150.0,"event_name":"betterThird:BetterSerpent","player_choice":"AGREE","floor":5.0,"gold_loss":0.0,"damage_taken":270.0},{"damage_healed":0.0,"max_hp_gain":0.0,"max_hp_loss":0.0,"gold_gain":0.0,"event_name":"betterThird:BetterGoop","player_choice":"Slimed","floor":7.0,"gold_loss":59.0,"damage_taken":11.0}],"is_beta":false,"boss_relics":[],"items_purged_floors":[0,0],"is_endless":false,"potions_floor_spawned":[1,4,13],"killed_by":"Slime Boss","ascension_level":17}}