{"host":"yecadp3kwkksam5a","time":1609934300,"event":{"mods":["BaseMod","Minty Spire (QoL Compilation)","Replay The Spire","StSLib","The Jungle"],"gold_per_floor":[109,124,143,105,105,105,135,135,135,135,158,187,203,222,249,261,261,356,356,374,65,85,95,110,140,140,140,140],"floor_reached":27,"playtime":3119,"items_purged":["Injury","Dualcast"],"score":658,"play_id":"771d9a59-779d-4a70-afeb-8bfe1ec2827e","local_time":"20210106205820","is_ascension_mode":true,"campfire_choices":[{"floor":6.0,"key":"RECALL"},{"data":"Double Energy","floor":8.0,"key":"SMITH"},{"data":"Injury","floor":17.0,"key":"PURGE"},{"data":"Fusion","floor":26,"key":"SMITH"}],"circlet_count":0,"master_deck":["Echo Form+1","Sunder+1","Ball Lightning","Streamline+1","Leap","Conserve Battery","Coolheaded","Self Repair+1","Stack","Rebound","Ball Lightning+1","Meteor Strike","Hyperbeam+1","Loop+1","Hologram+1","Chill","Auto Shields","Double Energy+1","Fusion+1","Ghostly+1","Ghostly+1","Ghostly+1","Ghostly","Ghostly","Double Energy","Reboot","Reboot+1","Coolheaded+1","Turbo+1","Conserve Battery+1","Conserve Battery","Multi-Cast+1","Conserve Battery","Coolheaded+1","Tempest+1","Meteor Strike","Finesse","Conserve Battery+1","Sunder+1","Amplify+1","Coolheaded+1","Creative AI","Storm","Compile Driver","Fission+1","Seek+1","ReplaySolidLightProjector+1","Barrage","Apotheosis+1","Stack+1","Turbo+1","Coolheaded+1","Turbo+1","Meteor Strike"],"relics":["Cracked Core","Ice Cream","Blue Candle","Astrolabe","Bag of Marbles","InkBottle","Ancient Tea Set","Prayer Wheel","Dream Catcher","Nunchaku","Boot","Membership Card","Bronze Scales","Oddly Smooth Stone","Gambling Chip","Toy Ornithopter","Bag of Marbles","Toxic Egg 2","The Courier","SlaversCollar","War Paint","Potion Belt","Whetstone","Replay:Mystery Machine"],"acts_visited":["Exordium","theJungle:Jungle"],"potions_floor_usage":[],"damage_taken":[{"damage":0.0,"enemies":"2 Louse","floor":1.0,"turns":2.0},{"damage":0.0,"enemies":"Cultist","floor":2.0,"turns":2.0},{"damage":0.0,"enemies":"Jaw Worm","floor":3.0,"turns":1.0},{"damage":0.0,"enemies":"3 Sentries","floor":7.0,"turns":2.0},{"damage":0.0,"enemies":"Gremlin Nob","floor":12.0,"turns":1.0},{"damage":0.0,"enemies":"Gremlin Gang","floor":13.0,"turns":3.0},{"damage":0.0,"enemies":"Lots of Slimes","floor":14.0,"turns":2.0},{"damage":1.0,"enemies":"Lagavulin","floor":15.0,"turns":5.0},{"damage":0.0,"enemies":"2 Fungi Beasts","floor":16.0,"turns":2.0},{"damage":0.0,"enemies":"Fading Forest","floor":18.0,"turns":11.0},{"damage":3.0,"enemies":"Shell Parasite","floor":20.0,"turns":2.0},{"damage":5.0,"enemies":"theJungle:MUSHROOMGANG","floor":22.0,"turns":3.0},{"damage":0,"enemies":"theJungle:JungleHuntersEncounter","floor":23,"turns":3},{"damage":4,"enemies":"theJungle:Snecko_Cultist_And_Trap","floor":24,"turns":5},{"damage":4,"enemies":"theJungle:Cassacara","floor":25,"turns":5}],"seed_played":"3185107685009584496","potions_obtained":[{"floor":7.0,"key":"ColorlessPotion"},{"floor":13.0,"key":"Strength Potion"},{"floor":15.0,"key":"Strength Potion"},{"floor":22.0,"key":"Block Potion"},{"floor":24,"key":"Elixir"}],"is_trial":false,"path_per_floor":["M","M","M","$","?","R","E","R","PTL","PTL","T","E","M","M","E","M","R","B",null,"M","$","M","M","M","E","R","?"],"character_chosen":"DEFECT","items_purchased":["War Paint","Potion Belt","Whetstone","Apotheosis+1"],"campfire_rested":0,"item_purchase_floors":[21,21,21,21],"current_hp_per_floor":[44,44,44,44,44,44,44,44,44,44,44,44,44,44,43,43,43,44,44,41,41,36,36,42,38,38,0,0],"gold":140,"neow_bonus":"TEN_PERCENT_HP_BONUS","is_daily":false,"chose_seed":false,"campfire_upgraded":2,"win_rate":0.0,"timestamp":1609934300,"path_taken":["M","M","M","$","?","R","E","R","PTL","PTL","T","E","M","M","E","M","R","BOSS","M","$","M","?","M","E","R","?"],"items_purchased_type":["Relic","Relic","Relic","Card"],"build_version":"2020-12-22","purchased_purges":2,"victory":false,"max_hp_per_floor":[44,44,44,44,44,44,44,44,44,44,44,44,44,44,44,44,44,44,44,44,44,44,44,44,44,44,44,44],"card_choices":[{"not_picked":["Barrage","BasicCrystalCard","Steam"],"picked":"SKIP","floor":1.0},{"not_picked":["ReplaySolidLightProjector","ReplayTheSpireMod:GoodbyeWorld","Hologram"],"picked":"SKIP","floor":1.0},{"not_picked":["Streamline","Self Repair"],"picked":"Creative AI","floor":2.0},{"not_picked":["Leap","Double Energy","Steam Power"],"picked":"SKIP","floor":2.0},{"not_picked":["Leap","Barrage"],"picked":"Storm","floor":3.0},{"not_picked":["Gash","Steam","Melter"],"picked":"SKIP","floor":3.0},{"not_picked":["ReplayTheSpireMod:Reroute Power","Darkness","FIFO Queue"],"picked":"SKIP","floor":7.0},{"not_picked":["Reinforced Body+1","FTL"],"picked":"Compile Driver","floor":12.0},{"not_picked":["Coolheaded+1","Leap+1","Beam Cell"],"picked":"SKIP","floor":13.0},{"not_picked":["FIFO Queue","Compile Driver","Steam+1"],"picked":"SKIP","floor":13.0},{"not_picked":["Lockon","Rebound","Self Repair"],"picked":"SKIP","floor":14.0},{"not_picked":["Sunder","Barrage","Leap+1"],"picked":"SKIP","floor":14.0},{"not_picked":["BasicCrystalCard+1","Conserve Battery+1"],"picked":"Fission+1","floor":15.0},{"not_picked":["Leap+1","Sunder","Cold Snap"],"picked":"SKIP","floor":16.0},{"not_picked":["Steam+1","Panic Button+1","Multi-Cast+1"],"picked":"SKIP","floor":16.0},{"not_picked":["Meteor Strike","Machine Learning"],"picked":"Seek+1","floor":18.0},{"not_picked":["Fusion+1","ReplaySort+1"],"picked":"ReplaySolidLightProjector+1","floor":20.0},{"not_picked":["Redo+1","BasicCrystalCard+1"],"picked":"Barrage","floor":20.0},{"not_picked":["Leap+1","Coolheaded+1"],"picked":"Stack+1","floor":22.0},{"not_picked":["Reprogram+1","Static Discharge"],"picked":"Turbo+1","floor":22.0},{"not_picked":["Ball Lightning","Rebound+1"],"picked":"Coolheaded+1","floor":23},{"not_picked":["Rebound","Steam Power+1","Beam Cell"],"picked":"SKIP","floor":23},{"not_picked":["Steam+1","Mirror Shield+1"],"picked":"Turbo+1","floor":24},{"not_picked":["Consume+1","Rebound","ReplayGash+1"],"picked":"SKIP","floor":24},{"not_picked":["Doom and Gloom","Beam Cell"],"picked":"Meteor Strike","floor":25}],"player_experience":396105,"relics_obtained":[{"floor":5.0,"key":"Toy Ornithopter"},{"floor":7.0,"key":"Bag of Marbles"},{"floor":12.0,"key":"Toxic Egg 2"},{"floor":15.0,"key":"The Courier"},{"floor":25,"key":"Replay:Mystery Machine"}],"event_choices":[{"damage_healed":0.0,"max_hp_gain":0.0,"max_hp_loss":0.0,"gold_gain":0.0,"event_name":"Wheel of Change","player_choice":"Relic","floor":5.0,"gold_loss":0.0,"damage_taken":0.0}],"is_beta":false,"boss_relics":[{"not_picked":["Honey Jar","Cursed Key"],"picked":"SlaversCollar"}],"items_purged_floors":[4,21],"is_endless":false,"potions_floor_spawned":[7,13,15,18,20,22,24],"ascension_level":10}}