{"host":"j204k34h42bd6fas","time":1609898188,"event":{"mods":["Aspiration","BaseMod","Colored Map","Colored Powertips","Conspire","Energized Spire","Hubris","Infinite Spire","JesterMod","Mimic Mod","Minty Spire (QoL Compilation)","Rare Cards Sparkle","Relic Stats","Replay The Spire","Say the Spire","StSLib","The Cursed","The Marked"],"gold_per_floor":[109,26,26,41,51,51,82,82,109,142,161,89,99,99,99,195,245,261,261,291,301,325,351,363,382,382,140,158,186,36,49,49,49,49],"floor_reached":33,"playtime":1304,"items_purged":[],"score":386,"play_id":"d7893601-a7ff-4255-83c4-38415fd4a624","local_time":"20210105205628","is_ascension_mode":true,"campfire_choices":[{"data":"Discovery","floor":6,"key":"SMITH"},{"data":"Fiend Fire","floor":8,"key":"SMITH"},{"floor":15,"key":"REST"},{"data":"Eclipse","floor":32,"key":"SMITH"}],"circlet_count":0,"master_deck":["Strike_R+1","Strike_R","Strike_R","Strike_R","Defend_R","Defend_R","Defend_R","Defend_R","Bash","Perfected Strike","Discovery+1","Fiend Fire+1","Cleave","Thunderclap","Feel No Pain","Reaper","Wild Strike","Perfected Strike","Wild Strike","Eclipse+1","Burning Pact","Warcry+1","Clothesline","Defy Death","Sever Soul+1","Disarm+1","Armaments+1","Seeing Red","Purity","Wild Strike","Battle Trance+1"],"relics":["Burning Blood","NeowsBlessing","Nunchaku","ReplayFunnel","infinitespire:BottledMercury","Tiny House","Bottled Tornado","aspiration:AnachronicSnailShell","Centennial Puzzle","Toy Ornithopter","Orichalcum","aspiration:Nostalgia","Sizzling Blood","BranchBurnRelic"],"acts_visited":["Exordium","TheCity"],"potions_floor_usage":[10,13,18,29,29,29],"damage_taken":[{"damage":0,"enemies":"2 Louse","floor":1,"turns":1},{"damage":0,"enemies":"Cultist","floor":4,"turns":1},{"damage":0,"enemies":"Jaw Worm","floor":5,"turns":1},{"damage":34,"enemies":"Gremlin Nob","floor":7,"turns":4},{"damage":15,"enemies":"Lagavulin","floor":10,"turns":3},{"damage":31,"enemies":"Exordium Thugs","floor":11,"turns":4},{"damage":13,"enemies":"3 Louse","floor":13,"turns":2},{"damage":33,"enemies":"Slime Boss","floor":16,"turns":6},{"damage":11,"enemies":"Spheric Guardian","floor":18,"turns":3},{"damage":12,"enemies":"Shell Parasite","floor":20,"turns":8},{"damage":16,"enemies":"Shell Parasite","floor":21,"turns":5},{"damage":31,"enemies":"Replay:Snechameleon","floor":23,"turns":5},{"damage":7,"enemies":"Snecko","floor":24,"turns":4},{"damage":7,"enemies":"Cultist and Chosen","floor":25,"turns":4},{"damage":21,"enemies":"Snake Plant","floor":28,"turns":3},{"damage":7,"enemies":"Gremlin Leader","floor":29,"turns":2},{"damage":3,"enemies":"Centurion and Healer","floor":31,"turns":3},{"damage":93,"enemies":"Automaton","floor":33,"turns":12}],"seed_played":"1517149050735842766","potions_obtained":[{"floor":5,"key":"Death Potion"},{"floor":7,"key":"Reflective Coating"},{"floor":10,"key":"SteroidPotion"},{"floor":16,"key":"Milkshake"},{"floor":17,"key":"infinitespire:BlackPotion"},{"floor":21,"key":"Languid Potion"},{"floor":29,"key":"Elixir"}],"is_trial":false,"path_per_floor":["M","$","?","M","M","R","E","R","T","E","M","$","M","?","R","B",null,"M","?","MIM","M","?","E","M","M","T","$","M","E","$","M","R","B"],"character_chosen":"IRONCLAD","items_purchased":["Discovery","Wild Strike","Perfected Strike","Toy Ornithopter","Purity","aspiration:Nostalgia"],"campfire_rested":1,"item_purchase_floors":[2,12,12,27,27,30],"current_hp_per_floor":[78,78,78,80,80,80,52,52,52,43,18,18,38,38,62,45,76,71,80,74,64,64,39,38,45,45,45,30,44,48,55,55,0,0],"gold":49,"neow_bonus":"THREE_ENEMY_KILL","is_daily":false,"chose_seed":false,"campfire_upgraded":3,"win_rate":0.0,"timestamp":1609898188,"path_taken":["M","$","?","?","M","R","E","R","T","E","M","$","M","?","R","BOSS","M","?","?","M","?","E","?","M","T","$","M","E","?","M","R","BOSS"],"items_purchased_type":["Card","Card","Card","Relic","Card","Relic"],"build_version":"2020-12-22","purchased_purges":0,"victory":false,"max_hp_per_floor":[80,80,80,80,80,80,80,80,80,80,80,80,80,80,80,80,85,85,85,85,85,85,85,85,85,85,85,85,85,89,89,89,89,89],"relic_stats":{"Nunchaku":[11],"Centennial Puzzle":[18],"counters":[18,71],"Orichalcum":[18],"obtain_stats":[{"ReplayFunnel":9,"infinitespire:BottledMercury":10,"Tiny House":17,"NeowsBlessing":0,"aspiration:Nostalgia":30,"Dead Branch":26,"Sizzling Blood":30,"Bottled Tornado":20,"Orichalcum":29,"Burning Blood":0,"BranchBurnRelic":32,"Nunchaku":7,"Centennial Puzzle":23,"aspiration:AnachronicSnailShell":22,"Toy Ornithopter":27},{"ReplayFunnel":4,"infinitespire:BottledMercury":5,"Tiny House":8,"NeowsBlessing":0,"aspiration:Nostalgia":16,"Dead Branch":14,"Sizzling Blood":16,"Bottled Tornado":10,"Orichalcum":16,"Burning Blood":0,"BranchBurnRelic":17,"Nunchaku":4,"Centennial Puzzle":12,"aspiration:AnachronicSnailShell":11,"Toy Ornithopter":14},{"ReplayFunnel":7,"infinitespire:BottledMercury":10,"Tiny House":22,"NeowsBlessing":0,"aspiration:Nostalgia":56,"Dead Branch":51,"Sizzling Blood":56,"Bottled Tornado":33,"Orichalcum":56,"Burning Blood":0,"BranchBurnRelic":59,"Nunchaku":7,"Centennial Puzzle":43,"aspiration:AnachronicSnailShell":38,"Toy Ornithopter":51}],"Burning Blood":92,"Toy Ornithopter":15},"card_choices":[{"not_picked":["Sword Boomerang","Warcry"],"picked":"Perfected Strike","floor":1},{"not_picked":["Shockwave","Heavy Blade"],"picked":"Cleave","floor":4},{"not_picked":["Run Through","Metallicize"],"picked":"Thunderclap","floor":5},{"not_picked":["Body Slam","Uppercut"],"picked":"Feel No Pain","floor":7},{"not_picked":["Shrug It Off","Combust","Clothesline"],"picked":"SKIP","floor":10},{"not_picked":["Defy Death","Feel No Pain"],"picked":"Reaper","floor":11},{"not_picked":["True Grit","Rage"],"picked":"Wild Strike","floor":13},{"not_picked":["Immolate","Feed"],"picked":"Eclipse","floor":16},{"not_picked":["Clothesline","hubris:SharpeningStone"],"picked":"Burning Pact","floor":17},{"not_picked":["hubris:ReadiedAction","Cleave+1"],"picked":"Warcry+1","floor":18},{"not_picked":["ReplayReversal","Rupture"],"picked":"Clothesline","floor":20},{"not_picked":["Inflame","conspire:ExplosiveBarrier+1"],"picked":"Defy Death","floor":21},{"not_picked":["Life Link","Body Slam"],"picked":"Sever Soul+1","floor":22},{"not_picked":["True Grit+1","Body Slam"],"picked":"Disarm+1","floor":23},{"not_picked":["Body Slam","Headbutt"],"picked":"Armaments+1","floor":24},{"not_picked":["Replay:Undeath\u0027s Touch","Inflame"],"picked":"Seeing Red","floor":25},{"not_picked":["conspire:ExplosiveBarrier","Thunderclap","Anger+1"],"picked":"SKIP","floor":28},{"not_picked":["Hemogenesis","Searing Blow"],"picked":"Wild Strike","floor":29},{"not_picked":["Evolve","Thunderclap"],"picked":"Battle Trance+1","floor":31}],"player_experience":332642,"relics_obtained":[{"floor":7,"key":"Nunchaku"},{"floor":9,"key":"ReplayFunnel"},{"floor":10,"key":"infinitespire:BottledMercury"},{"floor":20,"key":"Bottled Tornado"},{"floor":22,"key":"aspiration:AnachronicSnailShell"},{"floor":23,"key":"Centennial Puzzle"},{"floor":26,"key":"Dead Branch"},{"floor":29,"key":"Orichalcum"}],"event_choices":[{"damage_healed":0,"gold_gain":0,"player_choice":"1 cards matched","damage_taken":0,"max_hp_gain":0,"max_hp_loss":0,"event_name":"Match and Keep!","floor":3,"gold_loss":0,"cards_obtained":["Fiend Fire"]},{"cards_removed":["Strike_R"],"damage_healed":0,"gold_gain":0,"player_choice":"Purged","damage_taken":0,"max_hp_gain":0,"max_hp_loss":0,"event_name":"Purifier","floor":14,"gold_loss":0}],"is_beta":false,"boss_relics":[{"not_picked":["conspire:SeveredTorchhead","hubris:CrackedHourglass"],"picked":"Tiny House"}],"items_purged_floors":[],"is_endless":false,"potions_floor_spawned":[5,7,10,16,21,25,28,29],"killed_by":"Automaton","ascension_level":6}}