{"host":"wonp23fsqqcu31ie","time":1609923818,"event":{"mods":["2.2 Compatiblity","AchievementEnabler","Aspiration","BaseMod","Bestiary","Better Altar","Better Match","Better Sensory Stone","Better Skull","Better Third Choice","BetterRewards","Block Reminder","Colored Map","Colored Powertips","Conspire","Curses Come First","DeckTracker","Displayed Cursed Tome","Downfall","Evolution","Hermit","Highlight Path","Hubris","Marisa????????","Minty Spire (QoL Compilation)","Permanent Neow","Prisma Mod","Quick Restart","Rare Cards Sparkle","Relic Stats","Replay The Spire","Robot Space Explorer","Shade Mod","Shop Mod","StSLib","SuperFastMode","The Animator","The Bug Knight","The Construct","The Cursed","The Dragon Tamer","The Gatherer","The Marked","The Necromancer","The Runesmith","The Servant 0.9.4"],"gold_per_floor":[109,139,139,154,154,154,165,200,227,227,37,37,37,50,50,146,146,166,166,188,188,208,208,236,236,236,236,248,258,270,298,298,403,403,414,48,98,98,98,98,110,110,110,144,158,28,28,43,43,0,0],"floor_reached":50,"playtime":1097,"items_purged":["Amnesia"],"score":636,"play_id":"68c53745-6815-40d6-9c76-cf472a938511","local_time":"20210106200338","is_ascension_mode":true,"campfire_choices":[{"data":"Apotheosis","floor":6,"key":"SMITH"},{"data":"Thunderclap","floor":10,"key":"SMITH"},{"data":"Searing Blow","floor":12,"key":"SMITH"},{"data":"Searing Blow+1","floor":15,"key":"SMITH"},{"floor":23,"key":"RECALL"},{"data":"hubris:StunningStrike","floor":25,"key":"SMITH"},{"data":"Searing Blow+2","floor":27,"key":"SMITH"},{"floor":32,"key":"REST"},{"data":"Demon Form","floor":40,"key":"SMITH"},{"data":"Searing Blow+4","floor":42,"key":"SMITH"},{"data":"Searing Blow+5","floor":49,"key":"SMITH"}],"circlet_count":0,"master_deck":["Strike_R+1","Strike_R+1","Strike_R+1","Strike_R","Strike_R","Defend_R","Defend_R","Defend_R","Defend_R","Bash","Reckless Charge","Perfected Strike+1","Thunderclap+1","Apotheosis+1","Iron Wave","Perfected Strike+1","Searing Blow+6","Run Through+1","hubris:StunningStrike+1","Run Through+1","Replay:Undeath\u0027s Touch","Armaments","Twin Strike","conspire:Charge+1","Clash+1","Demon Form+1","ReplayTheSpireMod:Strike From Hell","Reaper","Inflame+1","Feed","hubris:StunningStrike","Headbutt+1","Fire Breathing","ReplayTheSpireMod:Corrosion Curse","Anger+1"],"relics":["Burning Blood","EVO:Axolotl","Durian","Onion Ring","hubris:SlimyHat","hubris:MysteriousPyramids","Simple Rune","construct:WeddingRing","ReplayTheSpireMod:Ring of Collecting","Ring of Panic","construct:RocketBooster","hubris:Towel","Kunai","Ring of Misfortune","hubris:TenFootPole","SacredBark","MerchantsRug","Counterbalance","hubris:Icosahedron","ReplayTheSpireMod:Ring of Addiction","Toy Ornithopter","White Beast Statue","aspiration:StickyExplosives_weak","ReplayTheSpireMod:TigerMarble"],"acts_visited":["Exordium","TheCity","TheBeyond"],"potions_floor_usage":[8,8,33,33,33,44,45,50,50,50],"damage_taken":[{"damage":5,"enemies":"Small Slimes","floor":1,"turns":3},{"damage":24,"enemies":"conspire:MimicChest","floor":2,"turns":5},{"damage":0,"enemies":"Cultist","floor":4,"turns":2},{"damage":4,"enemies":"Jaw Worm","floor":7,"turns":2},{"damage":12,"enemies":"3 Sentries","floor":8,"turns":5},{"damage":0,"enemies":"2 Fungi Beasts","floor":14,"turns":3},{"damage":34,"enemies":"The Guardian","floor":16,"turns":8},{"damage":0,"enemies":"Chosen","floor":18,"turns":1},{"damage":11,"enemies":"conspire:HollyBat","floor":22,"turns":8},{"damage":0,"enemies":"Replay:Snechameleon","floor":24,"turns":1},{"damage":21,"enemies":"Centurion and Healer","floor":28,"turns":3},{"damage":0,"enemies":"Shelled Parasite and Fungi","floor":29,"turns":1},{"damage":0,"enemies":"Sentry and Sphere","floor":30,"turns":2},{"damage":14,"enemies":"conspire:SneckoGhost","floor":31,"turns":5},{"damage":23,"enemies":"conspire:MysteriousRune","floor":33,"turns":8},{"damage":19,"enemies":"3 Shapes","floor":35,"turns":3},{"damage":0,"enemies":"Mind Bloom Boss Battle","floor":37,"turns":2},{"damage":0,"enemies":"3 Darklings","floor":41,"turns":1},{"damage":75,"enemies":"Reptomancer","floor":44,"turns":6},{"damage":29,"enemies":"Writhing Mass","floor":45,"turns":3},{"damage":16,"enemies":"Transient","floor":48,"turns":5},{"damage":73,"enemies":"conspire:OrnateMirror","floor":50,"turns":2}],"seed_played":"-8828422879170197535","potions_obtained":[{"floor":1,"key":"Adrenaline Potion"},{"floor":2,"key":"Energy Potion"},{"floor":14,"key":"AttackPotion"},{"floor":28,"key":"Venom Potion"},{"floor":30,"key":"Dexterity Potion"},{"floor":35,"key":"sneckomod:MuddlingPotion"},{"floor":43,"key":"hexamod:EctoCoolerPotion"},{"floor":43,"key":"ElixirPotion"},{"floor":43,"key":"Strength Potion"},{"floor":44,"key":"Dexterity Potion"},{"floor":45,"key":"BloodPotion"},{"floor":48,"key":"Swift Potion"}],"is_trial":false,"path_per_floor":["M","?","?","M","?","R","M","E","T","R","$","R","?","M","R","B",null,"M","?","?","?","M","R","E","R","T","R","M","M","M","E","R_BF","B",null,"M","$","?","?","?","R","M","R","T","E","M","$","?","M","R","B"],"character_chosen":"IRONCLAD","items_purchased":["DollysMirror","Searing Blow","MerchantsRug","Feed","ReplayTheSpireMod:TigerMarble"],"campfire_rested":1,"item_purchase_floors":[11,11,36,36,46],"current_hp_per_floor":[77,59,59,65,65,65,67,61,61,61,61,61,61,67,67,39,77,77,77,58,58,53,53,59,59,59,59,44,50,56,48,71,54,77,64,64,80,80,80,80,84,84,94,45,64,64,64,54,54,0,0],"gold":0,"neow_bonus":"ONE_RARE_RELIC","is_daily":false,"chose_seed":false,"campfire_upgraded":9,"win_rate":0.0,"timestamp":1609923818,"path_taken":["M","?","?","?","?","R","M","E","T","R","$","R","?","M","R","BOSS","M","?","?","?","M","R","E","R","T","R","M","M","M","E","R_BF","BOSS","M","$","?","?","?","R","M","R","T","E","M","$","?","M","R","BOSS"],"items_purchased_type":["Relic","Card","Relic","Card","Relic"],"build_version":"2020-12-22","purchased_purges":1,"victory":false,"max_hp_per_floor":[77,77,77,77,77,77,77,77,77,77,77,77,77,77,77,77,77,77,77,77,77,77,77,77,77,77,77,77,77,77,77,77,77,77,77,77,80,80,80,80,84,84,94,94,94,94,94,94,92,92,92],"relic_stats":{"counters":[22,79],"Kunai":[26],"obtain_stats":[{"SacredBark":34,"hubris:SlimyHat":3,"EVO:Axolotl":0,"hubris:MysteriousPyramids":8,"Burning Blood":0,"aspiration:StickyExplosives_weak":44,"hubris:Icosahedron":39,"DollysMirror":11,"Kunai":24,"Ring of Panic":19,"MerchantsRug":36,"construct:WeddingRing":17,"construct:RocketBooster":20,"Pear":43,"Counterbalance":37,"ReplayTheSpireMod:Ring of Addiction":43,"hubris:Towel":21,"White Beast Statue":43,"ReplayTheSpireMod:Ring of Collecting":19,"Ring of Misfortune":26,"Onion Ring":2,"Simple Rune":9,"Durian":0,"hubris:TenFootPole":31,"ReplayTheSpireMod:TigerMarble":46,"Toy Ornithopter":43},{"SacredBark":15,"hubris:SlimyHat":2,"EVO:Axolotl":0,"hubris:MysteriousPyramids":5,"Burning Blood":0,"aspiration:StickyExplosives_weak":19,"hubris:Icosahedron":17,"DollysMirror":5,"Kunai":10,"Ring of Panic":8,"MerchantsRug":16,"construct:WeddingRing":7,"construct:RocketBooster":8,"Pear":18,"Counterbalance":17,"ReplayTheSpireMod:Ring of Addiction":18,"hubris:Towel":8,"White Beast Statue":18,"ReplayTheSpireMod:Ring of Collecting":8,"Ring of Misfortune":10,"Onion Ring":2,"Simple Rune":5,"Durian":0,"hubris:TenFootPole":14,"ReplayTheSpireMod:TigerMarble":20,"Toy Ornithopter":18},{"SacredBark":57,"hubris:SlimyHat":8,"EVO:Axolotl":0,"hubris:MysteriousPyramids":17,"Burning Blood":0,"aspiration:StickyExplosives_weak":69,"hubris:Icosahedron":62,"DollysMirror":17,"Kunai":38,"Ring of Panic":29,"MerchantsRug":60,"construct:WeddingRing":28,"construct:RocketBooster":29,"Pear":63,"Counterbalance":62,"ReplayTheSpireMod:Ring of Addiction":63,"hubris:Towel":29,"White Beast Statue":63,"ReplayTheSpireMod:Ring of Collecting":29,"Ring of Misfortune":38,"Onion Ring":8,"Simple Rune":17,"Durian":0,"hubris:TenFootPole":49,"ReplayTheSpireMod:TigerMarble":72,"Toy Ornithopter":63}],"Burning Blood":110,"Toy Ornithopter":20},"card_choices":[{"not_picked":["Pommel Strike","Life Link"],"picked":"Reckless Charge","floor":1},{"not_picked":["Cleave","Armaments"],"picked":"Perfected Strike","floor":2},{"not_picked":["ReplayTheSpireMod:Muscle Training","Heavy Blade"],"picked":"Thunderclap","floor":4},{"not_picked":["expansioncontent:TimeRipple","expansioncontent:Hexaburn"],"picked":"Apotheosis","floor":5},{"not_picked":["Twin Strike","Body Slam"],"picked":"Intimidate","floor":7},{"not_picked":["Headbutt","hubris:ReadiedAction"],"picked":"Iron Wave","floor":8},{"not_picked":["Shockwave","Thunderclap"],"picked":"Run Through","floor":14},{"not_picked":["Double Tap","Reaper"],"picked":"hubris:StunningStrike","floor":16},{"not_picked":["Defy Death","Battle Trance"],"picked":"Run Through+1","floor":18},{"not_picked":["Body Slam+1","Shrug It Off"],"picked":"Replay:Undeath\u0027s Touch","floor":20},{"not_picked":["Wild Strike","Sword Boomerang"],"picked":"Armaments","floor":22},{"not_picked":["Warcry+1","Sword Boomerang"],"picked":"Twin Strike","floor":24},{"not_picked":["Clash","Wild Strike"],"picked":"conspire:Charge+1","floor":28},{"not_picked":["Flex","Pommel Strike+1"],"picked":"Clash+1","floor":29},{"not_picked":["Cleave","Havoc+1"],"picked":"Demon Form","floor":30},{"not_picked":["Reckless Charge","Hemokinesis"],"picked":"ReplayTheSpireMod:Strike From Hell","floor":31},{"not_picked":["Demon Form","Double Tap"],"picked":"Reaper","floor":33},{"not_picked":["Anger","Second Wind+1"],"picked":"Inflame+1","floor":35},{"not_picked":["Clash+1","Cleave+1"],"picked":"hubris:StunningStrike","floor":37},{"not_picked":["True Grit+1","Wild Strike"],"picked":"Headbutt+1","floor":41},{"not_picked":["Bloodletting","Intimidate"],"picked":"Fire Breathing","floor":44},{"not_picked":["ReplayTheSpireMod:Strike From Hell+1","Reckless Charge"],"picked":"ReplayTheSpireMod:Corrosion Curse","floor":45},{"not_picked":["True Grit","Intimidate"],"picked":"Anger+1","floor":48}],"player_experience":469693,"relics_obtained":[{"floor":2,"key":"Onion Ring"},{"floor":3,"key":"hubris:SlimyHat"},{"floor":8,"key":"hubris:MysteriousPyramids"},{"floor":9,"key":"Simple Rune"},{"floor":19,"key":"ReplayTheSpireMod:Ring of Collecting"},{"floor":19,"key":"Ring of Panic"},{"floor":20,"key":"construct:RocketBooster"},{"floor":24,"key":"Kunai"},{"floor":26,"key":"Ring of Misfortune"},{"floor":31,"key":"hubris:TenFootPole"},{"floor":37,"key":"Counterbalance"},{"floor":43,"key":"ReplayTheSpireMod:Ring of Addiction"},{"floor":43,"key":"Toy Ornithopter"},{"floor":43,"key":"White Beast Statue"},{"floor":43,"key":"Pear"},{"floor":44,"key":"aspiration:StickyExplosives_weak"}],"event_choices":[{"damage_healed":0,"gold_gain":0,"player_choice":"Relic","damage_taken":0,"max_hp_gain":0,"max_hp_loss":0,"event_name":"Wheel of Change","floor":3,"gold_loss":0},{"damage_healed":0,"gold_gain":1,"player_choice":"1","damage_taken":0,"max_hp_gain":0,"max_hp_loss":0,"event_name":"betterStone:BetterStone","floor":5,"gold_loss":0},{"damage_healed":0,"gold_gain":0,"player_choice":"Fight","damage_taken":0,"max_hp_gain":0,"max_hp_loss":0,"event_name":"MindBloom","floor":37,"gold_loss":0},{"cards_removed":["Intimidate"],"damage_healed":0,"gold_gain":0,"player_choice":"Removed Skill","damage_taken":0,"max_hp_gain":0,"max_hp_loss":0,"event_name":"Falling","floor":38,"gold_loss":0},{"damage_healed":0,"gold_gain":0,"player_choice":"Upgraded","damage_taken":0,"max_hp_gain":0,"max_hp_loss":0,"event_name":"Upgrade Shrine","floor":47,"gold_loss":0,"cards_upgraded":["Perfected Strike"]}],"is_beta":false,"boss_relics":[{"not_picked":["Black Star","construct:ClawGrip"],"picked":"construct:WeddingRing"},{"not_picked":["hubris:TerracottaHorce","aspiration:RunesmithSkillbook"],"picked":"SacredBark"}],"items_purged_floors":[36],"is_endless":false,"potions_floor_spawned":[1,2,14,28,30,31,35,44,45,48],"killed_by":"conspire:OrnateMirror","ascension_level":3}}