{"host":"tj57avznel0uzvp6","time":1609950229,"event":{"mods":["BaseMod","Downfall","Glutton Mod","Minty Spire (QoL Compilation)","Remove Card Discount Mod","Replay The Spire","StSLib"],"gold_per_floor":[116,48,68,85,85,85,85,101,101,101,112,112,112,82,82,177,177,195,120,120,120],"floor_reached":20,"playtime":720,"items_purged":[],"score":337,"play_id":"a204e8bf-9894-4cda-af2c-770ef4c8df36","local_time":"20210106092349","daily_mods":["Blue Cards","Colorless Cards","Flight","downfall:Jewelcrafting"],"is_ascension_mode":false,"campfire_choices":[{"data":"Echo Form","floor":6,"key":"SMITH"},{"data":"Slimebound:DuplicatedForm","floor":7,"key":"SMITH"},{"data":"Capacitor","floor":10,"key":"SMITH"},{"data":"Zap","floor":12,"key":"SMITH"},{"data":"Glutton:StarvationMode","floor":13,"key":"SMITH"},{"floor":15,"key":"REST"}],"circlet_count":0,"master_deck":["Demon Form","Wraith Form v2","Echo Form+1","Glutton:StarvationMode+1","Guardian:ConstructionForm","hexamod:ParanormalForm","Slimebound:DuplicatedForm+1","sneckomod:SerpentMind","Strike_B","Strike_B","Strike_B","Strike_B","Defend_B","Defend_B","Defend_B","Defend_B","Zap+1","Dualcast","Guardian:ExploitGems","Guardian:ExploitGems","Compile Driver","Capacitor","Stack","Barrage","Good Instincts","Capacitor+1","Gash","ReplayTheSpireMod:Brewmster","Compile Driver","Coolheaded"],"relics":["Cracked Core","Guardian:PickAxe","replay:Trail_Library","Pantograph","Philosopher\u0027s Stone"],"acts_visited":["Exordium","TheCity"],"potions_floor_usage":[20],"damage_taken":[{"damage":8,"enemies":"Cultist","floor":1,"turns":5},{"damage":20,"enemies":"Small Slimes","floor":3,"turns":4},{"damage":7,"enemies":"2 Louse","floor":4,"turns":3},{"damage":0,"enemies":"Large Slime","floor":8,"turns":6},{"damage":22,"enemies":"Blue Slaver","floor":11,"turns":6},{"damage":10,"enemies":"Looter","floor":14,"turns":4},{"damage":0,"enemies":"Slime Boss","floor":16,"turns":9},{"damage":0,"enemies":"Chosen","floor":18,"turns":6},{"damage":16,"enemies":"2 Thieves","floor":19,"turns":5},{"damage":80,"enemies":"Masked Bandits","floor":20,"turns":3}],"seed_played":"-5363138344057581246","potions_obtained":[{"floor":3,"key":"SpeedPotion"},{"floor":16,"key":"EssenceOfDarkness"},{"floor":18,"key":"sneckomod:MuddlingPotion"}],"is_trial":true,"path_per_floor":["M","$","M","M","?","R","R","M","T","R","M","R","R","M","R","B",null,"M","M","?"],"character_chosen":"DEFECT","items_purchased":["Capacitor"],"campfire_rested":1,"item_purchase_floors":[2],"current_hp_per_floor":[67,67,62,55,85,85,85,85,85,85,78,78,78,68,85,85,85,85,70,0,0],"gold":120,"neow_bonus":"","is_daily":false,"chose_seed":false,"campfire_upgraded":5,"win_rate":0.0,"timestamp":1609950229,"path_taken":["M","?","?","?","?","R","R","M","T","R","?","R","R","M","R","BOSS","M","?","?"],"items_purchased_type":["Card"],"build_version":"2020-12-22","purchased_purges":0,"victory":false,"max_hp_per_floor":[75,75,75,75,85,85,85,85,85,85,85,85,85,85,85,85,85,85,85,85,85],"card_choices":[{"not_picked":["Panic Button","Steam"],"picked":"Compile Driver","floor":1},{"not_picked":["Ball Lightning","ReplayTheSpireMod:System Scan"],"picked":"Stack","floor":3},{"not_picked":["Survey Options","Beam Cell"],"picked":"Barrage","floor":4},{"not_picked":["Metamorphosis","Go for the Eyes"],"picked":"Good Instincts","floor":8},{"not_picked":["ReplaySort","Rebound"],"picked":"Gash","floor":11},{"not_picked":["Panic Button","Beam Cell","Replay:SS_forest_5"],"picked":"SKIP","floor":14},{"not_picked":["ReplayUltimateDefense","Mirror Shield"],"picked":"ReplayTheSpireMod:Brewmster","floor":16},{"not_picked":["Rebound","Streamline"],"picked":"Compile Driver","floor":18},{"not_picked":["Go for the Eyes","Purity"],"picked":"Coolheaded","floor":19}],"player_experience":583289,"relics_obtained":[{"floor":9,"key":"Pantograph"}],"event_choices":[{"cards_removed":["DevaForm"],"damage_healed":20,"gold_gain":0,"player_choice":"Offered Rare","damage_taken":0,"max_hp_gain":10,"max_hp_loss":0,"event_name":"Bonfire Elementals","floor":5,"gold_loss":0},{"damage_healed":0,"gold_gain":0,"player_choice":"Fought Bandits","damage_taken":0,"max_hp_gain":0,"max_hp_loss":0,"event_name":"Masked Bandits","floor":20,"gold_loss":0}],"is_beta":false,"boss_relics":[{"not_picked":["Coffee Dripper","Velvet Choker"],"picked":"Philosopher\u0027s Stone"}],"items_purged_floors":[],"is_endless":true,"potions_floor_spawned":[3,16,18],"killed_by":"Masked Bandits","ascension_level":0}}