{"host":"ibfpjm2kz059o009","time":1609893853,"event":{"mods":["AchievementEnabler","BaseMod","Block Reminder","Colored Powertips","DeckTracker","Googly Eyes","Key Reminder","Minty Spire (QoL Compilation)","Shop Mod","Unceasing Turn Reminder"],"gold_per_floor":[117,133,148,148,223,223,223,188,263,263,33,62,79,92,92,187,187,207,207,218,228,228,228,253,4,4,4,4],"floor_reached":27,"playtime":1022,"items_purged":[],"score":302,"play_id":"6faec890-68bf-454c-a2df-4783f1fbd64f","local_time":"20210105194413","is_ascension_mode":true,"campfire_choices":[{"floor":6,"key":"RECALL"},{"data":"Zap","floor":10,"key":"SMITH"},{"floor":15,"key":"REST"},{"floor":23,"key":"REST"}],"circlet_count":0,"master_deck":["Defend_B","Defend_B","Defend_B","Zap+1","Dualcast","Transmutation+1","Darkness","Tempest","Conserve Battery","Sweeping Beam","Ball Lightning","Hyperbeam","Gash","Redo+1","Ball Lightning+1","Chill+1","Compile Driver+1","Loop+1","Turbo+1","Bite","Bite","Bite","Bite","Bite","Reinforced Body","Self Repair","Panache"],"relics":["Cracked Core","Anchor","Bottled Lightning","Astrolabe","CaptainsWheel","Bottled Flame"],"acts_visited":["Exordium","TheCity"],"potions_floor_usage":[2,16,16,16,18,20,21,21,24],"damage_taken":[{"damage":16,"enemies":"Cultist","floor":1,"turns":4},{"damage":0,"enemies":"2 Louse","floor":2,"turns":2},{"damage":0,"enemies":"Small Slimes","floor":3,"turns":3},{"damage":41,"enemies":"Lagavulin","floor":12,"turns":7},{"damage":4,"enemies":"Looter","floor":13,"turns":3},{"damage":0,"enemies":"2 Fungi Beasts","floor":14,"turns":2},{"damage":28,"enemies":"The Guardian","floor":16,"turns":7},{"damage":0,"enemies":"Chosen","floor":18,"turns":3},{"damage":0,"enemies":"3 Byrds","floor":20,"turns":2},{"damage":28,"enemies":"Shelled Parasite and Fungi","floor":21,"turns":5},{"damage":54,"enemies":"Gremlin Leader","floor":24,"turns":6},{"damage":38,"enemies":"Chosen and Byrds","floor":27,"turns":4}],"seed_played":"-5654954618307776807","potions_obtained":[{"floor":1,"key":"Explosive Potion"},{"floor":2,"key":"EssenceOfSteel"},{"floor":14,"key":"EntropicBrew"},{"floor":16,"key":"PowerPotion"},{"floor":20,"key":"Energy Potion"},{"floor":21,"key":"Block Potion"}],"is_trial":false,"path_per_floor":["M","M","M","?","?","R","?","?","T","R","$","E","M","M","R","B",null,"M","?","M","M","?","R","E","$","T","M"],"character_chosen":"DEFECT","items_purchased":["Anchor","Coolheaded","Sweeping Beam","Self Repair","Panache"],"campfire_rested":2,"item_purchase_floors":[11,11,11,25,25],"current_hp_per_floor":[59,59,59,52,41,41,41,59,59,59,59,18,14,14,36,8,75,75,61,61,33,33,49,13,13,13,0,0],"gold":4,"neow_bonus":"RANDOM_COLORLESS_2","is_daily":false,"chose_seed":false,"campfire_upgraded":1,"win_rate":0.0,"timestamp":1609893853,"path_taken":["M","M","?","?","?","R","?","?","T","R","?","E","M","M","R","BOSS","M","?","M","M","?","R","E","$","T","M"],"items_purchased_type":["Relic","Card","Card","Card","Card"],"build_version":"2020-12-22","purchased_purges":0,"victory":false,"max_hp_per_floor":[75,75,75,75,75,75,75,75,75,75,75,75,75,75,75,75,75,75,80,80,80,56,56,56,56,56,56,56],"card_choices":[{"not_picked":["Secret Technique","Thinking Ahead"],"picked":"Transmutation","floor":0},{"not_picked":["Conserve Battery","Undo"],"picked":"Darkness","floor":1},{"not_picked":["Defragment","Barrage"],"picked":"Tempest","floor":2},{"not_picked":["Barrage","Scrape"],"picked":"Conserve Battery","floor":3},{"not_picked":["Coolheaded","Hello World"],"picked":"Ball Lightning","floor":12},{"not_picked":["Coolheaded","Stack"],"picked":"Hyperbeam","floor":13},{"not_picked":["Redo","Heatsinks"],"picked":"Gash","floor":14},{"not_picked":["Fission","Hyperbeam"],"picked":"All For One","floor":16},{"not_picked":["Coolheaded","Barrage"],"picked":"Compile Driver+1","floor":18},{"not_picked":["Coolheaded","Conserve Battery"],"picked":"Loop+1","floor":20},{"not_picked":["Steam","White Noise"],"picked":"Turbo+1","floor":21},{"not_picked":["Genetic Algorithm+1","Coolheaded"],"picked":"Reinforced Body","floor":24}],"player_experience":602286,"relics_obtained":[{"floor":12,"key":"Bottled Lightning"},{"floor":24,"key":"CaptainsWheel"},{"floor":26,"key":"Bottled Flame"}],"event_choices":[{"cards_removed":["Decay"],"damage_healed":0,"gold_gain":0,"player_choice":"Card Removal","damage_taken":7,"max_hp_gain":0,"max_hp_loss":0,"event_name":"Golden Wing","floor":4,"gold_loss":0},{"damage_healed":0,"gold_gain":75,"player_choice":"Gather Gold","damage_taken":11,"max_hp_gain":0,"max_hp_loss":0,"event_name":"World of Goop","floor":5,"gold_loss":0},{"damage_healed":0,"gold_gain":0,"player_choice":"Grow","damage_taken":0,"max_hp_gain":0,"max_hp_loss":0,"event_name":"Living Wall","floor":7,"gold_loss":0,"cards_upgraded":["Transmutation"]},{"damage_healed":18,"gold_gain":0,"player_choice":"Healed","damage_taken":0,"max_hp_gain":0,"max_hp_loss":0,"event_name":"The Cleric","floor":8,"gold_loss":35},{"damage_healed":0,"gold_gain":0,"player_choice":"Shed Blood","damage_taken":19,"max_hp_gain":5,"max_hp_loss":0,"event_name":"Forgotten Altar","floor":19,"gold_loss":0},{"damage_healed":0,"gold_gain":0,"player_choice":"Became a vampire","damage_taken":0,"max_hp_gain":0,"max_hp_loss":24,"event_name":"Vampires","floor":22,"gold_loss":0,"cards_obtained":["Bite","Bite","Bite","Bite","Bite"]}],"is_beta":false,"boss_relics":[{"not_picked":["Cursed Key","Tiny House"],"picked":"Astrolabe"}],"items_purged_floors":[],"is_endless":false,"potions_floor_spawned":[1,2,14,16,20,21],"killed_by":"Chosen and Byrds","ascension_level":4}}