{"host":"x1qj4d8ympd5jdqh","time":1609913206,"event":{"mods":["AchievementEnabler","AlwaysNeverKeys","BaseMod","Colored Map","Custom Start","DeckTracker","Highlight Path","Minty Spire (QoL Compilation)","StSLib","SuperFastMode"],"gold_per_floor":[119,132,132,132,147,147,179,179,202,220,50,69,69,84,84,162,162,181,81,96,123,123,123,140,140,140],"floor_reached":25,"playtime":591,"items_purged":["Strike_P","Strike_P"],"score":506,"play_id":"3e7869b6-9f12-40c6-845d-5e31a65a711f","local_time":"20210106150646","is_ascension_mode":true,"campfire_choices":[{"data":"Eruption","floor":6,"key":"SMITH"},{"floor":8,"key":"REST"},{"floor":13,"key":"REST"},{"data":"Tantrum","floor":15,"key":"SMITH"},{"data":"Ragnarok","floor":23,"key":"SMITH"}],"circlet_count":0,"master_deck":["AscendersBane","Strike_P","Defend_P","Defend_P","Defend_P","Eruption+1","Vigilance","InnerPeace","Omniscience","FearNoEvil","EmptyFist","EmptyMind","MentalFortress","Tantrum+1","Ragnarok+1","Indignation"],"relics":["PureWater","Potion Belt","Omamori","SacredBark","Red Mask"],"acts_visited":["Exordium","TheCity"],"potions_floor_usage":[7,12,16,20,21],"damage_taken":[{"damage":0,"enemies":"2 Louse","floor":1,"turns":2},{"damage":12,"enemies":"Small Slimes","floor":2,"turns":3},{"damage":11,"enemies":"Cultist","floor":5,"turns":4},{"damage":16,"enemies":"Gremlin Nob","floor":7,"turns":3},{"damage":9,"enemies":"Exordium Wildlife","floor":10,"turns":3},{"damage":5,"enemies":"Gremlin Gang","floor":12,"turns":3},{"damage":12,"enemies":"Lots of Slimes","floor":14,"turns":4},{"damage":0,"enemies":"Slime Boss","floor":16,"turns":5},{"damage":11,"enemies":"Spheric Guardian","floor":18,"turns":3},{"damage":0,"enemies":"Chosen","floor":20,"turns":2},{"damage":11,"enemies":"Masked Bandits","floor":21,"turns":3},{"damage":13,"enemies":"Snecko","floor":24,"turns":3},{"damage":4,"enemies":"Gremlin Leader","floor":25,"turns":4}],"seed_played":"-7837468560963697242","potions_obtained":[{"floor":1,"key":"Energy Potion"},{"floor":2,"key":"Fire Potion"},{"floor":10,"key":"Fire Potion"},{"floor":18,"key":"Explosive Potion"}],"is_trial":false,"path_per_floor":["M","M","?","?","M","R","E","R","T","M","$","M","R","M","R","B",null,"M","$","M","?","$","R","M","E"],"character_chosen":"WATCHER","items_purchased":["MentalFortress","Strength Potion"],"campfire_rested":2,"item_purchase_floors":[11,11],"current_hp_per_floor":[61,49,49,49,38,38,22,42,42,33,33,28,48,36,36,36,60,49,49,49,38,38,38,25,21,21],"gold":140,"neow_bonus":"REMOVE_CARD","is_daily":false,"chose_seed":false,"campfire_upgraded":3,"win_rate":0.0,"timestamp":1609913206,"path_taken":["M","M","?","?","M","R","E","R","T","M","$","M","R","M","R","BOSS","M","?","M","?","?","R","M","E"],"items_purchased_type":["Card","Potion"],"build_version":"2020-12-22","purchased_purges":2,"victory":false,"max_hp_per_floor":[68,68,68,68,68,68,68,68,68,68,68,68,68,68,68,68,68,68,68,68,68,68,68,68,68,68],"card_choices":[{"not_picked":["Weave","SashWhip","Prostrate"],"picked":"SKIP","floor":1},{"not_picked":["Consecrate","FlyingSleeves"],"picked":"InnerPeace","floor":2},{"not_picked":["ThirdEye","Consecrate"],"picked":"FearNoEvil","floor":5},{"not_picked":["Evaluate","SpiritShield"],"picked":"EmptyFist","floor":7},{"not_picked":["Prostrate","Crescendo"],"picked":"EmptyMind","floor":10},{"not_picked":["PathToVictory","Prostrate"],"picked":"Tantrum","floor":12},{"not_picked":["EmptyBody","Protect","Evaluate"],"picked":"SKIP","floor":14},{"not_picked":["Omniscience","Alpha"],"picked":"Ragnarok","floor":16},{"not_picked":["FollowUp","EmptyBody","ReachHeaven"],"picked":"SKIP","floor":18},{"not_picked":["SashWhip","FlyingSleeves+1","BowlingBash"],"picked":"SKIP","floor":20},{"not_picked":["FlurryOfBlows","LikeWater"],"picked":"Indignation","floor":21},{"not_picked":["ThirdEye","Pray","CrushJoints"],"picked":"SKIP","floor":24}],"player_experience":1320158,"relics_obtained":[{"floor":7,"key":"Potion Belt"},{"floor":9,"key":"Omamori"},{"floor":21,"key":"Red Mask"}],"event_choices":[{"damage_healed":0,"gold_gain":0,"player_choice":"Ignored","damage_taken":0,"max_hp_gain":0,"max_hp_loss":0,"event_name":"Liars Game","floor":3,"gold_loss":0},{"damage_healed":0,"gold_gain":0,"cards_transformed":["Strike_P"],"player_choice":"Transformed","damage_taken":0,"max_hp_gain":0,"max_hp_loss":0,"event_name":"Transmorgrifier","floor":4,"gold_loss":0,"cards_obtained":["Omniscience"]},{"damage_healed":0,"gold_gain":0,"player_choice":"Fought Bandits","damage_taken":0,"max_hp_gain":0,"max_hp_loss":0,"event_name":"Masked Bandits","floor":21,"gold_loss":0}],"is_beta":false,"boss_relics":[{"not_picked":["Black Star","Cursed Key"],"picked":"SacredBark"}],"items_purged_floors":[11,19],"is_endless":false,"potions_floor_spawned":[1,2,10,18],"killed_by":"Gremlin Leader","ascension_level":20}}