{"host":"qrt7o4dq2qslzw13","time":1609963943,"event":{"mods":["AchievementEnabler","BaseMod","Colored Map","Colored Powertips","Minty Spire (QoL Compilation)","Quick Restart","StSLib","SuperFastMode"],"gold_per_floor":[119,70,86,161,336,336,366,379,379,395,413,430,449,459,459,560,560,572,572,110,123,134,162,176,188,240,240,270,280,379,379,379,475,475,490,508,319,329,29,29,29,29],"floor_reached":41,"playtime":1112,"items_purged":["Strike_R"],"score":464,"play_id":"aef8ea99-31a1-4ae8-838e-88edb67ba170","local_time":"20210106151223","is_ascension_mode":false,"campfire_choices":[{"data":"Demon Form","floor":6.0,"key":"SMITH"},{"floor":15.0,"key":"REST"},{"floor":27.0,"key":"REST"},{"floor":32.0,"key":"REST"},{"floor":40,"key":"REST"}],"circlet_count":0,"master_deck":["Bash","Demon Form+1","Warcry","Twin Strike","Offering","Rage","Shrug It Off","Fiend Fire","Iron Wave","Anger","Hemokinesis","Immolate","Hemokinesis+1","Trip","Shockwave+1","Cleave","Inflame","Armaments+1","Shrug It Off+1","Decay","Limit Break+1","Inflame","Headbutt","Impervious+1","Fiend Fire","Rage+1","Fiend Fire","Offering+1","Feed","Shrug It Off+1","Dropkick+1","Thinking Ahead+1","Warcry+1","Impervious+1","Swift Strike","Spot Weakness+1","Thunderclap"],"relics":["Burning Blood","StrikeDummy","Empty Cage","Bronze Scales","Bag of Marbles","Toxic Egg 2","Vajra","Boot","Pandora\u0027s Box"],"acts_visited":["Exordium","TheCity","TheBeyond"],"potions_floor_usage":[36,38],"damage_taken":[{"damage":10.0,"enemies":"Cultist","floor":1.0,"turns":4.0},{"damage":6.0,"enemies":"Jaw Worm","floor":3.0,"turns":3.0},{"damage":43.0,"enemies":"3 Sentries","floor":7.0,"turns":9.0},{"damage":2.0,"enemies":"2 Louse","floor":8.0,"turns":2.0},{"damage":9.0,"enemies":"Blue Slaver","floor":10.0,"turns":3.0},{"damage":1.0,"enemies":"Looter","floor":11.0,"turns":3.0},{"damage":12.0,"enemies":"2 Fungi Beasts","floor":12.0,"turns":3.0},{"damage":11.0,"enemies":"Exordium Wildlife","floor":13.0,"turns":4.0},{"damage":0.0,"enemies":"Large Slime","floor":14.0,"turns":4.0},{"damage":18.0,"enemies":"The Guardian","floor":16.0,"turns":6.0},{"damage":16.0,"enemies":"Shell Parasite","floor":18.0,"turns":3.0},{"damage":10.0,"enemies":"3 Byrds","floor":21.0,"turns":2.0},{"damage":26.0,"enemies":"Snecko","floor":22.0,"turns":4.0},{"damage":27.0,"enemies":"Book of Stabbing","floor":23.0,"turns":5.0},{"damage":7.0,"enemies":"Snake Plant","floor":24.0,"turns":3.0},{"damage":9.0,"enemies":"Cultist and Chosen","floor":25.0,"turns":3.0},{"damage":15.0,"enemies":"Gremlin Leader","floor":28.0,"turns":7.0},{"damage":4.0,"enemies":"Snecko","floor":29.0,"turns":2.0},{"damage":46.0,"enemies":"Champ","floor":33.0,"turns":7.0},{"damage":14.0,"enemies":"3 Shapes","floor":35.0,"turns":2.0},{"damage":25,"enemies":"3 Darklings","floor":36,"turns":4},{"damage":37,"enemies":"Maw","floor":38,"turns":4},{"damage":50,"enemies":"Reptomancer","floor":41,"turns":4}],"seed_played":"-8445480113094961764","potions_obtained":[{"floor":10.0,"key":"ColorlessPotion"},{"floor":12.0,"key":"FearPotion"},{"floor":13.0,"key":"Block Potion"},{"floor":14.0,"key":"PowerPotion"},{"floor":16.0,"key":"PowerPotion"},{"floor":21.0,"key":"Strength Potion"},{"floor":24.0,"key":"BlessingOfTheForge"},{"floor":33.0,"key":"Weak Potion"}],"is_trial":false,"path_per_floor":["M","$","M","?","?","R","E","M","T","M","M","M","M","M","R","B",null,"M","?","$","M","M","E","M","M","T","R","E","M","?","?","R","B",null,"M","M","$","M","$","R","E"],"character_chosen":"IRONCLAD","items_purchased":["Twin Strike","Trip","Bronze Scales","Bag of Marbles","Thinking Ahead+1","Impervious+1","Swift Strike","Spot Weakness+1","Thunderclap"],"campfire_rested":4,"item_purchase_floors":[2,20,20,20,37,39,39,39,39],"current_hp_per_floor":[76,76,76,65,65,65,28,32,32,29,34,28,23,29,53,41,80,70,70,70,66,46,25,24,21,21,45,36,38,38,38,62,22,80,72,53,53,22,22,46,0,0],"gold":29,"neow_bonus":"THREE_RARE_CARDS","is_daily":false,"chose_seed":false,"campfire_upgraded":1,"win_rate":0.0,"timestamp":1609963943,"path_taken":["M","$","M","?","?","R","E","M","T","M","M","M","M","M","R","BOSS","M","?","$","M","M","E","M","M","T","R","E","M","?","?","R","BOSS","M","M","$","M","$","R","E"],"items_purchased_type":["Card","Card","Relic","Relic","Card","Card","Card","Card","Card"],"build_version":"2020-12-22","purchased_purges":1,"victory":false,"max_hp_per_floor":[80,80,80,80,80,80,80,80,80,80,80,80,80,80,80,80,80,80,80,80,80,80,80,80,80,80,80,80,80,80,80,80,80,80,80,80,80,80,80,80,80,80],"card_choices":[{"not_picked":["Barricade","Immolate"],"picked":"Demon Form","floor":0.0},{"not_picked":["Perfected Strike","Sword Boomerang"],"picked":"Warcry","floor":1.0},{"not_picked":["Dropkick","Intimidate","Burning Pact"],"picked":"SKIP","floor":3.0},{"not_picked":["Entrench","Pommel Strike"],"picked":"Offering","floor":7.0},{"not_picked":["Clash","Havoc"],"picked":"Rage","floor":8.0},{"not_picked":["Wild Strike","Flex"],"picked":"Shrug It Off","floor":10.0},{"not_picked":["Headbutt","Warcry"],"picked":"Fiend Fire","floor":11.0},{"not_picked":["Blood for Blood","Pommel Strike"],"picked":"Iron Wave","floor":12.0},{"not_picked":["Combust","Searing Blow"],"picked":"Anger","floor":13.0},{"not_picked":["Armaments","Pummel"],"picked":"Hemokinesis","floor":14.0},{"not_picked":["Juggernaut","Double Tap"],"picked":"Immolate","floor":16.0},{"not_picked":["Warcry+1","Sword Boomerang"],"picked":"Hemokinesis+1","floor":18.0},{"not_picked":["Wild Strike","Sword Boomerang"],"picked":"Shockwave+1","floor":21.0},{"not_picked":["Sword Boomerang+1","Wild Strike"],"picked":"Cleave","floor":22.0},{"not_picked":["Clash","Body Slam+1","Sever Soul+1"],"picked":"SKIP","floor":23.0},{"not_picked":["Heavy Blade","Perfected Strike","Iron Wave"],"picked":"SKIP","floor":24.0},{"not_picked":["Anger","Thunderclap+1"],"picked":"Inflame","floor":25.0},{"not_picked":["Juggernaut","Warcry+1"],"picked":"Armaments+1","floor":28.0},{"not_picked":["Whirlwind","Havoc+1"],"picked":"Shrug It Off+1","floor":29.0},{"not_picked":["Berserk","Exhume+1"],"picked":"Limit Break+1","floor":33.0},{"not_picked":["Clothesline+1","Evolve"],"picked":"Shrug It Off+1","floor":35.0},{"not_picked":["Armaments+1","Dark Embrace+1"],"picked":"Dropkick+1","floor":36},{"not_picked":["Thunderclap+1","True Grit+1"],"picked":"Warcry+1","floor":38}],"player_experience":515937,"relics_obtained":[{"floor":7.0,"key":"StrikeDummy"},{"floor":23.0,"key":"Toxic Egg 2"},{"floor":26.0,"key":"Vajra"},{"floor":28.0,"key":"Boot"}],"event_choices":[{"damage_healed":0.0,"max_hp_gain":0.0,"max_hp_loss":0.0,"gold_gain":75.0,"event_name":"World of Goop","player_choice":"Gather Gold","floor":4.0,"gold_loss":0.0,"damage_taken":11.0},{"damage_healed":0.0,"max_hp_gain":0.0,"max_hp_loss":0.0,"gold_gain":175.0,"event_name":"Liars Game","player_choice":"AGREE","floor":5.0,"gold_loss":0.0,"damage_taken":0.0,"cards_obtained":["Doubt"]},{"damage_healed":0.0,"max_hp_gain":0.0,"max_hp_loss":0.0,"gold_gain":0.0,"event_name":"Vampires","player_choice":"Ignored","floor":19.0,"gold_loss":0.0,"damage_taken":0.0},{"damage_healed":0.0,"max_hp_gain":0.0,"max_hp_loss":0.0,"gold_gain":99.0,"event_name":"Nest","player_choice":"Stole From Cult","floor":30.0,"gold_loss":0.0,"damage_taken":0.0},{"damage_healed":0.0,"max_hp_gain":0.0,"max_hp_loss":0.0,"gold_gain":0.0,"event_name":"Forgotten Altar","player_choice":"Smashed Altar","floor":31.0,"gold_loss":0.0,"damage_taken":0.0,"cards_obtained":["Decay"]}],"is_beta":false,"boss_relics":[{"not_picked":["Snecko Eye","SlaversCollar"],"picked":"Empty Cage"},{"not_picked":["Runic Dome","Runic Pyramid"],"picked":"Pandora\u0027s Box"}],"items_purged_floors":[20],"is_endless":false,"potions_floor_spawned":[10,12,13,14,16,21,24,25,33],"killed_by":"Reptomancer","ascension_level":0}}