{"host":"6q94iy5iz6612v89","time":1609944478,"event":{"mods":["AchievementEnabler","BaseMod","Colored Map","DeckTracker","Keyboard Shortcuts","Minty Spire (QoL Compilation)","Permanent Neow","StSLib","SuperFastMode"],"gold_per_floor":[114,124,124,135,60,60,76,76,76,76,88,100,111,111,111],"floor_reached":14,"playtime":209,"items_purged":["Strike_B"],"score":168,"play_id":"682850da-425e-43df-9dd3-aa1a06cc36a1","local_time":"20210106234758","is_ascension_mode":true,"campfire_choices":[{"data":"Zap","floor":6,"key":"SMITH"},{"data":"Barrage","floor":10,"key":"SMITH"}],"circlet_count":0,"master_deck":["AscendersBane","Strike_B","Strike_B","Strike_B","Defend_B","Defend_B","Defend_B","Defend_B","Zap+1","Dualcast","Ball Lightning","Barrage+1","Undo","Chill"],"relics":["Cracked Core","HornCleat","The Courier"],"acts_visited":["Exordium"],"potions_floor_usage":[7],"damage_taken":[{"damage":0,"enemies":"Cultist","floor":1,"turns":4},{"damage":0,"enemies":"2 Louse","floor":2,"turns":2},{"damage":7,"enemies":"Jaw Worm","floor":4,"turns":3},{"damage":8,"enemies":"Large Slime","floor":7,"turns":3},{"damage":6,"enemies":"3 Louse","floor":11,"turns":2},{"damage":4,"enemies":"Red Slaver","floor":12,"turns":3},{"damage":15,"enemies":"Exordium Wildlife","floor":13,"turns":3},{"damage":35,"enemies":"Gremlin Nob","floor":14,"turns":3}],"seed_played":"3978195929418460776","potions_obtained":[{"floor":1,"key":"Explosive Potion"},{"floor":12,"key":"Ancient Potion"}],"is_trial":false,"path_per_floor":["M","M","?","M","$","R","M","$","T","R","M","M","M","E"],"character_chosen":"DEFECT","items_purchased":[],"campfire_rested":0,"item_purchase_floors":[],"current_hp_per_floor":[71,71,71,64,64,64,56,56,56,56,50,46,31,0,0],"gold":111,"neow_bonus":"TEN_PERCENT_HP_BONUS","is_daily":false,"chose_seed":false,"campfire_upgraded":2,"win_rate":0.0,"timestamp":1609944478,"path_taken":["M","M","?","M","$","R","M","?","T","R","M","M","?","E"],"items_purchased_type":[],"build_version":"2020-12-22","purchased_purges":1,"victory":false,"max_hp_per_floor":[78,78,78,78,78,78,78,78,78,78,78,78,78,78,78],"card_choices":[{"not_picked":["Steam Power","Turbo"],"picked":"Conserve Battery","floor":1},{"not_picked":["Conserve Battery","Undo"],"picked":"Ball Lightning","floor":2},{"not_picked":["Redo","Gash"],"picked":"Barrage","floor":4},{"not_picked":["Coolheaded","Machine Learning"],"picked":"Undo","floor":7},{"not_picked":["Redo","Darkness","Rebound"],"picked":"SKIP","floor":11},{"not_picked":["Blizzard","Stack","Ball Lightning"],"picked":"SKIP","floor":12},{"not_picked":["Doom and Gloom","Blizzard"],"picked":"Chill","floor":13}],"player_experience":1433961,"relics_obtained":[{"floor":9,"key":"The Courier"}],"event_choices":[{"cards_removed":["Conserve Battery"],"damage_healed":0,"gold_gain":0,"player_choice":"Gave Card","damage_taken":0,"relics_obtained":["HornCleat"],"max_hp_gain":0,"max_hp_loss":0,"event_name":"WeMeetAgain","floor":3,"gold_loss":0}],"is_beta":false,"boss_relics":[],"items_purged_floors":[5],"is_endless":false,"potions_floor_spawned":[1,12],"killed_by":"Gremlin Nob","ascension_level":20}}