{"host":"nozk9xg7ssf2drdi","time":1609908942,"event":{"mods":["BaseMod","Colored Map","Minty Spire (QoL Compilation)","Relic Stats","Slay the Relics Exporter","StSLib","everything is the same but u backflip on backflip"],"gold_per_floor":[119,131,79,94,104,104,134,148,173,202,202,2,36,47,47,121,121,135,60,60,80,80,80,80,105,105,105,30,30,60,60,60,132,132,149,149,160,3,278,278,278,278,278,13,30,44,77,77,77,77,77,77,77,24,58,58,58],"floor_reached":56,"playtime":10624,"items_purged":["Strike_B"],"score":2058,"play_id":"e434b57f-4ad7-4b7c-a734-ec589664a5b7","local_time":"20210105225542","is_ascension_mode":true,"campfire_choices":[{"data":"Streamline","floor":6,"key":"SMITH"},{"data":"Beam Cell","floor":11,"key":"SMITH"},{"data":"Defragment","floor":15,"key":"SMITH"},{"floor":23,"key":"REST"},{"floor":27,"key":"REST"},{"data":"J.A.X.","floor":32,"key":"SMITH"},{"floor":40,"key":"DIG"},{"floor":42,"key":"DIG"},{"floor":49,"key":"RECALL"},{"floor":53,"key":"DIG"}],"circlet_count":0,"master_deck":["AscendersBane","Strike_B","Defend_B","Defend_B","Defend_B","Defend_B","Zap","Dualcast","Barrage","Streamline+1","BootSequence","Auto Shields","Defragment+1","Beam Cell+1","All For One","Static Discharge","FTL","Turbo","Fission+1","Go for the Eyes","Hologram","Go for the Eyes","Glacier","Recycle+1","J.A.X.+1","Thunder Strike","Metamorphosis","Discovery","Purity","Regret","Biased Cognition","Dark Shackles","BootSequence","Conserve Battery+1"],"relics":["Cracked Core","Dead Branch","Nunchaku","Juzu Bracelet","Toy Ornithopter","Medical Kit","Regal Pillow","SlaversCollar","Pen Nib","Shovel","Boot","Runic Pyramid","Happy Flower","Unceasing Top","Omamori","Potion Belt","Ginger","Gremlin Horn","Ice Cream"],"acts_visited":["Exordium","TheCity","TheBeyond","TheEnding"],"potions_floor_usage":[7,13,14,16,21,25,35,46,50,51,55],"damage_taken":[{"damage":0,"enemies":"Small Slimes","floor":1,"turns":3},{"damage":1,"enemies":"Cultist","floor":2,"turns":3},{"damage":4,"enemies":"2 Louse","floor":4,"turns":3},{"damage":3,"enemies":"Blue Slaver","floor":5,"turns":4},{"damage":17,"enemies":"3 Sentries","floor":7,"turns":9},{"damage":1,"enemies":"Looter","floor":8,"turns":2},{"damage":14,"enemies":"Lagavulin","floor":10,"turns":7},{"damage":25,"enemies":"3 Sentries","floor":13,"turns":8},{"damage":6,"enemies":"Lots of Slimes","floor":14,"turns":5},{"damage":0,"enemies":"Slime Boss","floor":16,"turns":5},{"damage":22,"enemies":"Spheric Guardian","floor":18,"turns":5},{"damage":14,"enemies":"3 Byrds","floor":21,"turns":5},{"damage":20,"enemies":"Gremlin Leader","floor":25,"turns":5},{"damage":4,"enemies":"Book of Stabbing","floor":30,"turns":5},{"damage":18,"enemies":"Champ","floor":33,"turns":6},{"damage":3,"enemies":"Orb Walker","floor":35,"turns":2},{"damage":14,"enemies":"3 Shapes","floor":37,"turns":9},{"damage":0,"enemies":"3 Darklings","floor":45,"turns":5},{"damage":15,"enemies":"Spire Growth","floor":46,"turns":3},{"damage":8,"enemies":"Giant Head","floor":47,"turns":5},{"damage":9,"enemies":"Awakened One","floor":50,"turns":5},{"damage":20,"enemies":"Donu and Deca","floor":51,"turns":9},{"damage":36,"enemies":"Shield and Spear","floor":55,"turns":6},{"damage":31,"enemies":"The Heart","floor":56,"turns":3}],"seed_played":"8951151123664223672","potions_obtained":[{"floor":4,"key":"LiquidMemories"},{"floor":5,"key":"Fire Potion"},{"floor":10,"key":"Fruit Juice"},{"floor":13,"key":"BlessingOfTheForge"},{"floor":14,"key":"Weak Potion"},{"floor":18,"key":"PowerPotion"},{"floor":21,"key":"Energy Potion"},{"floor":30,"key":"PowerPotion"},{"floor":33,"key":"SteroidPotion"},{"floor":37,"key":"ColorlessPotion"},{"floor":46,"key":"SkillPotion"}],"is_trial":false,"path_per_floor":["M","M","?","M","M","R","E","M","T","E","R","$","E","M","R","B",null,"M","?","?","M","?","R","?","E","T","R","$","?","E","?","R","B",null,"M","?","M","$","?","R","?","R","T","$","M","M","E","?","R","B","B",null,"R","$","E","B"],"character_chosen":"DEFECT","items_purchased":["Static Discharge","Medical Kit","Happy Flower","Dark Shackles","Potion Belt","BlessingOfTheForge"],"campfire_rested":2,"item_purchase_floors":[12,12,38,44,44,54],"current_hp_per_floor":[64,63,63,59,56,56,39,38,38,24,24,24,9,8,8,13,55,33,33,33,24,5,42,42,27,27,64,64,64,60,60,60,42,66,68,58,44,44,44,44,44,44,44,44,44,34,26,26,26,22,7,57,57,57,26,0,0],"gold":58,"neow_bonus":"ONE_RARE_RELIC","is_daily":false,"chose_seed":false,"campfire_upgraded":4,"win_rate":0.0,"timestamp":1609908942,"path_taken":["M","M","?","M","M","R","E","M","T","E","R","$","E","M","R","BOSS","M","?","?","M","?","R","?","E","T","R","$","?","E","?","R","BOSS","M","?","M","$","?","R","?","R","T","?","M","M","E","?","R","BOSS","BOSS","R","$","E","BOSS"],"items_purchased_type":["Card","Relic","Relic","Card","Relic","Potion"],"build_version":"2020-12-22","purchased_purges":1,"victory":false,"max_hp_per_floor":[64,64,64,64,64,64,64,64,64,64,64,64,69,69,69,69,69,69,69,69,69,74,74,74,74,74,74,74,74,74,74,74,74,74,74,74,74,74,74,74,74,74,74,74,74,74,74,74,74,74,74,74,74,74,74,74,74],"relic_stats":{"Regal Pillow":30,"Happy Flower":[12],"Gremlin Horn":[1,1],"counters":[24,122],"Dead Branch":[203],"Pen Nib":[18],"Juzu Bracelet":3,"Ginger":[2],"Medical Kit":[28],"Boot":[62],"Nunchaku":[26],"Shovel":3,"obtain_stats":[{"Potion Belt":44,"Ice Cream":55,"Regal Pillow":13,"Happy Flower":38,"Gremlin Horn":53,"Dead Branch":0,"Pen Nib":25,"Juzu Bracelet":9,"Omamori":42,"Ginger":47,"Medical Kit":12,"Boot":30,"SlaversCollar":17,"Nunchaku":7,"Shovel":26,"Cracked Core":0,"Toy Ornithopter":10,"Unceasing Top":40,"Runic Pyramid":34},{"Potion Belt":17,"Ice Cream":23,"Regal Pillow":8,"Happy Flower":17,"Gremlin Horn":22,"Dead Branch":0,"Pen Nib":13,"Juzu Bracelet":6,"Omamori":17,"Ginger":20,"Medical Kit":7,"Boot":14,"SlaversCollar":10,"Nunchaku":5,"Shovel":13,"Cracked Core":0,"Toy Ornithopter":7,"Unceasing Top":17,"Runic Pyramid":15},{"Potion Belt":86,"Ice Cream":119,"Regal Pillow":39,"Happy Flower":86,"Gremlin Horn":113,"Dead Branch":0,"Pen Nib":64,"Juzu Bracelet":24,"Omamori":86,"Ginger":99,"Medical Kit":31,"Boot":69,"SlaversCollar":49,"Nunchaku":22,"Shovel":64,"Cracked Core":0,"Toy Ornithopter":31,"Unceasing Top":86,"Runic Pyramid":75}],"Toy Ornithopter":50,"Unceasing Top":[38]},"card_choices":[{"not_picked":["Compile Driver","Steam Power"],"picked":"Barrage","floor":1},{"not_picked":["Force Field","Loop"],"picked":"Streamline","floor":2},{"not_picked":["Barrage","Lockon"],"picked":"BootSequence","floor":4},{"not_picked":["Reprogram","Stack"],"picked":"Auto Shields","floor":5},{"not_picked":["Thunder Strike","Tempest"],"picked":"Defragment","floor":7},{"not_picked":["Sweeping Beam","Compile Driver"],"picked":"Beam Cell","floor":8},{"not_picked":["Multi-Cast","Fusion"],"picked":"All For One","floor":10},{"not_picked":["Ball Lightning","Amplify"],"picked":"FTL","floor":13},{"not_picked":["Streamline","Go for the Eyes"],"picked":"Turbo","floor":14},{"not_picked":["Thunder Strike","Creative AI"],"picked":"Fission","floor":16},{"not_picked":["Ball Lightning","Streamline"],"picked":"Go for the Eyes","floor":18},{"not_picked":["Sunder+1","Turbo"],"picked":"Hologram","floor":21},{"not_picked":["Self Repair","Blizzard"],"picked":"Glacier","floor":25},{"not_picked":["Gash","Coolheaded"],"picked":"Recycle","floor":30},{"not_picked":["Hyperbeam","Electrodynamics"],"picked":"Thunder Strike","floor":33},{"not_picked":["Barrage+1","Redo+1","Sweeping Beam"],"picked":"SKIP","floor":35},{"not_picked":["Panacea","Good Instincts"],"picked":"Metamorphosis","floor":36},{"not_picked":["Bandage Up","Dramatic Entrance"],"picked":"Discovery","floor":36},{"not_picked":["Impatience","Jack Of All Trades"],"picked":"Purity","floor":36},{"not_picked":["Lockon","Cold Snap+1","Barrage"],"picked":"SKIP","floor":37},{"not_picked":["Genetic Algorithm","Steam"],"picked":"BootSequence","floor":45},{"not_picked":["Rip and Tear","Sweeping Beam","White Noise"],"picked":"SKIP","floor":46},{"not_picked":["Redo","Gash","Sunder+1"],"picked":"SKIP","floor":47},{"not_picked":["Creative AI","Defragment"],"picked":"Conserve Battery+1","floor":55}],"player_experience":5962999,"relics_obtained":[{"floor":7,"key":"Nunchaku"},{"floor":9,"key":"Juzu Bracelet"},{"floor":10,"key":"Toy Ornithopter"},{"floor":13,"key":"Regal Pillow"},{"floor":25,"key":"Pen Nib"},{"floor":26,"key":"Shovel"},{"floor":30,"key":"Boot"},{"floor":40,"key":"Unceasing Top"},{"floor":42,"key":"Omamori"},{"floor":47,"key":"Ginger"},{"floor":53,"key":"Gremlin Horn"},{"floor":55,"key":"Ice Cream"}],"event_choices":[{"damage_healed":0,"gold_gain":0,"player_choice":"Left Gold","damage_taken":0,"max_hp_gain":0,"max_hp_loss":0,"event_name":"World of Goop","floor":3,"gold_loss":52},{"cards_removed":["Strike_B"],"damage_healed":0,"gold_gain":0,"player_choice":"Gave Gold","damage_taken":0,"max_hp_gain":0,"max_hp_loss":0,"event_name":"Beggar","floor":19,"gold_loss":75},{"damage_healed":0,"gold_gain":0,"player_choice":"Upgraded","damage_taken":0,"max_hp_gain":0,"max_hp_loss":0,"event_name":"Upgrade Shrine","floor":20,"gold_loss":0,"cards_upgraded":["Fission"]},{"damage_healed":0,"gold_gain":0,"player_choice":"Shed Blood","damage_taken":24,"max_hp_gain":5,"max_hp_loss":0,"event_name":"Forgotten Altar","floor":22,"gold_loss":0},{"damage_healed":0,"gold_gain":0,"cards_transformed":["Strike_B"],"player_choice":"Transformed","damage_taken":0,"max_hp_gain":0,"max_hp_loss":0,"event_name":"Transmorgrifier","floor":24,"gold_loss":0,"cards_obtained":["Go for the Eyes"]},{"damage_healed":0,"gold_gain":0,"player_choice":"Ignored","damage_taken":0,"max_hp_gain":0,"max_hp_loss":0,"event_name":"Ghosts","floor":29,"gold_loss":0},{"damage_healed":0,"gold_gain":0,"player_choice":"Obtain J.A.X.","damage_taken":0,"max_hp_gain":0,"max_hp_loss":0,"event_name":"Drug Dealer","floor":31,"gold_loss":0,"cards_obtained":["J.A.X."]},{"damage_healed":0,"gold_gain":0,"player_choice":"Memory 3","damage_taken":10,"max_hp_gain":0,"max_hp_loss":0,"event_name":"SensoryStone","floor":36,"gold_loss":0},{"damage_healed":0,"gold_gain":275,"player_choice":"Desecrate","damage_taken":0,"max_hp_gain":0,"max_hp_loss":0,"event_name":"Golden Shrine","floor":39,"gold_loss":0,"cards_obtained":["Regret"]},{"damage_healed":0,"gold_gain":0,"player_choice":"1 cards matched","damage_taken":0,"max_hp_gain":0,"max_hp_loss":0,"event_name":"Match and Keep!","floor":41,"gold_loss":0,"cards_obtained":["Biased Cognition"]},{"damage_healed":0,"gold_gain":0,"player_choice":"Upgraded","damage_taken":0,"max_hp_gain":0,"max_hp_loss":0,"event_name":"Upgrade Shrine","floor":48,"gold_loss":0,"cards_upgraded":["Recycle"]}],"is_beta":false,"boss_relics":[{"not_picked":["Tiny House","Philosopher\u0027s Stone"],"picked":"SlaversCollar"},{"not_picked":["FrozenCore","Snecko Eye"],"picked":"Runic Pyramid"}],"items_purged_floors":[28],"is_endless":false,"potions_floor_spawned":[4,5,10,13,14,18,21,30,33,37,46],"killed_by":"The Heart","ascension_level":20}}