{"host":"a0d98l75j0h1o085","time":1609927906,"event":{"mods":["AlwaysNeverKeys","BaseMod","Downfall","Highlight Path","Minty Spire (QoL Compilation)","StSLib"],"gold_per_floor":[111,61,31,45,59,59,92,92,92,424,424,3,3,3,3,107,107,126,126,146,163,88,88,101,77,123,23,40,73,73,98,98,202,202,214,265,265,265,283,283,283,311,384,401,4,4,4,22,22,22],"floor_reached":51,"playtime":5445,"items_purged":["Strike_G","Defend_G","Strike_G+1"],"score":1119,"play_id":"5765ad44-473a-414e-9e1f-db9c87cb5c4a","local_time":"20210106101146","is_ascension_mode":true,"campfire_choices":[{"floor":6.0,"key":"REST"},{"floor":8.0,"key":"REST"},{"floor":11.0,"key":"REST"},{"floor":15.0,"key":"REST"},{"floor":23.0,"key":"REST"},{"floor":32.0,"key":"REST"},{"floor":40.0,"key":"REST"},{"floor":47,"key":"REST"},{"floor":49,"key":"REST"}],"circlet_count":0,"master_deck":["AscendersBane","Defend_G+1","Defend_G+1","Defend_G+1","Survivor+1","Neutralize+1","Infinite Blades+1","Poisoned Stab+1","Backflip+1","Footwork+1","Catalyst+1","Sucker Punch+1","Poisoned Stab+1","Escape Plan+1","Accuracy+1","Cloak And Dagger+1","Blade Dance+1","Burst+1","Acrobatics+1","Cloak And Dagger+1","Infinite Blades","Blade Dance+1","Bouncing Flask+1"],"relics":["Fusion Hammer","Oddly Smooth Stone","Bottled Tornado","Old Coin","Toxic Egg 2","Ornamental Fan","Empty Cage","Bag of Marbles","Regal Pillow","Kunai","Matryoshka","WristBlade","TungstenRod","Mark of the Bloom","Vajra","Meat on the Bone","Question Card","Membership Card","HornCleat"],"acts_visited":["Exordium","TheCity","TheBeyond"],"potions_floor_usage":[50],"damage_taken":[{"damage":1.0,"enemies":"Small Slimes","floor":1.0,"turns":4.0},{"damage":0.0,"enemies":"Cultist","floor":4.0,"turns":4.0},{"damage":8.0,"enemies":"Jaw Worm","floor":5.0,"turns":4.0},{"damage":28.0,"enemies":"Gremlin Nob","floor":7.0,"turns":5.0},{"damage":16.0,"enemies":"3 Sentries","floor":10.0,"turns":7.0},{"damage":21.0,"enemies":"Hexaghost","floor":16.0,"turns":10.0},{"damage":2.0,"enemies":"Shell Parasite","floor":18.0,"turns":8.0},{"damage":0.0,"enemies":"2 Thieves","floor":19.0,"turns":1.0},{"damage":9.0,"enemies":"Snake Plant","floor":20.0,"turns":5.0},{"damage":11.0,"enemies":"3 Cultists","floor":21.0,"turns":5.0},{"damage":11.0,"enemies":"Cultist and Chosen","floor":24.0,"turns":8.0},{"damage":19.0,"enemies":"Snake Plant","floor":28.0,"turns":4.0},{"damage":16.0,"enemies":"Slavers","floor":29.0,"turns":6.0},{"damage":8.0,"enemies":"Book of Stabbing","floor":31.0,"turns":6.0},{"damage":2.0,"enemies":"Champ","floor":33.0,"turns":13.0},{"damage":0.0,"enemies":"Orb Walker","floor":35.0,"turns":3.0},{"damage":0.0,"enemies":"2 Orb Walkers","floor":36.0,"turns":3.0},{"damage":0.0,"enemies":"3 Darklings","floor":39.0,"turns":5.0},{"damage":0.0,"enemies":"Reptomancer","floor":42.0,"turns":6.0},{"damage":0.0,"enemies":"Spire Growth","floor":44.0,"turns":3.0},{"damage":0,"enemies":"Transient","floor":48,"turns":5},{"damage":46,"enemies":"Time Eater","floor":50,"turns":8}],"seed_played":"-3672789012125843698","potions_obtained":[{"floor":1.0,"key":"Energy Potion"},{"floor":3.0,"key":"Fruit Juice"},{"floor":3.0,"key":"SmokeBomb"},{"floor":4.0,"key":"DuplicationPotion"},{"floor":10.0,"key":"DistilledChaos"},{"floor":18.0,"key":"PowerPotion"},{"floor":24.0,"key":"DistilledChaos"},{"floor":31.0,"key":"sneckomod:MuddlingPotion"},{"floor":35.0,"key":"Block Potion"},{"floor":36.0,"key":"Guardian:BlockOnCardUsePotion"},{"floor":42.0,"key":"BlessingOfTheForge"},{"floor":48,"key":"Strength Potion"}],"is_trial":false,"path_per_floor":["M","?","?","M","M","R","E","R","T","E","R","$","?","T","R","B",null,"M","M","M","M","?","R","M","$","T","$","M","E","?","E","R","B",null,"M","?","?","?","M","R","?","E","T","M","$","?","R","M","R","B",null],"character_chosen":"THE_SILENT","items_purchased":["Toxic Egg 2","Footwork","Catalyst+1","Cloak And Dagger+1","Membership Card","Infinite Blades","Blade Dance+1","HornCleat"],"campfire_rested":9,"item_purchase_floors":[12,12,12,25,45,45,45,45],"current_hp_per_floor":[62,62,67,67,59,75,47,69,69,53,75,75,80,80,80,59,75,73,73,64,53,53,77,66,66,66,66,47,31,31,23,62,60,75,75,75,75,75,75,75,75,75,75,75,75,75,75,75,75,29],"gold":22,"neow_bonus":"BOSS_RELIC","is_daily":false,"chose_seed":false,"campfire_upgraded":0,"win_rate":0.0,"timestamp":1609927906,"path_taken":["M","?","?","?","M","R","E","R","T","E","R","$","?","?","R","BOSS","M","M","?","?","?","R","M","$","T","$","M","E","?","E","R","BOSS","M","?","?","?","?","R","?","E","T","M","$","?","R","M","R","BOSS"],"items_purchased_type":["Relic","Card","Card","Card","Relic","Card","Card","Relic"],"build_version":"2020-12-22","purchased_purges":3,"victory":true,"max_hp_per_floor":[70,70,75,75,75,75,75,75,75,75,75,75,80,80,80,80,80,80,80,80,80,80,80,80,80,80,80,80,80,80,80,80,80,80,80,80,80,80,80,80,76,76,76,76,76,86,86,86,86,86],"card_choices":[{"not_picked":["Slice","Blade Dance"],"picked":"Infinite Blades","floor":1.0},{"not_picked":["Dagger Throw","Dodge and Roll"],"picked":"Poisoned Stab","floor":4.0},{"not_picked":["Burst","Blade Dance"],"picked":"Backflip","floor":5.0},{"not_picked":["Flechettes","Flying Knee","Backflip"],"picked":"SKIP","floor":7.0},{"not_picked":["Deflect","Blur","Prepared"],"picked":"SKIP","floor":10.0},{"not_picked":["Glass Knife","Wraith Form v2"],"picked":"Unload","floor":16.0},{"not_picked":["Outmaneuver+1","Acrobatics+1"],"picked":"Sucker Punch+1","floor":18.0},{"not_picked":["Blur+1","Outmaneuver+1"],"picked":"Poisoned Stab","floor":20.0},{"not_picked":["Backstab","Quick Slash"],"picked":"Escape Plan+1","floor":21.0},{"not_picked":["Dagger Throw","Dagger Spray"],"picked":"Accuracy","floor":24.0},{"not_picked":["Bane","Crippling Poison+1"],"picked":"Blade Dance+1","floor":28.0},{"not_picked":["Setup+1","Calculated Gamble+1","Bane"],"picked":"SKIP","floor":29.0},{"not_picked":["Choke","Distraction+1","Deadly Poison+1"],"picked":"SKIP","floor":31.0},{"not_picked":["Die Die Die","Bullet Time+1"],"picked":"Burst+1","floor":33.0},{"not_picked":["Underhanded Strike+1","Deflect+1","Eviscerate"],"picked":"SKIP","floor":35.0},{"not_picked":["Setup+1","Underhanded Strike"],"picked":"Acrobatics+1","floor":39.0},{"not_picked":["Backstab+1","Dash"],"picked":"Cloak And Dagger+1","floor":42.0},{"not_picked":["Crippling Poison+1","Deflect+1","Dodge and Roll+1","All Out Attack"],"picked":"SKIP","floor":44.0},{"not_picked":["Setup+1","Doppelganger+1","Distraction+1"],"picked":"Bouncing Flask+1","floor":48}],"player_experience":862427,"relics_obtained":[{"floor":7.0,"key":"Oddly Smooth Stone"},{"floor":9.0,"key":"Bottled Tornado"},{"floor":10.0,"key":"Old Coin"},{"floor":14.0,"key":"Ornamental Fan"},{"floor":26.0,"key":"Bag of Marbles"},{"floor":29.0,"key":"Regal Pillow"},{"floor":31.0,"key":"Matryoshka"},{"floor":36.0,"key":"TungstenRod"},{"floor":42.0,"key":"Vajra"},{"floor":43.0,"key":"Meat on the Bone"},{"floor":43.0,"key":"Question Card"}],"event_choices":[{"cards_removed":["Defend_G"],"damage_healed":0.0,"max_hp_gain":0.0,"max_hp_loss":0.0,"gold_gain":0.0,"event_name":"The Cleric","player_choice":"Card Removal","floor":2.0,"gold_loss":50.0,"damage_taken":0.0},{"damage_healed":0.0,"max_hp_gain":0.0,"max_hp_loss":0.0,"gold_gain":0.0,"event_name":"The Woman in Blue","player_choice":"Bought 2 Potions","floor":3.0,"gold_loss":0.0,"damage_taken":0.0},{"damage_healed":0.0,"max_hp_gain":5.0,"max_hp_loss":0.0,"gold_gain":0.0,"event_name":"Big Fish","player_choice":"Donut","floor":13.0,"gold_loss":0.0,"damage_taken":0.0},{"cards_removed":["Strike_G"],"damage_healed":0.0,"max_hp_gain":0.0,"max_hp_loss":0.0,"gold_gain":0.0,"event_name":"Beggar","player_choice":"Gave Gold","floor":22.0,"gold_loss":75.0,"damage_taken":0.0},{"damage_healed":0.0,"max_hp_gain":0.0,"max_hp_loss":0.0,"gold_gain":0.0,"event_name":"WeMeetAgain","player_choice":"Gave Potion","floor":30.0,"gold_loss":0.0,"damage_taken":0.0,"relics_obtained":["Kunai"]},{"damage_healed":0.0,"max_hp_gain":0.0,"max_hp_loss":0.0,"gold_gain":0.0,"event_name":"Mysterious Sphere","player_choice":"Fight","floor":36.0,"gold_loss":0.0,"damage_taken":0.0},{"damage_healed":0.0,"max_hp_gain":0.0,"max_hp_loss":0.0,"gold_gain":0.0,"event_name":"Tomb of Lord Red Mask","player_choice":"Ignored","floor":37.0,"gold_loss":0.0,"damage_taken":0.0},{"damage_healed":0.0,"max_hp_gain":0.0,"max_hp_loss":0.0,"gold_gain":0.0,"event_name":"MindBloom","player_choice":"Upgrade","floor":38.0,"gold_loss":0.0,"damage_taken":0.0,"cards_upgraded":["Strike_G","Defend_G","Defend_G","Defend_G","Survivor","Neutralize","Infinite Blades","Poisoned Stab","Backflip","Footwork","Unload","Poisoned Stab","Accuracy"],"relics_obtained":["Mark of the Bloom"]},{"damage_healed":0.0,"max_hp_gain":0.0,"max_hp_loss":4.0,"gold_gain":0.0,"event_name":"Winding Halls","player_choice":"Max HP","floor":41.0,"gold_loss":0.0,"damage_taken":0.0},{"cards_removed":["Unload"],"damage_healed":1,"gold_gain":0,"player_choice":"Offered Rare","damage_taken":0,"max_hp_gain":10,"max_hp_loss":0,"event_name":"Bonfire Elementals","floor":46,"gold_loss":0}],"is_beta":false,"boss_relics":[{"not_picked":["Velvet Choker","Calling Bell"],"picked":"Empty Cage"},{"not_picked":["Busted Crown","Tiny House"],"picked":"WristBlade"}],"items_purged_floors":[12,27,45],"is_endless":false,"potions_floor_spawned":[1,4,10,18,19,24,31,35,36,42,48],"ascension_level":10}}