{"host":"jexbkylv34f8xu3o","time":1609976566,"event":{"mods":["AchievementEnabler","BaseMod","Colored Map","Colored Powertips","GifTheSpireLib","Highlight Path","Minty Spire (QoL Compilation)","Quick Restart","StSLib"],"gold_per_floor":[113,63,63,78,78,118,118,143,143,162,9,52,52,86,86,215,215,236,9,9,9,33,33,33],"floor_reached":23,"playtime":730,"items_purged":["Defend_R"],"score":348,"play_id":"cbdcdd7e-6bda-4849-a782-1ab1ea908a13","local_time":"20210106204246","is_ascension_mode":true,"campfire_choices":[{"data":"Searing Blow","floor":7,"key":"SMITH"},{"data":"Armaments","floor":15,"key":"SMITH"}],"circlet_count":0,"master_deck":["AscendersBane","Strike_R","Strike_R","Strike_R","Strike_R","Defend_R","Defend_R","Defend_R","Bash","Searing Blow+1","True Grit","True Grit","Armaments+1","Feed","Parasite","Offering","Fire Breathing","Pain"],"relics":["Burning Blood","NeowsBlessing","Mercury Hourglass","Golden Idol","Pantograph","Singing Bowl","Sling","Regal Pillow","Sundial","Busted Crown","Blood Vial","WarpedTongs"],"acts_visited":["Exordium","TheCity"],"potions_floor_usage":[14,16,16,23],"damage_taken":[{"damage":0,"enemies":"Small Slimes","floor":1,"turns":2},{"damage":0,"enemies":"Jaw Worm","floor":4,"turns":1},{"damage":0,"enemies":"3 Sentries","floor":6,"turns":1},{"damage":0,"enemies":"2 Louse","floor":8,"turns":2},{"damage":15,"enemies":"Looter","floor":10,"turns":4},{"damage":30,"enemies":"Gremlin Nob","floor":12,"turns":4},{"damage":20,"enemies":"Lagavulin","floor":14,"turns":3},{"damage":45,"enemies":"Slime Boss","floor":16,"turns":17},{"damage":16,"enemies":"3 Byrds","floor":18,"turns":7},{"damage":22,"enemies":"2 Thieves","floor":22,"turns":5},{"damage":61,"enemies":"Gremlin Leader","floor":23,"turns":6}],"seed_played":"-5147747573779381811","potions_obtained":[{"floor":1,"key":"DuplicationPotion"},{"floor":6,"key":"Dexterity Potion"},{"floor":14,"key":"SneckoOil"},{"floor":22,"key":"ColorlessPotion"}],"is_trial":false,"path_per_floor":["M","?","?","M","?","E","R","M","T","M","$","E","?","E","R","B",null,"M","$","?","$","M","E"],"character_chosen":"IRONCLAD","items_purchased":["Sling","Blood Vial"],"campfire_rested":0,"item_purchase_floors":[11,19],"current_hp_per_floor":[78,78,75,80,60,66,66,72,72,65,65,41,61,52,52,38,75,65,65,65,65,57,0,0],"gold":33,"neow_bonus":"THREE_ENEMY_KILL","is_daily":false,"chose_seed":false,"campfire_upgraded":2,"win_rate":0.0,"timestamp":1609976566,"path_taken":["M","?","?","?","?","E","R","M","T","M","$","E","?","E","R","BOSS","M","$","?","?","M","E"],"items_purchased_type":["Relic","Relic"],"build_version":"2020-12-22","purchased_purges":1,"victory":false,"max_hp_per_floor":[80,80,80,80,80,80,80,80,80,82,82,82,82,87,87,87,87,87,87,87,87,93,93,93],"card_choices":[{"not_picked":["Infernal Blade","Headbutt"],"picked":"Searing Blow","floor":1},{"not_picked":["Ghostly Armor","Armaments"],"picked":"True Grit","floor":4},{"not_picked":["Warcry","Burning Pact"],"picked":"True Grit","floor":6},{"not_picked":["Iron Wave","Flex"],"picked":"Armaments","floor":8},{"not_picked":["Pommel Strike","Sever Soul","Body Slam"],"picked":"Singing Bowl","floor":10},{"not_picked":["Flex","Inflame"],"picked":"Feed","floor":12},{"not_picked":["Searing Blow","Shrug It Off","Wild Strike"],"picked":"Singing Bowl","floor":14},{"not_picked":["Immolate","Limit Break"],"picked":"Offering","floor":16},{"not_picked":[],"picked":"Fire Breathing","floor":18},{"not_picked":["Clothesline"],"picked":"Singing Bowl","floor":22}],"player_experience":543190,"relics_obtained":[{"floor":6,"key":"Pantograph"},{"floor":9,"key":"Singing Bowl"},{"floor":12,"key":"Regal Pillow"},{"floor":14,"key":"Sundial"}],"event_choices":[{"cards_removed":["Strike_R"],"damage_healed":0,"gold_gain":0,"player_choice":"Card Removal","damage_taken":0,"max_hp_gain":0,"max_hp_loss":0,"event_name":"The Cleric","floor":2,"gold_loss":50},{"damage_healed":0,"gold_gain":0,"player_choice":"Success","damage_taken":3,"relics_obtained":["Mercury Hourglass"],"max_hp_gain":0,"max_hp_loss":0,"event_name":"Scrap Ooze","floor":3,"gold_loss":0},{"damage_healed":0,"gold_gain":0,"player_choice":"Take Damage","damage_taken":20,"relics_obtained":["Golden Idol"],"max_hp_gain":0,"max_hp_loss":0,"event_name":"Golden Idol","floor":5,"gold_loss":0},{"damage_healed":20,"gold_gain":0,"player_choice":"Healed and dodged fight","damage_taken":0,"max_hp_gain":0,"max_hp_loss":0,"event_name":"Mushrooms","floor":13,"gold_loss":0,"cards_obtained":["Parasite"]},{"damage_healed":0,"gold_gain":0,"player_choice":"Rummage","damage_taken":0,"relics_obtained":["WarpedTongs"],"max_hp_gain":0,"max_hp_loss":0,"event_name":"Accursed Blacksmith","floor":20,"gold_loss":0,"cards_obtained":["Pain"]}],"is_beta":false,"boss_relics":[{"not_picked":["Velvet Choker","Snecko Eye"],"picked":"Busted Crown"}],"items_purged_floors":[19],"is_endless":false,"potions_floor_spawned":[1,6,14,22],"killed_by":"Gremlin Leader","ascension_level":10}}