{"host":"jm9833yuloeli2yd","time":1609906382,"event":{"mods":["BaseMod","Better Altar","Better Match","Better Note","Better Sensory Stone","Better Skull","Better Third Choice","Better Vampires","BetterRewards","Colored Map","Colored Powertips","DeckTracker","Minty Spire (QoL Compilation)","Permanent Neow","Quick Restart","StSLib","SuperFastMode"],"gold_per_floor":[110,110,125,141,141,141,156,156,156,181,194,212,229,243,243,320,320,336,336,23,23,23,49,61,79,103,135,154,154,180,195,195,268,268,280,296,342,1341,838,869,869,880,927,953,972,991,991,991],"floor_reached":47,"playtime":2145,"items_purged":["Strike_B","Normality"],"score":1502,"play_id":"402da172-a1a5-4c08-9f8b-e84e9ff94236","local_time":"20210105231302","is_ascension_mode":true,"campfire_choices":[{"data":"Chill","floor":6.0,"key":"SMITH"},{"data":"White Noise","floor":8.0,"key":"SMITH"},{"floor":15.0,"key":"REST"},{"data":"Defragment","floor":32.0,"key":"SMITH"},{"floor":41.0,"key":"RECALL"}],"circlet_count":0,"master_deck":["AscendersBane","Defend_B","Defend_B","Defend_B","Defend_B","Zap","Dualcast","Capacitor","Barrage+1","Ball Lightning","Auto Shields","Chill+1","Secret Technique","White Noise+1","Barrage","Chill","Electrodynamics","Defragment+1","Beam Cell+1","FTL+1","Ghostly","Ghostly","Ghostly","Reboot","Turbo","Conserve Battery","Coolheaded+1","Core Surge","Rip and Tear+1","Undo+1","Go for the Eyes+1","Stack+1","Stack+1","Coolheaded","Normality","Core Surge","Glacier","Core Surge","Double Energy","Parasite","Defragment+1"],"relics":["FrozenCore","Dead Branch","Cables","Turnip","ClockworkSouvenir","StoneCalendar","Art of War","Bird Faced Urn","Tiny Chest","Astrolabe","Mango","Frozen Eye","Whetstone","Prayer Wheel"],"acts_visited":["Exordium","TheCity","TheBeyond"],"potions_floor_usage":[],"damage_taken":[{"damage":6.0,"enemies":"2 Louse","floor":1.0,"turns":2.0},{"damage":2.0,"enemies":"Jaw Worm","floor":3.0,"turns":3.0},{"damage":1.0,"enemies":"Cultist","floor":4.0,"turns":3.0},{"damage":0.0,"enemies":"3 Louse","floor":7.0,"turns":3.0},{"damage":32.0,"enemies":"Gremlin Nob","floor":10.0,"turns":4.0},{"damage":0.0,"enemies":"Blue Slaver","floor":11.0,"turns":2.0},{"damage":2.0,"enemies":"Looter","floor":12.0,"turns":3.0},{"damage":0.0,"enemies":"Red Slaver","floor":13.0,"turns":3.0},{"damage":0.0,"enemies":"3 Louse","floor":14.0,"turns":3.0},{"damage":6.0,"enemies":"Hexaghost","floor":16.0,"turns":6.0},{"damage":9.0,"enemies":"Shell Parasite","floor":18.0,"turns":7.0},{"damage":0.0,"enemies":"Gremlin Leader","floor":23.0,"turns":6.0},{"damage":0.0,"enemies":"Chosen","floor":24.0,"turns":6.0},{"damage":0.0,"enemies":"Centurion and Healer","floor":25.0,"turns":4.0},{"damage":14.0,"enemies":"Slavers","floor":27.0,"turns":5.0},{"damage":0.0,"enemies":"3 Cultists","floor":28.0,"turns":6.0},{"damage":8.0,"enemies":"Book of Stabbing","floor":30.0,"turns":5.0},{"damage":2.0,"enemies":"Sentry and Sphere","floor":31.0,"turns":4.0},{"damage":15.0,"enemies":"Automaton","floor":33.0,"turns":12.0},{"damage":10.0,"enemies":"Orb Walker","floor":35.0,"turns":4.0},{"damage":0.0,"enemies":"3 Shapes","floor":36.0,"turns":5.0},{"damage":0.0,"enemies":"2 Orb Walkers","floor":37.0,"turns":6.0},{"damage":9.0,"enemies":"Nemesis","floor":40.0,"turns":9.0},{"damage":3.0,"enemies":"Sphere and 2 Shapes","floor":42.0,"turns":6.0},{"damage":25.0,"enemies":"Giant Head","floor":44.0,"turns":10.0},{"damage":0.0,"enemies":"Writhing Mass","floor":45.0,"turns":6.0},{"damage":0.0,"enemies":"Spire Growth","floor":46.0,"turns":6.0},{"damage":76,"enemies":"Transient","floor":47,"turns":6}],"seed_played":"4538126544098039675","potions_obtained":[{"floor":7.0,"key":"FearPotion"},{"floor":12.0,"key":"Block Potion"},{"floor":14.0,"key":"Swift Potion"},{"floor":25.0,"key":"Fruit Juice"},{"floor":28.0,"key":"EssenceOfSteel"},{"floor":30.0,"key":"LiquidMemories"},{"floor":35.0,"key":"Swift Potion"},{"floor":36.0,"key":"PowerPotion"},{"floor":40.0,"key":"SteroidPotion"},{"floor":44.0,"key":"ColorlessPotion"}],"is_trial":false,"path_per_floor":["M","?","M","M","?","R","M","R","T","E","M","M","M","M","R","B",null,"M","?","$","?","?","E","M","M","T","E","M","?","E","M","R","B",null,"M","M","?","?","$","E","R","M","T","E","M","M","M"],"character_chosen":"DEFECT","items_purchased":["Capacitor","Barrage","ClockworkSouvenir","FTL","Core Surge","Glacier","Frozen Eye"],"campfire_rested":1,"item_purchase_floors":[0,0,20,20,39,39,39],"current_hp_per_floor":[51,56,54,53,53,53,53,53,53,21,21,19,19,19,41,35,66,57,57,57,38,38,38,38,38,38,24,39,53,45,47,47,46,51,53,53,67,67,67,67,67,66,66,42,54,66,0,0],"gold":991,"neow_bonus":"","is_daily":false,"chose_seed":false,"campfire_upgraded":3,"win_rate":0.0,"timestamp":1609906382,"path_taken":["M","?","M","M","?","R","M","R","T","E","M","M","M","?","R","BOSS","M","?","$","?","?","E","?","M","T","E","M","?","E","M","R","BOSS","M","?","?","?","$","E","R","M","T","E","M","M","M"],"items_purchased_type":["Card","Card","Relic","Card","Card","Card","Relic"],"build_version":"2020-12-22","purchased_purges":2,"victory":false,"max_hp_per_floor":[71,76,76,76,76,76,76,76,76,76,76,76,76,76,76,76,76,76,76,76,38,38,38,38,38,38,38,43,53,53,53,53,53,53,53,53,67,67,67,67,67,67,67,67,67,67,67,67],"card_choices":[{"not_picked":["Barrage","Darkness"],"picked":"Ball Lightning","floor":1.0},{"not_picked":["Skim","Rebound"],"picked":"Auto Shields","floor":3.0},{"not_picked":["Hello World","Chaos"],"picked":"Chill","floor":4.0},{"not_picked":["Panache","Magnetism"],"picked":"Secret Technique","floor":5.0},{"not_picked":["Aggregate","Stack"],"picked":"White Noise","floor":7.0},{"not_picked":["Aggregate","Steam"],"picked":"Barrage","floor":10.0},{"not_picked":["Streamline","Scrape","Barrage"],"picked":"SKIP","floor":11.0},{"not_picked":["Rebound","Hologram"],"picked":"Chill","floor":12.0},{"not_picked":["Go for the Eyes","Conserve Battery"],"picked":"Electrodynamics","floor":13.0},{"not_picked":["Steam","Scrape"],"picked":"Defragment","floor":14.0},{"not_picked":["Creative AI","Thunder Strike"],"picked":"Multi-Cast","floor":16.0},{"not_picked":["Streamline","Leap"],"picked":"Beam Cell+1","floor":18.0},{"not_picked":["Gash","Cold Snap","Sweeping Beam"],"picked":"SKIP","floor":23.0},{"not_picked":["Rebound+1","Ball Lightning"],"picked":"Reboot","floor":24.0},{"not_picked":["Sweeping Beam","Rebound+1"],"picked":"Turbo","floor":25.0},{"not_picked":["Leap","Barrage","Multi-Cast"],"picked":"SKIP","floor":27.0},{"not_picked":["Barrage","Steam+1","Reprogram"],"picked":"SKIP","floor":28.0},{"not_picked":["Hologram","Aggregate"],"picked":"Conserve Battery","floor":30.0},{"not_picked":["Rebound","Go for the Eyes+1"],"picked":"Coolheaded+1","floor":31.0},{"not_picked":["All For One","Amplify"],"picked":"Core Surge","floor":33.0},{"not_picked":["Ball Lightning","Coolheaded"],"picked":"Stack+1","floor":35.0},{"not_picked":["Conserve Battery","Ball Lightning"],"picked":"Stack+1","floor":36.0},{"not_picked":["Self Repair","FTL"],"picked":"Coolheaded","floor":37.0},{"not_picked":["Barrage","Genetic Algorithm+1"],"picked":"Core Surge","floor":40.0},{"not_picked":["Barrage","Coolheaded"],"picked":"Double Energy","floor":42.0},{"not_picked":["Skim","Compile Driver","Streamline"],"picked":"SKIP","floor":44.0},{"not_picked":["Undo","Go for the Eyes"],"picked":"Defragment+1","floor":45.0},{"not_picked":["Compile Driver","Creative AI","Melter+1"],"picked":"SKIP","floor":45.0},{"not_picked":["Stack","Chaos","Rip and Tear"],"picked":"SKIP","floor":46.0},{"not_picked":["Melter","Gash","Steam Power+1"],"picked":"SKIP","floor":46.0}],"player_experience":1260850,"relics_obtained":[{"floor":9.0,"key":"Cables"},{"floor":10.0,"key":"Turnip"},{"floor":23.0,"key":"StoneCalendar"},{"floor":26.0,"key":"Art of War"},{"floor":27.0,"key":"Bird Faced Urn"},{"floor":30.0,"key":"Tiny Chest"},{"floor":37.0,"key":"Mango"},{"floor":40.0,"key":"Whetstone"},{"floor":44.0,"key":"Prayer Wheel"}],"event_choices":[{"damage_healed":0.0,"max_hp_gain":5.0,"max_hp_loss":0.0,"gold_gain":0.0,"event_name":"Big Fish","player_choice":"Donut","floor":2.0,"gold_loss":0.0,"damage_taken":0.0},{"damage_healed":0.0,"max_hp_gain":0.0,"max_hp_loss":0.0,"gold_gain":1.0,"event_name":"betterStone:BetterStone","player_choice":"1","floor":5.0,"gold_loss":0.0,"damage_taken":0.0},{"damage_healed":0.0,"max_hp_gain":0.0,"max_hp_loss":0.0,"gold_gain":0.0,"event_name":"betterThird:BetterWriting","player_choice":"Adaptability","floor":19.0,"gold_loss":0.0,"damage_taken":0.0},{"damage_healed":0.0,"max_hp_gain":0.0,"max_hp_loss":38.0,"gold_gain":0.0,"event_name":"Ghosts","player_choice":"Became a Ghost","floor":21.0,"gold_loss":0.0,"damage_taken":0.0,"cards_obtained":["Ghostly","Ghostly","Ghostly"]},{"damage_healed":0.0,"max_hp_gain":0.0,"max_hp_loss":0.0,"gold_gain":0.0,"event_name":"N\u0027loth","player_choice":"Ignored","floor":22.0,"gold_loss":0.0,"damage_taken":0.0},{"cards_removed":["Multi-Cast"],"damage_healed":4.0,"max_hp_gain":10.0,"max_hp_loss":0.0,"gold_gain":0.0,"event_name":"Bonfire Elementals","player_choice":"Offered Rare","floor":29.0,"gold_loss":0.0,"damage_taken":0.0},{"damage_healed":0.0,"max_hp_gain":0.0,"max_hp_loss":0.0,"gold_gain":0.0,"event_name":"Mysterious Sphere","player_choice":"Fight","floor":37.0,"gold_loss":0.0,"damage_taken":0.0},{"damage_healed":0.0,"max_hp_gain":0.0,"max_hp_loss":0.0,"gold_gain":999.0,"event_name":"MindBloom","player_choice":"Gold","floor":38.0,"gold_loss":0.0,"damage_taken":0.0,"cards_obtained":["Normality","Normality"]}],"is_beta":false,"boss_relics":[{"not_picked":["Tiny House","Coffee Dripper"],"picked":"FrozenCore"},{"not_picked":["Calling Bell","Nuclear Battery"],"picked":"Astrolabe"}],"items_purged_floors":[20,39],"is_endless":false,"potions_floor_spawned":[7,12,14,16,25,28,30,31,35,36,40,44],"killed_by":"Transient","ascension_level":20}}