{"host":"51fyd6gkml7xavq8","time":1609966956,"event":{"mods":["BaseMod","BetterRewards","Colored Map","Energized Spire","Infinite Spire","Minty Spire (QoL Compilation)","Replay The Spire","Shop Mod","Spicy Shops","StSLib","The Blue Laboratory","[IsaacMod]????"],"gold_per_floor":[119,136,37,112,212,242,242,254,254,274,307,307,324,324,324,423,423,438,456,476,476,476],"floor_reached":21,"playtime":1248,"items_purged":[],"score":439,"play_id":"65e8fbd5-2fa2-4e5f-a4a8-698289ba2149","local_time":"20210106180236","is_ascension_mode":true,"campfire_choices":[{"data":"Bouncing Flask","floor":7.0,"key":"SMITH"},{"data":"EpicFetus","floor":12.0,"key":"SMITH"},{"floor":15.0,"key":"REST"}],"circlet_count":0,"master_deck":["Strike_G","Strike_G","Strike_G","Strike_G","Strike_G","Defend_G","Defend_G","Defend_G","Defend_G","Defend_G","Survivor","Neutralize","EpicFetus+1","Crippling Poison","Endless Agony","Envenom","Bouncing Flask+1","After Image","CurseOfTheBell","Pot Of Greed","Pot Of Greed","Poisoned Stab","Toxin Wave+1"],"relics":["Ring of the Snake","HushsDoor","Leech","SteamSale","MerchantsRug","The Specimen","Shuriken","Replay:WaspNest","BookOfRevelations","Blue Candle","Calling Bell","Grinning Jar","Question Card","Thread and Needle"],"acts_visited":["Exordium","TheCity"],"potions_floor_usage":[20],"damage_taken":[{"damage":14.0,"enemies":"infinitespire:Voidling","floor":1.0,"turns":3.0},{"damage":4.0,"enemies":"Jaw Worm","floor":2.0,"turns":3.0},{"damage":13.0,"enemies":"Replay:BlueRogue","floor":6.0,"turns":7.0},{"damage":6.0,"enemies":"Cultist","floor":8.0,"turns":3.0},{"damage":14.0,"enemies":"Blue Slaver","floor":10.0,"turns":3.0},{"damage":0.0,"enemies":"3 Sentries","floor":11.0,"turns":1.0},{"damage":12.0,"enemies":"3 Louse","floor":13.0,"turns":2.0},{"damage":0.0,"enemies":"Fading Forest","floor":16.0,"turns":11.0},{"damage":1,"enemies":"3 Byrds","floor":18,"turns":3},{"damage":34,"enemies":"2 Thieves","floor":19,"turns":4},{"damage":18,"enemies":"Cultist and Chosen","floor":20,"turns":5},{"damage":30,"enemies":"Snake Plant","floor":21,"turns":3}],"seed_played":"9073223116805257019","potions_obtained":[{"floor":2.0,"key":"SpeedPotion"},{"floor":10.0,"key":"blueLaboratory:PyrophylliteBrew"},{"floor":11.0,"key":"blueLaboratory:LouseDecoction"},{"floor":20,"key":"blueLaboratory:BottleOfRum"}],"is_trial":false,"path_per_floor":["M","M","$","?","?","E","R","M","T","M","E","R","M","T","R","B",null,"M","M","M","M"],"character_chosen":"THE_SILENT","items_purchased":["SteamSale","MerchantsRug","The Specimen","Envenom"],"campfire_rested":1,"item_purchase_floors":[0,0,3,3],"current_hp_per_floor":[49,47,47,36,36,29,29,25,25,14,15,15,5,5,26,46,70,70,39,25,0,0],"gold":476,"neow_bonus":"","is_daily":false,"chose_seed":false,"campfire_upgraded":2,"win_rate":0.0,"timestamp":1609966956,"path_taken":["M","?","$","?","?","E","R","M","T","M","E","R","M","?","R","BOSS","M","?","?","M"],"items_purchased_type":["Relic","Relic","Relic","Card"],"build_version":"2020-12-22","purchased_purges":0,"victory":false,"max_hp_per_floor":[70,70,70,70,70,70,70,70,70,70,70,70,70,70,70,70,70,70,70,70,70,70],"card_choices":[{"not_picked":[],"picked":"EpicFetus","floor":0.0},{"not_picked":["Blade Dance","Deadly Poison"],"picked":"Crippling Poison","floor":1.0},{"not_picked":["ReplayTheSpireMod:Scrap Shanks","Accuracy"],"picked":"Endless Agony","floor":2.0},{"not_picked":["Blade Dance","Backflip"],"picked":"Bomb","floor":5.0},{"not_picked":["Sneak Up","Hidden Blade"],"picked":"Bouncing Flask","floor":6.0},{"not_picked":["Prepared","Well Laid Plans"],"picked":"After Image","floor":8.0},{"not_picked":["Acrobatics","Blade Dance"],"picked":"Bomb","floor":10.0},{"not_picked":["Dodge and Roll","Calculated Gamble","Unload"],"picked":"SKIP","floor":11.0},{"not_picked":["Riddle With Holes","Prepared","Flechettes"],"picked":"SKIP","floor":13.0},{"not_picked":["Deflect+1","Backflip","Blade Dance+1"],"picked":"Poisoned Stab","floor":18},{"not_picked":["Deadly Poison","Heel Hook","Slice","Distraction"],"picked":"SKIP","floor":19},{"not_picked":["ReplayTheSpireMod:The Works+1","PiercingWail+1","Deadly Poison+1"],"picked":"Toxin Wave+1","floor":20}],"player_experience":462759,"relics_obtained":[{"floor":6.0,"key":"Shuriken"},{"floor":9.0,"key":"Replay:WaspNest"},{"floor":11.0,"key":"BookOfRevelations"},{"floor":14.0,"key":"Blue Candle"},{"floor":17.0,"key":"Grinning Jar"},{"floor":17.0,"key":"Question Card"},{"floor":17.0,"key":"Thread and Needle"}],"event_choices":[{"damage_healed":0.0,"max_hp_gain":0.0,"max_hp_loss":0.0,"gold_gain":75.0,"event_name":"World of Goop","player_choice":"Gather Gold","floor":4.0,"gold_loss":0.0,"damage_taken":11.0}],"is_beta":false,"boss_relics":[{"not_picked":["Replay:Grab Bag","WristBlade"],"picked":"Calling Bell"},{"not_picked":[]}],"items_purged_floors":[],"is_endless":false,"potions_floor_spawned":[2,10,11,20],"killed_by":"Snake Plant","ascension_level":4}}