{"host":"91blwi3hgehj6ch9","time":1609931349,"event":{"mods":["2.2 Compatiblity","AchievementEnabler","BaseMod","Colored Map","DeckTracker","Keyboard Shortcuts","Minty Spire (QoL Compilation)","Permanent Neow","Quick Restart","StSLib","SuperFastMode"],"gold_per_floor":[114,129,144,144,159,159,174,189,264,264,264,264,107,137,137,237,237,237],"floor_reached":17,"playtime":392,"items_purged":["Strike_P"],"score":182,"play_id":"d89cdf8c-e9db-4f76-b038-8954523c7f85","local_time":"20210106200909","daily_mods":["Cursed Run","Uncertain Future","Binary"],"is_ascension_mode":false,"campfire_choices":[{"data":"EmptyFist","floor":6,"key":"SMITH"},{"data":"Eruption","floor":11,"key":"SMITH"},{"data":"MentalFortress","floor":15,"key":"SMITH"}],"circlet_count":0,"master_deck":["Defend_P","Defend_P","Eruption+1","Vigilance","EmptyFist+1","Consecrate","Protect","WheelKick","Clumsy","MentalFortress+1","Halt","Pain","Omniscience","Wireheading+1","ForeignInfluence+1","LessonLearned+1"],"relics":["Cursed Key","Darkstone Periapt","Du-Vu Doll","Matryoshka","PreservedInsect","Astrolabe"],"acts_visited":["Exordium","TheCity"],"potions_floor_usage":[],"damage_taken":[{"damage":0.0,"enemies":"Small Slimes","floor":1.0,"turns":2.0},{"damage":0.0,"enemies":"2 Louse","floor":2.0,"turns":2.0},{"damage":6.0,"enemies":"Cultist","floor":3.0,"turns":3.0},{"damage":6.0,"enemies":"2 Fungi Beasts","floor":5.0,"turns":3.0},{"damage":2,"enemies":"Blue Slaver","floor":7,"turns":3},{"damage":0,"enemies":"Exordium Wildlife","floor":8,"turns":2},{"damage":14,"enemies":"Lagavulin","floor":14,"turns":5},{"damage":18,"enemies":"The Guardian","floor":16,"turns":12}],"seed_played":"-5218424555718163201","potions_obtained":[{"floor":2.0,"key":"Regen Potion"},{"floor":3.0,"key":"Ancient Potion"},{"floor":7,"key":"Fire Potion"},{"floor":14,"key":"StancePotion"}],"is_trial":false,"path_per_floor":["M","M","M","?","M","R","M","M","T","?","R","?","$","E","R","B",null],"character_chosen":"WATCHER","items_purchased":["MentalFortress"],"campfire_rested":0,"item_purchase_floors":[13],"current_hp_per_floor":[72,72,66,71,65,65,63,63,69,69,69,69,69,55,55,43,89,89],"gold":237,"neow_bonus":"","is_daily":true,"chose_seed":false,"campfire_upgraded":3,"win_rate":0.0,"timestamp":1609931349,"path_taken":["M","M","M","?","M","R","M","M","T","?","R","?","$","E","R","BOSS"],"items_purchased_type":["Card"],"build_version":"2020-12-22","purchased_purges":1,"victory":false,"max_hp_per_floor":[72,72,72,77,77,77,77,77,83,83,83,83,83,83,83,89,89,89],"card_choices":[{"not_picked":["CutThroughFate"],"picked":"EmptyFist","floor":1.0},{"not_picked":["PathToVictory","Sanctity"],"picked":"SKIP","floor":2.0},{"not_picked":["ThirdEye"],"picked":"Consecrate","floor":3.0},{"not_picked":["PathToVictory","Indignation"],"picked":"SKIP","floor":5},{"not_picked":["Indignation"],"picked":"Protect","floor":7},{"not_picked":["Brilliance"],"picked":"WheelKick","floor":8},{"not_picked":["FollowUp"],"picked":"Halt","floor":14},{"not_picked":["ConjureBlade"],"picked":"Omniscience","floor":16}],"player_experience":102746,"relics_obtained":[{"floor":9,"key":"Matryoshka"},{"floor":14,"key":"PreservedInsect"}],"event_choices":[{"damage_healed":0.0,"max_hp_gain":5.0,"max_hp_loss":0.0,"gold_gain":0.0,"event_name":"Big Fish","player_choice":"Donut","floor":4.0,"gold_loss":0.0,"damage_taken":0.0},{"cards_removed":["Strike_P"],"damage_healed":0,"gold_gain":0,"player_choice":"Forget","damage_taken":0,"max_hp_gain":0,"max_hp_loss":0,"event_name":"Living Wall","floor":10,"gold_loss":0},{"cards_removed":["Defend_P"],"damage_healed":0,"gold_gain":0,"player_choice":"Offered Basic","damage_taken":0,"max_hp_gain":0,"max_hp_loss":0,"event_name":"Bonfire Elementals","floor":12,"gold_loss":0}],"is_beta":false,"boss_relics":[{"not_picked":["Philosopher\u0027s Stone","Fusion Hammer"],"picked":"Astrolabe"}],"items_purged_floors":[13],"is_endless":false,"potions_floor_spawned":[2,3,7,14,16],"ascension_level":0}}