{"host":"ypphcgdomtfqpc2w","time":1609916195,"event":{"mods":["BaseMod","Minty Spire (QoL Compilation)","StSLib"],"gold_per_floor":[364,391,77,93,93,103,103,133,133,150,177,187,204,215,215,287,287,305,320,320,24,24,24,40,53,78,78,88,107,123,153,153,224,224,244,244,262,93,107,107,132,132,156,187,102,102,102,152,152,152,152,152,152,21,52,52,52],"floor_reached":56,"playtime":3971,"items_purged":["Bash+1"],"score":1903,"play_id":"68c5a14b-475a-4713-b925-c9c6f34172db","local_time":"20210106155635","is_ascension_mode":true,"campfire_choices":[{"data":"Immolate","floor":7.0,"key":"SMITH"},{"data":"Fire Breathing","floor":15.0,"key":"SMITH"},{"data":"Pommel Strike","floor":23.0,"key":"SMITH"},{"floor":27.0,"key":"REST"},{"floor":32.0,"key":"REST"},{"data":"Uppercut","floor":40.0,"key":"SMITH"},{"data":"Shockwave","floor":42.0,"key":"SMITH"},{"floor":46.0,"key":"DIG"},{"floor":49.0,"key":"RECALL"},{"data":"Brutality","floor":53.0,"key":"SMITH"}],"circlet_count":0,"master_deck":["AscendersBane","Wild Strike","Immolate+1","Uppercut+1","Shockwave+1","Shrug It Off","Anger","Burning Pact","Second Wind","Feel No Pain","Fire Breathing+1","Immolate","Bludgeon","Blood for Blood","Berserk","Flame Barrier","Pommel Strike+1","Impervious","Headbutt","Power Through","Power Through","Bludgeon","Dropkick","Spot Weakness","Metallicize","Fire Breathing","Brutality+1","Impervious","Pommel Strike+1","Spot Weakness","Reaper","Thunderclap","Shrug It Off","Heavy Blade+1"],"relics":["Burning Blood","Pen Nib","Happy Flower","Toy Ornithopter","Gremlin Horn","Shovel","Pandora\u0027s Box","Akabeko","Omamori","Ice Cream","Runic Pyramid","InkBottle","ClockworkSouvenir","Boot","MealTicket","Blood Vial","Blue Candle"],"acts_visited":["Exordium","TheCity","TheBeyond","TheEnding"],"potions_floor_usage":[55,55,56],"damage_taken":[{"damage":12.0,"enemies":"Cultist","floor":1.0,"turns":4.0},{"damage":0.0,"enemies":"2 Louse","floor":4.0,"turns":1.0},{"damage":4.0,"enemies":"Jaw Worm","floor":6.0,"turns":2.0},{"damage":12.0,"enemies":"Lagavulin","floor":8.0,"turns":5.0},{"damage":0.0,"enemies":"2 Fungi Beasts","floor":10.0,"turns":1.0},{"damage":2.0,"enemies":"Gremlin Nob","floor":11.0,"turns":3.0},{"damage":0.0,"enemies":"Looter","floor":12.0,"turns":2.0},{"damage":0.0,"enemies":"Gremlin Gang","floor":13.0,"turns":1.0},{"damage":1.0,"enemies":"Blue Slaver","floor":14.0,"turns":4.0},{"damage":28.0,"enemies":"The Guardian","floor":16.0,"turns":9.0},{"damage":22.0,"enemies":"2 Thieves","floor":18.0,"turns":2.0},{"damage":28.0,"enemies":"Shell Parasite","floor":19.0,"turns":5.0},{"damage":13.0,"enemies":"Snecko","floor":24.0,"turns":3.0},{"damage":0.0,"enemies":"3 Cultists","floor":25.0,"turns":2.0},{"damage":1.0,"enemies":"Centurion and Healer","floor":28.0,"turns":3.0},{"damage":0.0,"enemies":"Chosen and Byrds","floor":29.0,"turns":4.0},{"damage":0.0,"enemies":"3 Cultists","floor":30.0,"turns":1.0},{"damage":57.0,"enemies":"Book of Stabbing","floor":31.0,"turns":6.0},{"damage":39.0,"enemies":"Champ","floor":33.0,"turns":10.0},{"damage":4.0,"enemies":"3 Darklings","floor":35.0,"turns":3.0},{"damage":0.0,"enemies":"3 Shapes","floor":37.0,"turns":1.0},{"damage":10.0,"enemies":"Transient","floor":39.0,"turns":6.0},{"damage":4.0,"enemies":"Reptomancer","floor":41.0,"turns":4.0},{"damage":6.0,"enemies":"Nemesis","floor":44.0,"turns":9.0},{"damage":92.0,"enemies":"Awakened One","floor":50.0,"turns":12.0},{"damage":18.0,"enemies":"Time Eater","floor":51.0,"turns":13.0},{"damage":56,"enemies":"Shield and Spear","floor":55,"turns":8},{"damage":52,"enemies":"The Heart","floor":56,"turns":3}],"seed_played":"-9014223575796216581","potions_obtained":[{"floor":4.0,"key":"Ancient Potion"},{"floor":8.0,"key":"ColorlessPotion"},{"floor":11.0,"key":"Explosive Potion"},{"floor":13.0,"key":"Fire Potion"},{"floor":22.0,"key":"Ancient Potion"},{"floor":28.0,"key":"AttackPotion"},{"floor":29.0,"key":"Ancient Potion"},{"floor":33.0,"key":"PowerPotion"},{"floor":37.0,"key":"LiquidMemories"},{"floor":44.0,"key":"SpeedPotion"},{"floor":55,"key":"GamblersBrew"}],"is_trial":false,"path_per_floor":["M","T","$","M","?","M","R","E","T","M","E","M","M","M","R","B",null,"M","M","?","$","?","R","M","M","T","R","M","M","M","E","R","B",null,"M","?","M","$","M","R","E","R","T","E","$","R","?","?","R","B","B",null,"R","$","E","B"],"character_chosen":"IRONCLAD","items_purchased":["Happy Flower","Immolate","Akabeko","Dexterity Potion","ClockworkSouvenir","Shrug It Off","SpeedPotion","BlessingOfTheForge","DistilledChaos"],"campfire_rested":2,"item_purchase_floors":[3,3,21,21,38,45,45,54,54],"current_hp_per_floor":[44,44,44,50,27,29,29,23,23,29,43,49,55,60,60,38,66,50,33,33,33,33,33,26,32,32,54,59,75,75,24,46,13,60,62,62,68,68,69,69,75,75,75,75,75,75,75,75,75,15,20,61,61,75,45,0,0],"gold":52,"neow_bonus":"TWO_FIFTY_GOLD","is_daily":false,"chose_seed":false,"campfire_upgraded":6,"win_rate":0.0,"timestamp":1609916195,"path_taken":["M","?","$","M","?","M","R","E","T","M","E","M","?","M","R","BOSS","M","M","?","$","?","R","M","M","T","R","M","?","M","E","R","BOSS","M","?","M","?","?","R","E","R","T","E","$","R","?","?","R","BOSS","BOSS","R","$","E","BOSS"],"items_purchased_type":["Relic","Card","Relic","Potion","Relic","Card","Potion","Potion","Potion"],"build_version":"2020-12-22","purchased_purges":1,"victory":false,"max_hp_per_floor":[75,75,75,75,75,75,75,75,75,75,75,75,75,75,75,75,75,75,75,75,75,75,75,75,75,75,75,75,75,75,75,75,75,75,75,75,75,75,75,75,75,75,75,75,75,75,75,75,75,75,75,75,75,75,75,75,75],"card_choices":[{"not_picked":["Sword Boomerang","Rupture"],"picked":"Wild Strike","floor":1.0},{"not_picked":["Blood for Blood","Body Slam"],"picked":"Uppercut","floor":4.0},{"not_picked":["True Grit","Feel No Pain"],"picked":"Shockwave","floor":6.0},{"not_picked":["Twin Strike","Impervious"],"picked":"Shrug It Off","floor":8.0},{"not_picked":["Flame Barrier","Whirlwind"],"picked":"Anger","floor":10.0},{"not_picked":["Sentinel","Body Slam"],"picked":"Burning Pact","floor":11.0},{"not_picked":["Dark Embrace","Iron Wave"],"picked":"Second Wind","floor":12.0},{"not_picked":["Clothesline","Shrug It Off"],"picked":"Feel No Pain","floor":13.0},{"not_picked":["Iron Wave","Clash"],"picked":"Fire Breathing","floor":14.0},{"not_picked":["Bludgeon","Exhume"],"picked":"Immolate","floor":16.0},{"not_picked":["Perfected Strike","Bloodletting","Whirlwind"],"picked":"SKIP","floor":18.0},{"not_picked":["Flex","Armaments+1"],"picked":"Power Through","floor":19.0},{"not_picked":["Pommel Strike","Reckless Charge"],"picked":"Dropkick","floor":24.0},{"not_picked":["Anger","Wild Strike"],"picked":"Spot Weakness","floor":25.0},{"not_picked":["Armaments","Headbutt"],"picked":"Metallicize","floor":28.0},{"not_picked":["Entrench","Spot Weakness"],"picked":"Fire Breathing","floor":29.0},{"not_picked":["Sword Boomerang","Cleave","Heavy Blade"],"picked":"SKIP","floor":30.0},{"not_picked":["Inflame","Dropkick"],"picked":"Brutality","floor":31.0},{"not_picked":["Fiend Fire","Double Tap"],"picked":"Impervious","floor":33.0},{"not_picked":["Sword Boomerang+1","Perfected Strike"],"picked":"Pommel Strike+1","floor":35.0},{"not_picked":["Twin Strike","Searing Blow+1"],"picked":"Spot Weakness","floor":37.0},{"not_picked":["Clash","Iron Wave","Fire Breathing"],"picked":"SKIP","floor":39.0},{"not_picked":["Clothesline","Shrug It Off"],"picked":"Reaper","floor":41.0},{"not_picked":["Dark Embrace","Body Slam"],"picked":"Thunderclap","floor":44.0},{"not_picked":["Clothesline","Feed"],"picked":"Heavy Blade+1","floor":55}],"player_experience":1982890,"relics_obtained":[{"floor":2.0,"key":"Pen Nib"},{"floor":8.0,"key":"Toy Ornithopter"},{"floor":9.0,"key":"Gremlin Horn"},{"floor":11.0,"key":"Shovel"},{"floor":26.0,"key":"Omamori"},{"floor":31.0,"key":"Ice Cream"},{"floor":36.0,"key":"InkBottle"},{"floor":41.0,"key":"Boot"},{"floor":44.0,"key":"MealTicket"},{"floor":46.0,"key":"Blood Vial"},{"floor":55,"key":"Blue Candle"}],"event_choices":[{"damage_healed":0.0,"max_hp_gain":0.0,"max_hp_loss":0.0,"gold_gain":0.0,"event_name":"Shining Light","player_choice":"Entered Light","floor":5.0,"gold_loss":0.0,"damage_taken":23.0,"cards_upgraded":["Bash","Defend_R"]},{"damage_healed":0.0,"max_hp_gain":0.0,"max_hp_loss":0.0,"gold_gain":0.0,"cards_transformed":["Perfected Strike","Entrench"],"event_name":"Drug Dealer","player_choice":"Became Test Subject","floor":20.0,"gold_loss":0.0,"damage_taken":0.0,"cards_obtained":["Power Through","Bludgeon"]},{"damage_healed":0.0,"max_hp_gain":0.0,"max_hp_loss":0.0,"gold_gain":0.0,"event_name":"Lab","player_choice":"Got Potions","floor":22.0,"gold_loss":0.0,"damage_taken":0.0},{"damage_healed":0.0,"max_hp_gain":0.0,"max_hp_loss":0.0,"gold_gain":0.0,"event_name":"Wheel of Change","player_choice":"Relic","floor":36.0,"gold_loss":0.0,"damage_taken":0.0},{"damage_healed":0.0,"max_hp_gain":0.0,"max_hp_loss":0.0,"gold_gain":0.0,"event_name":"Tomb of Lord Red Mask","player_choice":"Ignored","floor":47.0,"gold_loss":0.0,"damage_taken":0.0},{"damage_healed":0.0,"max_hp_gain":0.0,"max_hp_loss":0.0,"gold_gain":50.0,"event_name":"Golden Shrine","player_choice":"Pray","floor":48.0,"gold_loss":0.0,"damage_taken":0.0}],"is_beta":false,"boss_relics":[{"not_picked":["Philosopher\u0027s Stone","Fusion Hammer"],"picked":"Pandora\u0027s Box"},{"not_picked":["Snecko Eye","Velvet Choker"],"picked":"Runic Pyramid"}],"items_purged_floors":[21],"is_endless":false,"potions_floor_spawned":[4,8,11,13,24,28,29,33,35,37,44,55],"killed_by":"The Heart","ascension_level":20}}