{"host":"dn6kke80v5f7isus","time":1609963279,"event":{"mods":["AchievementEnabler","Act Like it!","BaseMod","Colored Powertips","Custom Start","Defuse TimeMaze Blight","Downfall","Duelist Mod","Gremlin Skip","Highlight Path","Hubris","Infinite Spire","Minty Spire (QoL Compilation)","Rare Cards Sparkle","Replay The Spire","StSLib","The Cursed","Uncapped"],"gold_per_floor":[140,160,160,160,175,175,207,207,288,316,84,84,107,125,125,227,227,243,338,338,308,308,337,355,368,393,421,98,98,115,134,134,229,229,241,261,311,311,327,327,327,327],"floor_reached":41,"playtime":2016,"items_purged":["theDuelist:Sparks","theDuelist:Sparks+1"],"score":666,"play_id":"20f7fb6a-a451-4d5e-b51b-8d8a2b82648d","local_time":"20210106150119","is_ascension_mode":true,"campfire_choices":[{"data":"theDuelist:BlockGolem","floor":6,"key":"SMITH"},{"data":"theDuelist:TyrantWing","floor":8,"key":"SMITH"},{"data":"theDuelist:MirageDragon","floor":15,"key":"SMITH"},{"data":"theDuelist:SliferSky","floor":32,"key":"SMITH"},{"data":"theDuelist:DragonMastery","floor":40,"key":"SMITH"}],"circlet_count":0,"master_deck":["theDuelist:BabyDragon+1","theDuelist:CastleWalls","theDuelist:CastleWalls+1","theDuelist:CaveDragon","theDuelist:CaveDragon","theDuelist:LesserDragon","theDuelist:LesserDragon","theDuelist:YamataDragon+1","theDuelist:CoralDragon","theDuelist:BlockGolem+1","theDuelist:CurseDragon","theDuelist:TyrantWing+1","theDuelist:MirageDragon+1","theDuelist:SliferSky+1","theDuelist:DragonShield","theDuelist:Mountain","theDuelist:SeismicShockwave","theDuelist:DragonMastery+1","theDuelist:GenesisDragon+1","theDuelist:VampireCurse"],"relics":["theDuelist:MillenniumPuzzle","theDuelist:CardPoolRelic","theDuelist:CardPoolBasicRelic","theDuelist:BoosterPackPoolRelic","theDuelist:CardPoolAddRelic","theDuelist:CardPoolMinusRelic","theDuelist:CardPoolSaveRelic","theDuelist:CardPoolOptionsRelic","Oddly Smooth Stone","hubris:Towel","Replay:Mystery Machine","hubris:SlimyHat","Replay:Ringing Soul","ReplayTheSpireMod:Ninjato","Whetstone","infinitespire:Lucky Rock","theDuelist:NamelessPowerRelicA","CultistMask","War Paint","Bag of Preparation","Matryoshka","theDuelist:SummonAnchor","Runic Cube","Unceasing Top","infinitespire:Golems Mask","Ginger","theDuelist:MillenniumSymbol"],"acts_visited":["Exordium","TheCity","TheBeyond"],"potions_floor_usage":[7,10,10,16,25,31,31,33,37,41],"damage_taken":[{"damage":0,"enemies":"Cultist","floor":1,"turns":2},{"damage":5,"enemies":"Jaw Worm","floor":2,"turns":2},{"damage":0,"enemies":"2 Louse","floor":5,"turns":2},{"damage":0,"enemies":"Lagavulin","floor":7,"turns":4},{"damage":1,"enemies":"3 Sentries","floor":10,"turns":7},{"damage":0,"enemies":"2 Fungi Beasts","floor":14,"turns":3},{"damage":0,"enemies":"Fading Forest","floor":16,"turns":11},{"damage":1,"enemies":"3 Byrds","floor":18,"turns":5},{"damage":14,"enemies":"theDuelist:KaibaA2","floor":23,"turns":3},{"damage":0,"enemies":"Shell Parasite","floor":24,"turns":3},{"damage":0,"enemies":"Snake Plant","floor":25,"turns":2},{"damage":0,"enemies":"Replay:Snechameleon","floor":27,"turns":6},{"damage":0,"enemies":"Snecko","floor":30,"turns":3},{"damage":0,"enemies":"3 Cultists","floor":31,"turns":5},{"damage":48,"enemies":"Collector","floor":33,"turns":11},{"damage":3,"enemies":"3 Shapes","floor":35,"turns":3},{"damage":15,"enemies":"3 Darklings","floor":36,"turns":4},{"damage":0,"enemies":"3 Darklings","floor":37,"turns":6},{"damage":13,"enemies":"Transient","floor":39,"turns":5},{"damage":89,"enemies":"Nightmare","floor":41,"turns":4}],"seed_played":"-5337654916663054654","potions_obtained":[{"floor":2,"key":"Fire Potion"},{"floor":5,"key":"Block Potion"},{"floor":7,"key":"Adrenaline Potion"},{"floor":14,"key":"theDuelist:DestructPotionPot"},{"floor":18,"key":"Fire Potion"},{"floor":24,"key":"infinitespire:BlackPotion"},{"floor":27,"key":"theDuelist:WaterBottle"},{"floor":31,"key":"theDuelist:VampireVial"},{"floor":36,"key":"theDuelist:VampireVial"},{"floor":39,"key":"Adrenaline Potion"}],"is_trial":false,"path_per_floor":["M","M","?","?","M","R","E","R","T","E","$","?","T","M","R","B",null,"M","?","?","?","?","E","M","M","T","E","$","?","M","M","R","B",null,"M","M","?","?","M","R","NM"],"character_chosen":"THE_DUELIST","items_purchased":["Whetstone","theDuelist:SummonAnchor","theDuelist:Mountain"],"campfire_rested":0,"item_purchase_floors":[11,28,28],"current_hp_per_floor":[80,75,75,72,72,72,72,72,72,71,71,71,71,74,74,87,96,95,98,98,98,98,84,84,84,84,84,87,87,87,90,90,45,108,105,90,93,96,83,83,0,0],"gold":327,"neow_bonus":"RANDOM_COMMON_RELIC","is_daily":false,"chose_seed":false,"campfire_upgraded":5,"win_rate":0.0,"timestamp":1609963279,"path_taken":["M","?","?","?","M","R","E","R","T","E","$","?","?","M","R","BOSS","M","?","?","?","?","E","M","?","T","E","$","?","M","M","R","BOSS","M","M","?","?","M","R","NM"],"items_purchased_type":["Relic","Relic","Card"],"build_version":"2020-12-22","purchased_purges":2,"victory":false,"max_hp_per_floor":[80,80,80,80,80,80,80,80,80,80,80,80,80,83,83,96,96,96,99,99,99,99,99,99,99,99,99,102,102,102,105,105,108,108,108,108,111,114,114,114,114,114],"card_choices":[{"not_picked":["theDuelist:CurseDragon","theDuelist:SphereChaos","theDuelist:Earthquake","theDuelist:DragonPiper"],"picked":"theDuelist:CoralDragon","floor":1},{"not_picked":["theDuelist:LightningDarts","theDuelist:RainbowOverdragon","theDuelist:GreenGraveOni","theDuelist:ShardGreed"],"picked":"theDuelist:BlockGolem","floor":2},{"not_picked":["theDuelist:ViceDragon","theDuelist:Pyrorex","theDuelist:BlackBrutdrago","theDuelist:BlackTyranno"],"picked":"theDuelist:CurseDragon","floor":5},{"not_picked":["theDuelist:VolcanicEruption","theDuelist:ThreateningRoar","theDuelist:MiraculousDescent","theDuelist:ArtifactSanctum"],"picked":"theDuelist:TyrantWing","floor":7},{"not_picked":["theDuelist:BlackBrutdrago","theDuelist:CloudianGhost","theDuelist:BlackStego","theDuelist:SphereChaos","theDuelist:FangCritias"],"picked":"SKIP","floor":10},{"not_picked":["theDuelist:DarkHorus","theDuelist:Anthrosaurus","theDuelist:CyberDragonCore","theDuelist:VeilDarkness"],"picked":"theDuelist:MirageDragon","floor":14},{"not_picked":["theDuelist:VoidOgreDragon","theDuelist:Lancephorhynchus","theDuelist:DefensiveTactics","theDuelist:GravityLash"],"picked":"theDuelist:SliferSky","floor":16},{"not_picked":["theDuelist:SauropodBrachion","theDuelist:BlackTyranno","theDuelist:BlackPtera","theDuelist:BlackBrachios","theDuelist:Beatraptor+1"],"picked":"SKIP","floor":18},{"not_picked":["theDuelist:CyberDragonCore","theDuelist:CloudianGhost","theDuelist:Anthrosaurus","theDuelist:SauropodBrachion"],"picked":"theDuelist:DragonShield","floor":19},{"not_picked":["theDuelist:Pyrorex","theDuelist:Kabazauls","theDuelist:CyberDinosaur","theDuelist:BlackBrutdrago","theDuelist:Hydrogeddon"],"picked":"SKIP","floor":23},{"not_picked":["theDuelist:YamataDragon","theDuelist:AquaDolphin","theDuelist:Anthrosaurus","theDuelist:BlackPtera","theDuelist:ArmedDragon5"],"picked":"SKIP","floor":24},{"not_picked":["theDuelist:LesserDragon","theDuelist:Beatraptor","theDuelist:MegafleetDragon","theDuelist:CloudianGhost","theDuelist:MadSwordBeast"],"picked":"SKIP","floor":25},{"not_picked":["theDuelist:Beatraptor","theDuelist:RedRisingDragon","theDuelist:LesserDragon","theDuelist:Earthquake","theDuelist:SphereChaos"],"picked":"SKIP","floor":27},{"not_picked":["theDuelist:SeismicShockwave","theDuelist:DragonCaptureJar+1","theDuelist:SurvivalFittest","theDuelist:BackupSoldier+1","theDuelist:DefensiveTactics+1"],"picked":"SKIP","floor":30},{"not_picked":["theDuelist:CyberDragon","theDuelist:GravityLash"],"picked":"theDuelist:SeismicShockwave","floor":31},{"not_picked":["theDuelist:Lancephorhynchus","theDuelist:DefensiveTactics+1","theDuelist:ChimeratechOverdragon","theDuelist:ArmageddonDragonEmp+1"],"picked":"theDuelist:DragonMastery","floor":33},{"not_picked":["theDuelist:Destroyersaurus+1","theDuelist:CyberDragonInfinity+1","theDuelist:HorusServant+1","theDuelist:BackgroundDragon","theDuelist:Lancephorhynchus"],"picked":"SKIP","floor":35},{"not_picked":["theDuelist:DarkHorus","theDuelist:BackupSoldier","theDuelist:GalaxyTyranno+1","theDuelist:MadFlameKaiju+1","theDuelist:CyberneticOverflow+1"],"picked":"SKIP","floor":36},{"not_picked":["theDuelist:BusterBlader+1","theDuelist:VeilDarkness","theDuelist:CoralDragon","theDuelist:BlacklandFireDragon+1"],"picked":"theDuelist:GenesisDragon+1","floor":37},{"not_picked":["theDuelist:MirageDragon","theDuelist:LesserDragon+1","theDuelist:DarkHorus+1","theDuelist:CyberDinosaur+1","theDuelist:FiendSkull"],"picked":"SKIP","floor":39}],"player_experience":528240,"relics_obtained":[{"floor":7,"key":"hubris:SlimyHat"},{"floor":9,"key":"Replay:Ringing Soul"},{"floor":10,"key":"ReplayTheSpireMod:Ninjato"},{"floor":13,"key":"infinitespire:Lucky Rock"},{"floor":23,"key":"War Paint"},{"floor":26,"key":"Bag of Preparation"},{"floor":27,"key":"Matryoshka"},{"floor":37,"key":"Unceasing Top"},{"floor":37,"key":"infinitespire:Golems Mask"},{"floor":37,"key":"Ginger"}],"event_choices":[{"damage_healed":0,"gold_gain":0,"player_choice":"Success","damage_taken":3,"relics_obtained":["Replay:Mystery Machine"],"max_hp_gain":0,"max_hp_loss":0,"event_name":"Scrap Ooze","floor":4,"gold_loss":0},{"damage_healed":0,"gold_gain":0,"player_choice":"Leave","duelist":true,"damage_taken":0,"max_hp_gain":0,"max_hp_loss":0,"event_name":"Tomb of the Nameless","floor":12,"gold_loss":0},{"damage_healed":0,"gold_gain":0,"player_choice":"Leave","duelist":true,"damage_taken":0,"max_hp_gain":0,"max_hp_loss":0,"event_name":"Relic Duplicator","floor":20,"gold_loss":0},{"power_reward":2,"total_magic_score":75,"gold_gain":0,"duelist":true,"damage_taken":0,"relics_obtained":["theDuelist:NamelessPowerRelicA"],"points":2,"max_hp_gain":0,"max_hp_loss":0,"spent_points":{"magic":0,"greed":0,"war":0,"power":2,"hunger":0},"event_name":"Nameless Tomb","floor":21,"gold_loss":30,"cards_obtained":[]},{"damage_healed":0,"gold_gain":0,"player_choice":"Trade","damage_taken":0,"relics_obtained":["CultistMask"],"max_hp_gain":0,"max_hp_loss":0,"event_name":"FaceTrader","floor":22,"gold_loss":0},{"damage_healed":0,"gold_gain":0,"player_choice":"Fight","duelist":true,"damage_taken":0,"max_hp_gain":0,"max_hp_loss":0,"event_name":"Battle City","floor":37,"gold_loss":0},{"damage_healed":0,"gold_gain":0,"player_choice":"Took item - Received: Millennium Symbol","duelist":true,"damage_taken":0,"max_hp_gain":0,"max_hp_loss":0,"event_name":"Millennium Items","floor":38,"gold_loss":0}],"is_beta":false,"boss_relics":[{"not_picked":["Mark of Pain","hubris:GrandSneckoEye","infinitespire:Burning Sword"]},{"not_picked":["Replay:Bronze Core","theDuelist:ElectricKey"],"picked":"Runic Cube"}],"items_purged_floors":[11,28],"is_endless":false,"potions_floor_spawned":[2,5,7,14,18,24,27,31,36,39],"killed_by":"Nightmare","ascension_level":1}}