{"host":"j4g6ia6asvpyu2b0","time":1609934641,"event":{"mods":["BaseMod","Colored Map","Minty Spire (QoL Compilation)","Permanent Neow","Quick Restart","Relic Stats","StSLib","Unceasing Turn Reminder"],"gold_per_floor":[118,136,151,170,170,199,209,209,209],"floor_reached":8,"playtime":244,"items_purged":[],"score":63,"play_id":"c0cf0204-8113-403c-a87c-163e393ea839","local_time":"20210106050401","is_ascension_mode":true,"campfire_choices":[],"circlet_count":0,"master_deck":["Strike_P","Strike_P","Strike_P","Strike_P","Defend_P","Defend_P","Defend_P","Defend_P","Eruption+1","Vigilance","EmptyFist","CutThroughFate","Prostrate","InnerPeace","Worship"],"relics":["Busted Crown","Centennial Puzzle"],"acts_visited":["Exordium"],"potions_floor_usage":[],"damage_taken":[{"damage":2.0,"enemies":"2 Louse","floor":1.0,"turns":2.0},{"damage":0.0,"enemies":"Cultist","floor":2.0,"turns":3.0},{"damage":0.0,"enemies":"Jaw Worm","floor":3.0,"turns":2.0},{"damage":0.0,"enemies":"Exordium Thugs","floor":4.0,"turns":4.0},{"damage":5.0,"enemies":"Lagavulin","floor":6.0,"turns":7.0},{"damage":1.0,"enemies":"Large Slime","floor":7.0,"turns":4.0},{"damage":0,"enemies":"Gremlin Nob","floor":8,"turns":1}],"seed_played":"-7655561404330130424","potions_obtained":[{"floor":1.0,"key":"Energy Potion"},{"floor":4.0,"key":"Dexterity Potion"},{"floor":7.0,"key":"LiquidBronze"}],"is_trial":false,"path_per_floor":["M","M","M","M","?","E","M","E"],"character_chosen":"WATCHER","items_purchased":[],"campfire_rested":0,"item_purchase_floors":[],"current_hp_per_floor":[70,70,70,70,70,65,64,64,64],"gold":209,"neow_bonus":"BOSS_RELIC","is_daily":false,"chose_seed":false,"campfire_upgraded":0,"win_rate":0.0,"timestamp":1609934641,"path_taken":["M","M","M","M","?","E","?","E"],"items_purchased_type":[],"build_version":"2020-12-22","purchased_purges":0,"victory":false,"max_hp_per_floor":[72,72,72,72,72,72,72,72,72],"relic_stats":{"Centennial Puzzle":[3],"Busted Crown":12,"counters":[7,23],"obtain_stats":[{"Centennial Puzzle":6,"Busted Crown":0,"PureWater":0},{"Centennial Puzzle":5,"Busted Crown":0,"PureWater":0},{"Centennial Puzzle":18,"Busted Crown":0,"PureWater":0}]},"card_choices":[{"not_picked":[],"picked":"EmptyFist","floor":1.0},{"not_picked":[],"picked":"CutThroughFate","floor":2.0},{"not_picked":[],"picked":"Prostrate","floor":3.0},{"not_picked":[],"picked":"InnerPeace","floor":4.0},{"not_picked":["InnerPeace"],"picked":"SKIP","floor":6.0},{"not_picked":[],"picked":"Worship","floor":7.0}],"player_experience":728964,"relics_obtained":[{"floor":6.0,"key":"Centennial Puzzle"}],"event_choices":[{"damage_healed":0.0,"max_hp_gain":0.0,"max_hp_loss":0.0,"gold_gain":0.0,"event_name":"Upgrade Shrine","player_choice":"Upgraded","floor":5.0,"gold_loss":0.0,"damage_taken":0.0,"cards_upgraded":["Eruption"]}],"is_beta":false,"boss_relics":[],"items_purged_floors":[],"is_endless":false,"potions_floor_spawned":[1,4,7],"killed_by":"Gremlin Nob","ascension_level":1}}