{"host":"mgc7o2tpy0ck407l","time":1609915322,"event":{"mods":["Alarm Clock","AlwaysNeverKeys","BaseMod","Better Altar","Better Match","Better Note","Better Sensory Stone","Better Skull","Better Third Choice","Better Vampires","Block Reminder","Booster Modes","Challenge The Spire","Colored Map","Colored Powertips","Disable Question Mark Monsters","Displayed Cursed Tome","Emptier Cage","Energized Spire","Evolution","Infinite Spire","Minty Spire (QoL Compilation)","Permanent Neow","Quick Restart","Rare Cards Sparkle","Reorder Act Four","Spicy Shops","StSLib","SuperFastMode","Transform Curses","Unceasing Turn Reminder"],"gold_per_floor":[109,31,31,42,57,89,99,99,99,99,124,142,142,222,222,323,323,342,77,77,95,112,112,147,147,172,207,207,207,54,54,54,149,149,164,164,8,24,39,39,67,82,82,82,82],"floor_reached":44,"playtime":1242,"items_purged":["Strike_B"],"score":508,"play_id":"31977db8-4856-4f0f-b16d-490f0a8375d0","local_time":"20210106014202","is_ascension_mode":true,"campfire_choices":[{"data":"Storm","floor":8.0,"key":"SMITH"},{"data":"Go for the Eyes","floor":10.0,"key":"SMITH"},{"data":"Capacitor","floor":15.0,"key":"SMITH"},{"data":"Creative AI","floor":23.0,"key":"SMITH"},{"data":"Redo","floor":25.0,"key":"SMITH"},{"data":"Seek","floor":29.0,"key":"SMITH"},{"data":"Defragment","floor":32.0,"key":"SMITH"}],"circlet_count":0,"master_deck":["Defend_B","Defend_B","Defend_B","Defend_B","Zap","Dualcast","Redo+1","Leap","Storm+1","Go for the Eyes+1","Electrodynamics","Lockon","Capacitor+1","Capacitor","Creative AI+1","Go for the Eyes","Loop","Machine Learning","Seek+1","Defragment+1","Finesse","Machine Learning","Consume","Self Repair","Consume","Buffer","Barrage+1"],"relics":["Cracked Core","EVO:Axolotl","Bronze Scales","Question Card","StrikeDummy","Thread and Needle","Pear","SlaversCollar","Bottled Lightning","PreservedInsect","Akabeko","TungstenRod","Du-Vu Doll","Inserter","Regal Pillow","Ginger","infinitespire:Eraser"],"acts_visited":["Exordium","TheCity","TheBeyond"],"potions_floor_usage":[],"damage_taken":[{"damage":0.0,"enemies":"Cultist","floor":1.0,"turns":3.0},{"damage":2.0,"enemies":"Small Slimes","floor":4.0,"turns":4.0},{"damage":3.0,"enemies":"Jaw Worm","floor":5.0,"turns":3.0},{"damage":15.0,"enemies":"Gremlin Nob","floor":6.0,"turns":4.0},{"damage":0.0,"enemies":"3 Louse","floor":7.0,"turns":1.0},{"damage":12.0,"enemies":"Lagavulin","floor":11.0,"turns":7.0},{"damage":10.0,"enemies":"Looter","floor":12.0,"turns":3.0},{"damage":21.0,"enemies":"Hexaghost","floor":16.0,"turns":7.0},{"damage":0.0,"enemies":"3 Byrds","floor":18.0,"turns":1.0},{"damage":18.0,"enemies":"Spheric Guardian","floor":21.0,"turns":4.0},{"damage":13.0,"enemies":"Snecko","floor":22.0,"turns":5.0},{"damage":19.0,"enemies":"Book of Stabbing","floor":24.0,"turns":4.0},{"damage":3.0,"enemies":"Slavers","floor":27.0,"turns":1.0},{"damage":11.0,"enemies":"Champ","floor":33.0,"turns":5.0},{"damage":10.0,"enemies":"Orb Walker","floor":35.0,"turns":4.0},{"damage":18.0,"enemies":"3 Shapes","floor":38.0,"turns":3.0},{"damage":19.0,"enemies":"Jaw Worm Horde","floor":39.0,"turns":3.0},{"damage":36.0,"enemies":"Nemesis","floor":41.0,"turns":5.0},{"damage":7.0,"enemies":"Maw","floor":42.0,"turns":6.0},{"damage":0,"enemies":"3 Darklings","floor":44,"turns":1}],"seed_played":"4942059438976341693","potions_obtained":[{"floor":4.0,"key":"Weak Potion"},{"floor":5.0,"key":"ColorlessPotion"},{"floor":12.0,"key":"Strength Potion"},{"floor":21.0,"key":"BlessingOfTheForge"},{"floor":22.0,"key":"PotionOfCapacity"},{"floor":39.0,"key":"Ancient Potion"}],"is_trial":false,"path_per_floor":["M","$","?","M","M","E","M","R","T","R","E","M","?","T","R","B",null,"M","$","?","M","M","R","E","R","T","E","AVR","R","$","?","R","B",null,"M","?","$","M","M","$","E","M","T","M"],"character_chosen":"DEFECT","items_purchased":["Storm","Loop","Bottled Lightning","Defragment","Finesse","Self Repair","Regal Pillow"],"campfire_rested":0,"item_purchase_floors":[2,19,19,30,30,37,37],"current_hp_per_floor":[75,75,75,73,70,55,55,55,55,55,43,33,33,43,43,22,85,85,85,85,67,54,54,35,35,35,32,32,32,32,32,32,21,85,75,75,75,57,38,38,12,5,5,5,5],"gold":82,"neow_bonus":"THREE_CARDS","is_daily":false,"chose_seed":false,"campfire_upgraded":7,"win_rate":0.0,"timestamp":1609915322,"path_taken":["M","$","?","M","M","E","M","R","T","R","E","?","?","?","R","BOSS","M","$","?","M","M","R","E","R","T","E","AVR","R","$","?","R","BOSS","M","?","?","M","M","$","E","M","T","M"],"items_purchased_type":["Card","Card","Relic","Card","Card","Card","Relic"],"build_version":"2020-12-22","purchased_purges":1,"victory":false,"max_hp_per_floor":[75,75,75,75,75,75,75,75,75,75,75,75,75,85,85,85,85,85,85,85,85,85,85,85,85,85,85,85,85,85,85,85,85,85,85,85,85,85,85,85,85,85,85,85,85],"card_choices":[{"not_picked":["Turbo","Melter"],"picked":"Redo","floor":0.0},{"not_picked":["Beam Cell","Streamline"],"picked":"Leap","floor":1.0},{"not_picked":["Stack","Streamline"],"picked":"Go for the Eyes","floor":4.0},{"not_picked":["Sweeping Beam","Barrage"],"picked":"Electrodynamics","floor":5.0},{"not_picked":["Cold Snap","Chaos"],"picked":"Lockon","floor":6.0},{"not_picked":["Coolheaded","Gash","Streamline"],"picked":"SKIP","floor":7.0},{"not_picked":["Hello World","Go for the Eyes","Barrage"],"picked":"Capacitor","floor":11.0},{"not_picked":["All For One","Reinforced Body","Sweeping Beam"],"picked":"Capacitor","floor":12.0},{"not_picked":["Seek","Reboot","Machine Learning"],"picked":"Creative AI","floor":16.0},{"not_picked":["Streamline","Scrape+1","Conserve Battery"],"picked":"Go for the Eyes","floor":18.0},{"not_picked":["Compile Driver","Turbo","Rebound","Cold Snap+1"],"picked":"SKIP","floor":21.0},{"not_picked":["Ball Lightning+1","Barrage","Sweeping Beam","Gash"],"picked":"SKIP","floor":22.0},{"not_picked":["Ball Lightning","Stack","Compile Driver"],"picked":"Seek","floor":24.0},{"not_picked":["Turbo","Coolheaded+1","Sweeping Beam","Beam Cell"],"picked":"SKIP","floor":27.0},{"not_picked":["Rainbow","Meteor Strike","All For One"],"picked":"Machine Learning","floor":33.0},{"not_picked":["Reinforced Body+1","Blizzard+1","Steam+1"],"picked":"Consume","floor":35.0},{"not_picked":["Steam+1","Conserve Battery","Recycle","Blizzard+1"],"picked":"SKIP","floor":38.0},{"not_picked":["Sweeping Beam","Fusion+1","Streamline"],"picked":"Consume","floor":39.0},{"not_picked":["FTL","Stack+1","Rebound"],"picked":"Buffer","floor":41.0},{"not_picked":["Rip and Tear","Loop","Leap"],"picked":"Barrage+1","floor":42.0}],"player_experience":737248,"relics_obtained":[{"floor":6.0,"key":"Bronze Scales"},{"floor":9.0,"key":"Question Card"},{"floor":11.0,"key":"StrikeDummy"},{"floor":13.0,"key":"Thread and Needle"},{"floor":14.0,"key":"Pear"},{"floor":24.0,"key":"PreservedInsect"},{"floor":26.0,"key":"Akabeko"},{"floor":27.0,"key":"TungstenRod"},{"floor":41.0,"key":"Ginger"},{"floor":43.0,"key":"infinitespire:Eraser"}],"event_choices":[{"cards_removed":["Strike_B"],"damage_healed":0.0,"max_hp_gain":0.0,"max_hp_loss":0.0,"gold_gain":0.0,"event_name":"Bonfire Elementals","player_choice":"Offered Basic","floor":3.0,"gold_loss":0.0,"damage_taken":0.0},{"damage_healed":0.0,"max_hp_gain":0.0,"max_hp_loss":0.0,"gold_gain":0.0,"cards_transformed":["Strike_B"],"event_name":"Transmorgrifier","player_choice":"Transformed","floor":20.0,"gold_loss":0.0,"damage_taken":0.0,"cards_obtained":["Machine Learning"]},{"cards_removed":["Strike_B"],"damage_healed":0.0,"max_hp_gain":0.0,"max_hp_loss":0.0,"gold_gain":0.0,"event_name":"betterNote:BetterNote","player_choice":"Give","floor":31.0,"gold_loss":0.0,"damage_taken":0.0,"cards_obtained":["Strike_B"]},{"cards_removed":["Strike_B"],"damage_healed":0.0,"max_hp_gain":0.0,"max_hp_loss":0.0,"gold_gain":0.0,"event_name":"Purifier","player_choice":"Purged","floor":36.0,"gold_loss":0.0,"damage_taken":0.0}],"is_beta":false,"boss_relics":[{"not_picked":["energizedSpire:RedRose","Sozu"],"picked":"SlaversCollar"},{"not_picked":["Tiny House","energizedSpire:EnergizedDie"],"picked":"Inserter"}],"items_purged_floors":[19],"is_endless":false,"potions_floor_spawned":[4,5,12,16,21,22,24,33,35,39],"killed_by":"3 Darklings","ascension_level":1}}