{"host":"w4b7hmige5bnqipq","time":1609916964,"event":{"mods":["2.2 Compatiblity","BaseMod","Colored Map","DeckTracker","Keyboard Shortcuts","Minty Spire (QoL Compilation)","Permanent Neow","Rare Cards Sparkle","SuperFastMode","everything is the same but u backflip on backflip","slay the spire mod where everything is the same but ironclad has a cowboy hat"],"gold_per_floor":[117,127,139,150,150,150,183,258,258,258,258],"floor_reached":10,"playtime":300,"items_purged":[],"score":136,"play_id":"a2d82e9f-865f-4ff1-8371-67fba740d376","local_time":"20210106160924","is_ascension_mode":true,"campfire_choices":[{"data":"Apotheosis","floor":6.0,"key":"SMITH"}],"circlet_count":0,"master_deck":["AscendersBane","Strike_G","Strike_G","Strike_G","Strike_G","Defend_G","Defend_G","Defend_G","Defend_G","Defend_G","Survivor","Neutralize","Apotheosis+1","Dagger Throw","Eviscerate","Blade Dance","Bouncing Flask"],"relics":["Ring of the Snake","Torii","Molten Egg 2"],"acts_visited":["Exordium"],"potions_floor_usage":[],"damage_taken":[{"damage":2.0,"enemies":"Small Slimes","floor":1.0,"turns":3.0},{"damage":0.0,"enemies":"2 Louse","floor":2.0,"turns":3.0},{"damage":1.0,"enemies":"Jaw Worm","floor":3.0,"turns":5.0},{"damage":3.0,"enemies":"Large Slime","floor":4.0,"turns":7.0},{"damage":13.0,"enemies":"Lagavulin","floor":7.0,"turns":5.0},{"damage":22,"enemies":"3 Sentries","floor":10,"turns":4}],"seed_played":"-9107936875306371342","potions_obtained":[{"floor":1.0,"key":"AttackPotion"}],"is_trial":false,"path_per_floor":["M","M","M","M","?","R","E","?","T","E"],"character_chosen":"THE_SILENT","items_purchased":[],"campfire_rested":0,"item_purchase_floors":[],"current_hp_per_floor":[42,42,41,38,38,38,25,14,14,0,0],"gold":258,"neow_bonus":"RANDOM_COLORLESS_2","is_daily":false,"chose_seed":false,"campfire_upgraded":1,"win_rate":0.0,"timestamp":1609916964,"path_taken":["M","M","M","M","?","R","E","?","T","E"],"items_purchased_type":[],"build_version":"2020-12-22","purchased_purges":0,"victory":false,"max_hp_per_floor":[66,66,66,66,66,66,66,66,66,66,66],"card_choices":[{"not_picked":["Secret Technique","Panache"],"picked":"Apotheosis","floor":0.0},{"not_picked":["Poisoned Stab","Slice"],"picked":"Dagger Throw","floor":1.0},{"not_picked":["Dodge and Roll","PiercingWail","Choke"],"picked":"SKIP","floor":2.0},{"not_picked":["Riddle With Holes","Acrobatics"],"picked":"Eviscerate","floor":3.0},{"not_picked":["Prepared","Catalyst"],"picked":"Blade Dance","floor":4.0},{"not_picked":["Terror","Bane"],"picked":"Bouncing Flask","floor":7.0}],"player_experience":470875,"relics_obtained":[{"floor":7.0,"key":"Torii"},{"floor":9.0,"key":"Molten Egg 2"}],"event_choices":[{"cards_removed":["Strike_G"],"damage_healed":0.0,"max_hp_gain":0.0,"max_hp_loss":0.0,"gold_gain":0.0,"event_name":"Living Wall","player_choice":"Forget","floor":5.0,"gold_loss":0.0,"damage_taken":0.0},{"damage_healed":0.0,"max_hp_gain":0.0,"max_hp_loss":0.0,"gold_gain":75.0,"event_name":"World of Goop","player_choice":"Gather Gold","floor":8.0,"gold_loss":0.0,"damage_taken":11.0}],"is_beta":false,"boss_relics":[],"items_purged_floors":[],"is_endless":false,"potions_floor_spawned":[1],"killed_by":"3 Sentries","ascension_level":20}}