{"host":"g01l53quoe6lrer0","time":1609926955,"event":{"mods":["2.2 Compatiblity","AchievementEnabler","BaseMod","Colored Map","Highlight Path","Keyboard Shortcuts","Minty Spire (QoL Compilation)","Permanent Neow","Quick Restart","StSLib","SuperFastMode","everything is the same but u backflip on backflip"],"gold_per_floor":[132,132,169,229,229,229,263,338,362,440,440,494,494,533,533,629,629,672,229,328,338,12,12,62,62,89,155,155,219,261,261,261,358,358,375,375,250,250,315,315,315,315,315,367,440,506,143,143,143,143],"floor_reached":51,"playtime":1943,"items_purged":["Strike_B","Strike_B","Strike_B","Defend_B"],"score":901,"play_id":"ac92617c-66da-4709-b145-1310dd2b243e","local_time":"20210106185555","is_ascension_mode":true,"campfire_choices":[{"data":"Beam Cell","floor":6.0,"key":"SMITH"},{"floor":11.0,"key":"REST"},{"data":"Zap","floor":13.0,"key":"SMITH"},{"data":"Blizzard","floor":15.0,"key":"SMITH"},{"data":"Defragment","floor":23.0,"key":"SMITH"},{"floor":25.0,"key":"REST"},{"floor":32,"key":"REST"},{"data":"Hologram","floor":40,"key":"SMITH"},{"floor":42,"key":"REST"},{"floor":49,"key":"REST"}],"circlet_count":0,"master_deck":["Defend_B","Defend_B","Defend_B","Zap+1","Dualcast","HandOfGreed+1","Beam Cell+1","Glacier","Cold Snap","Leap","Blizzard+1","Seek","Hologram+1","Loop","Defragment+1","Fusion+1","Blizzard+1","Defragment+1","Core Surge","Cold Snap+1","Redo+1","Rebound+1","Creative AI","Chill","Loop+1","Leap+1","Transmutation"],"relics":["Cracked Core","Centennial Puzzle","Orichalcum","Ice Cream","Ancient Tea Set","Empty Cage","Emotion Chip","DataDisk","Girya","Strawberry","Sozu","MawBank","Potion Belt","Orrery"],"acts_visited":["Exordium","TheCity","TheBeyond"],"potions_floor_usage":[50,50],"damage_taken":[{"damage":2.0,"enemies":"Jaw Worm","floor":1.0,"turns":3.0},{"damage":12.0,"enemies":"Small Slimes","floor":3.0,"turns":2.0},{"damage":1.0,"enemies":"2 Louse","floor":4.0,"turns":4.0},{"damage":17.0,"enemies":"Lagavulin","floor":7.0,"turns":6.0},{"damage":7.0,"enemies":"3 Sentries","floor":10.0,"turns":6.0},{"damage":1.0,"enemies":"Gremlin Nob","floor":12.0,"turns":3.0},{"damage":0.0,"enemies":"Looter","floor":14.0,"turns":3.0},{"damage":7.0,"enemies":"The Guardian","floor":16.0,"turns":12.0},{"damage":3.0,"enemies":"Shell Parasite","floor":18.0,"turns":5.0},{"damage":8.0,"enemies":"Spheric Guardian","floor":21.0,"turns":4.0},{"damage":29.0,"enemies":"Gremlin Leader","floor":24.0,"turns":8.0},{"damage":0.0,"enemies":"Cultist and Chosen","floor":27.0,"turns":6.0},{"damage":15.0,"enemies":"Sentry and Sphere","floor":29.0,"turns":9.0},{"damage":2.0,"enemies":"3 Cultists","floor":30.0,"turns":6.0},{"damage":15,"enemies":"Collector","floor":33,"turns":14},{"damage":16,"enemies":"3 Darklings","floor":35,"turns":7},{"damage":10,"enemies":"3 Shapes","floor":39,"turns":7},{"damage":0,"enemies":"Sphere and 2 Shapes","floor":44,"turns":4},{"damage":16,"enemies":"Jaw Worm Horde","floor":45,"turns":5},{"damage":16,"enemies":"Nemesis","floor":46,"turns":9},{"damage":49,"enemies":"Time Eater","floor":50,"turns":11}],"seed_played":"-4405801041307692799","potions_obtained":[{"floor":1.0,"key":"Weak Potion"},{"floor":3.0,"key":"ColorlessPotion"},{"floor":4.0,"key":"FairyPotion"},{"floor":12.0,"key":"Energy Potion"},{"floor":16.0,"key":"Energy Potion"}],"is_trial":false,"path_per_floor":["M","?","M","M","?","R","E","?","T","E","R","E","R","M","R","B",null,"M","$","?","M","$","R","E","R","T","M","?","M","M","?","R","B",null,"M","?","$","?","M","R","?","R","T","M","M","E","$","?","R","B",null],"character_chosen":"DEFECT","items_purchased":["Emotion Chip","Hologram","DataDisk","Defragment","Chill","Orrery"],"campfire_rested":5,"item_purchase_floors":[19,19,22,22,47,47],"current_hp_per_floor":[73,73,61,60,60,60,43,32,32,25,47,46,46,46,46,39,66,63,63,63,55,55,55,26,48,55,55,55,40,38,38,62,47,73,57,57,57,57,47,47,47,71,71,71,55,39,39,39,63,14],"gold":143,"neow_bonus":"RANDOM_COLORLESS_2","is_daily":false,"chose_seed":false,"campfire_upgraded":5,"win_rate":0.0,"timestamp":1609926955,"path_taken":["M","?","M","M","?","R","E","?","T","E","R","E","R","M","R","BOSS","M","$","?","M","$","R","E","R","T","M","?","?","M","?","R","BOSS","M","?","$","?","M","R","?","R","T","?","M","E","$","?","R","BOSS"],"items_purchased_type":["Relic","Card","Relic","Card","Card","Relic"],"build_version":"2020-12-22","purchased_purges":4,"victory":true,"max_hp_per_floor":[75,75,75,75,75,75,75,75,75,75,75,75,75,75,75,75,75,75,75,75,75,75,75,75,75,82,82,82,82,82,82,82,82,82,82,82,82,82,82,82,82,82,82,82,82,82,82,82,82,82],"card_choices":[{"not_picked":["Thinking Ahead","Chrysalis"],"picked":"HandOfGreed","floor":0.0},{"not_picked":["Force Field","Go for the Eyes"],"picked":"Beam Cell","floor":1.0},{"not_picked":["Rip and Tear","Ball Lightning"],"picked":"Glacier","floor":3.0},{"not_picked":["Leap","Lockon"],"picked":"Cold Snap","floor":4.0},{"not_picked":["FTL","Biased Cognition"],"picked":"Leap","floor":7.0},{"not_picked":["Cold Snap","Fusion","Beam Cell"],"picked":"SKIP","floor":10.0},{"not_picked":["Redo","Reprogram","Gash"],"picked":"SKIP","floor":12.0},{"not_picked":["FTL","Streamline"],"picked":"Blizzard","floor":14.0},{"not_picked":["Biased Cognition","Reboot"],"picked":"Seek","floor":16.0},{"not_picked":["Turbo","Sweeping Beam","Force Field"],"picked":"SKIP","floor":18.0},{"not_picked":["Turbo","Redo"],"picked":"Loop","floor":21.0},{"not_picked":["Hyperbeam","Beam Cell","Hello World+1"],"picked":"SKIP","floor":24.0},{"not_picked":["Redo","Go for the Eyes+1"],"picked":"Fusion+1","floor":27.0},{"not_picked":["Cold Snap","Turbo+1"],"picked":"Blizzard","floor":29.0},{"not_picked":["Darkness","Reprogram"],"picked":"Defragment+1","floor":30.0},{"not_picked":["Thunder Strike","Electrodynamics"],"picked":"Core Surge","floor":33},{"not_picked":["Leap","Gash+1"],"picked":"Cold Snap+1","floor":35},{"not_picked":["Undo","Hello World+1"],"picked":"Redo+1","floor":39},{"not_picked":["Rip and Tear","Turbo","Fusion+1"],"picked":"SKIP","floor":44},{"not_picked":["Heatsinks+1","Stack"],"picked":"Rebound+1","floor":45},{"not_picked":["Conserve Battery+1","Turbo+1"],"picked":"Creative AI","floor":46},{"not_picked":["Steam","Auto Shields+1"],"picked":"Loop+1","floor":47},{"not_picked":["Hyperbeam","Stack"],"picked":"Leap+1","floor":47},{"not_picked":["Secret Weapon","Deep Breath"],"picked":"Transmutation","floor":48}],"player_experience":48285,"relics_obtained":[{"floor":7.0,"key":"Centennial Puzzle"},{"floor":9.0,"key":"Orichalcum"},{"floor":10.0,"key":"Ice Cream"},{"floor":12.0,"key":"Ancient Tea Set"},{"floor":24.0,"key":"Girya"},{"floor":26.0,"key":"Strawberry"},{"floor":43,"key":"MawBank"},{"floor":46,"key":"Potion Belt"}],"event_choices":[{"damage_healed":0.0,"max_hp_gain":0.0,"max_hp_loss":0.0,"gold_gain":0.0,"event_name":"Scrap Ooze","player_choice":"Fled","floor":2.0,"gold_loss":0.0,"damage_taken":0.0},{"damage_healed":0.0,"max_hp_gain":0.0,"max_hp_loss":0.0,"gold_gain":0.0,"event_name":"Living Wall","player_choice":"Grow","floor":5.0,"gold_loss":0.0,"damage_taken":0.0,"cards_upgraded":["HandOfGreed"]},{"damage_healed":0.0,"max_hp_gain":0.0,"max_hp_loss":0.0,"gold_gain":75.0,"event_name":"World of Goop","player_choice":"Gather Gold","floor":8.0,"gold_loss":0.0,"damage_taken":11.0},{"damage_healed":0.0,"max_hp_gain":0.0,"max_hp_loss":0.0,"gold_gain":99.0,"event_name":"Nest","player_choice":"Stole From Cult","floor":20.0,"gold_loss":0.0,"damage_taken":0.0},{"damage_healed":0.0,"max_hp_gain":0.0,"max_hp_loss":0.0,"gold_gain":0.0,"event_name":"Match and Keep!","player_choice":"0 cards matched","floor":28.0,"gold_loss":0.0,"damage_taken":0.0,"cards_obtained":[]},{"damage_healed":0,"gold_gain":0,"player_choice":"Ignored","damage_taken":0,"max_hp_gain":0,"max_hp_loss":0,"event_name":"Cursed Tome","floor":31,"gold_loss":0},{"damage_healed":0,"gold_gain":0,"player_choice":"Ignored","damage_taken":0,"max_hp_gain":0,"max_hp_loss":0,"event_name":"Mysterious Sphere","floor":36,"gold_loss":0},{"damage_healed":0,"gold_gain":0,"player_choice":"Ignored","damage_taken":0,"max_hp_gain":0,"max_hp_loss":0,"event_name":"Tomb of Lord Red Mask","floor":38,"gold_loss":0},{"damage_healed":0,"gold_gain":0,"player_choice":"Upgraded","damage_taken":0,"max_hp_gain":0,"max_hp_loss":0,"event_name":"Upgrade Shrine","floor":41,"gold_loss":0,"cards_upgraded":["Blizzard"]},{"damage_healed":0,"gold_gain":0,"player_choice":"Memory 1","damage_taken":0,"max_hp_gain":0,"max_hp_loss":0,"event_name":"SensoryStone","floor":48,"gold_loss":0}],"is_beta":false,"boss_relics":[{"not_picked":["Runic Dome","Cursed Key"],"picked":"Empty Cage"},{"not_picked":["Pandora\u0027s Box","FrozenCore"],"picked":"Sozu"}],"items_purged_floors":[19,22,37,47],"is_endless":false,"potions_floor_spawned":[1,3,4,12,16,18,30,44],"ascension_level":5}}