{"host":"ox77rn1xcurm2t5a","time":1609973046,"event":{"mods":["2.2 Compatiblity","AchievementEnabler","Act Like it!","Aspiration","BaseMod","Best Route Mod","Better Match","Better Note","Better Sensory Stone","Block Reminder","Colored Map","Colored Powertips","Conjunction","Conspire","Custom Start","Energized Spire","GifTheSpireLib","Gold Saver","Gremlin Skip","Halation","Highlight Path","Hubris","Infinite Spire","Minty Spire (QoL Compilation)","Pale of the Ancients","Quick Restart","Replay The Spire","Reworked Bosses","ShortenTheSpire","Spire Exporter","StSLib","Stuff the Spire","Wandering Minibosses","vexMod"],"gold_per_floor":[116,116,116,129,54,54,72,101,124,124,141,141,167,167,167,262,262,282,282,282,292,306,306,306],"floor_reached":23,"playtime":579,"items_purged":["Strike_B","Strike_B"],"score":318,"play_id":"080e3aac-9c17-4bca-9cb3-2c383963913b","local_time":"20210107004406","is_ascension_mode":true,"campfire_choices":[{"data":"Zap","floor":6,"key":"SMITH"},{"floor":10,"key":"REST"},{"floor":15,"key":"RECALL"}],"circlet_count":0,"master_deck":["AscendersBane","Strike_B","Strike_B","Defend_B","Defend_B","Defend_B","Defend_B","Zap+1","Dualcast","Capacitor","White Noise","Ball Lightning","Machine Learning","Gash+1","infinitespire:Collect"],"relics":["Cracked Core","NeowsBlessing","conspire:GiftBox","Orichalcum","HornCleat","StuffTheSpire:RunicConfusion","hubris:MysteriousPyramids"],"acts_visited":["Exordium","TheCity"],"potions_floor_usage":[8,16,22,23],"damage_taken":[{"damage":0.0,"enemies":"2 Louse","floor":1.0,"turns":1.0},{"damage":0.0,"enemies":"Small Slimes","floor":4.0,"turns":1.0},{"damage":0,"enemies":"Jaw Worm","floor":7,"turns":1},{"damage":45,"enemies":"Gremlin Nob","floor":8,"turns":4},{"damage":4,"enemies":"2 Fungi Beasts","floor":11,"turns":3},{"damage":26,"enemies":"3 Sentries","floor":13,"turns":6},{"damage":50,"enemies":"The Guardian","floor":16,"turns":12},{"damage":32,"enemies":"3 Byrds","floor":18,"turns":5},{"damage":0,"enemies":"Spheric Guardian","floor":21,"turns":3},{"damage":9,"enemies":"Snake Plant","floor":22,"turns":4},{"damage":31,"enemies":"Book of Stabbing","floor":23,"turns":4}],"seed_played":"-2645523417342495924","potions_obtained":[{"floor":1.0,"key":"Milkshake"},{"floor":4.0,"key":"FearPotion"},{"floor":13,"key":"SpeedPotion"},{"floor":21,"key":"Block Potion"},{"floor":22,"key":"FocusPotion"}],"is_trial":false,"path_per_floor":["M","?","?","M","$","R","M","E","T","R","M","?","E","?","R","B",null,"M","T","AVR","M","M","E"],"character_chosen":"DEFECT","items_purchased":[],"campfire_rested":1,"item_purchase_floors":[],"current_hp_per_floor":[68,73,73,73,73,73,73,28,28,52,48,48,22,80,80,30,68,36,36,36,36,27,0,0],"gold":306,"neow_bonus":"THREE_ENEMY_KILL","is_daily":false,"chose_seed":false,"campfire_upgraded":1,"win_rate":0.0,"timestamp":1609973046,"path_taken":["M","?","?","?","$","R","M","E","T","R","M","?","E","?","R","BOSS","M","?","AVR","?","M","E"],"items_purchased_type":[],"build_version":"2020-12-22","purchased_purges":2,"victory":false,"max_hp_per_floor":[75,80,80,80,80,80,80,80,80,80,80,80,80,80,80,80,80,80,80,80,80,80,80,80],"card_choices":[{"not_picked":["ReplayTheSpireMod:Dual Polarity","Go for the Eyes"],"picked":"Capacitor","floor":1.0},{"not_picked":["BootSequence","hubris:PowerSurge","Conserve Battery"],"picked":"SKIP","floor":4.0},{"not_picked":["aspiration:Polymerization","BasicCrystalCard"],"picked":"White Noise","floor":7},{"not_picked":["BasicCrystalCard","Streamline"],"picked":"Ball Lightning","floor":8},{"not_picked":["Double Energy","Seek","Go for the Eyes"],"picked":"SKIP","floor":11},{"not_picked":["aspiration:Polymerization","Steam","Time Bomb"],"picked":"SKIP","floor":13},{"not_picked":["Meteor Strike","Seek"],"picked":"Machine Learning","floor":16},{"not_picked":["ReplaySolidLightProjector","Heatsinks"],"picked":"Gash+1","floor":18},{"not_picked":["aspiration:Polymerization","Redo","Self Repair"],"picked":"SKIP","floor":21},{"not_picked":["Crystallizer","Rebound","Beam Cell"],"picked":"SKIP","floor":22}],"player_experience":2946175,"relics_obtained":[{"floor":8,"key":"conspire:GiftBox"},{"floor":9,"key":"Orichalcum"},{"floor":13,"key":"HornCleat"}],"event_choices":[{"damage_healed":0.0,"max_hp_gain":5.0,"max_hp_loss":0.0,"gold_gain":0.0,"event_name":"Big Fish","player_choice":"Donut","floor":2.0,"gold_loss":0.0,"damage_taken":0.0},{"damage_healed":58,"gold_gain":0,"player_choice":"Full Heal","damage_taken":0,"max_hp_gain":0,"max_hp_loss":0,"event_name":"Wheel of Change","floor":14,"gold_loss":0}],"is_beta":false,"boss_relics":[{"not_picked":["hubris:CrackedHourglass","halation:MonkeysPaw"],"picked":"StuffTheSpire:RunicConfusion"}],"items_purged_floors":[5,20],"is_endless":false,"potions_floor_spawned":[1,4,7,13,21,22],"killed_by":"Book of Stabbing","ascension_level":12}}