{"host":"h4lp0eeso8a0ssq0","time":1609923757,"event":{"mods":["2.2 Compatiblity","AchievementEnabler","BaseMod","CapriCore","Colored Map","Minty Spire (QoL Compilation)","StSLib","SuperFastMode","The Dragon Tamer"],"gold_per_floor":[118,118,134,152,102,102,85,101,101,101,125,164,179,36,36,166,166,191,391,391,391,391,391,391,391,391],"floor_reached":24,"playtime":1227,"items_purged":["DTMod:Strike"],"score":271,"play_id":"7bacb540-7955-4c4d-9ebc-85e2e8897224","local_time":"20210106180237","is_ascension_mode":false,"metric_token":607,"campfire_choices":[{"data":"DTMod:DoubleHit","floor":6.0,"key":"SMITH"},{"data":"DTMod:CleansingStrike","floor":15,"key":"SMITH"},{"data":"DTMod:ForkedFire","floor":23,"key":"SMITH"}],"dtmod_dragon_data":[20,50,1,-1,12,0],"circlet_count":0,"master_deck":["DTMod:Strike+1","DTMod:DoubleHit+1","DTMod:TargetDefense","DTMod:TargetDefense","DTMod:TargetDefense","DTMod:SwitchingTactic","DTMod:Cover","DTMod:QuickFly+1","DTMod:CalculatedDefense","DTMod:ForkedFire+1","DTMod:MaximumCharge","DTMod:HeatWave","DTMod:BurningEnergy","DTMod:CleansingStrike+1","DTMod:Dissolve","DTMod:LightShield","CurseOfTheBell","DTMod:BurningEnergy+1","DTMod:CalculatedDefense","DTMod:Multitask"],"relics":["DTMod:PactStone","Golden Idol","Whetstone","Juzu Bracelet","Calling Bell","Lantern","Gremlin Horn","Mango"],"acts_visited":["Exordium","TheCity"],"potions_floor_usage":[24],"damage_taken":[{"damage":0.0,"enemies":"2 Louse","floor":1.0,"turns":2.0},{"damage":1.0,"enemies":"Jaw Worm","floor":3.0,"turns":4.0},{"damage":0.0,"enemies":"Cultist","floor":4.0,"turns":4.0},{"damage":0.0,"enemies":"Exordium Thugs","floor":7.0,"turns":4.0},{"damage":0.0,"enemies":"Blue Slaver","floor":8.0,"turns":3.0},{"damage":0.0,"enemies":"Gremlin Gang","floor":11.0,"turns":4.0},{"damage":5.0,"enemies":"3 Sentries","floor":12.0,"turns":7.0},{"damage":0,"enemies":"Red Slaver","floor":13,"turns":5},{"damage":0,"enemies":"Slime Boss","floor":16,"turns":9},{"damage":0,"enemies":"3 Byrds","floor":18,"turns":4},{"damage":4,"enemies":"Book of Stabbing","floor":24,"turns":6}],"seed_played":"-7785226339852300324","potions_obtained":[{"floor":1.0,"key":"EssenceOfSteel"},{"floor":4.0,"key":"BlessingOfTheForge"},{"floor":10.0,"key":"PowerPotion"},{"floor":10.0,"key":"AttackPotion"},{"floor":10.0,"key":"SmokeBomb"}],"is_trial":false,"path_per_floor":["M","?","M","M","?","R","M","M","T","?","M","E","M","$","R","B",null,"M","?","?","?","?","R","E"],"character_chosen":"THE_DT","items_purchased":["DTMod:Dissolve"],"campfire_rested":0,"item_purchase_floors":[14],"current_hp_per_floor":[49,46,45,45,45,45,45,45,45,45,45,40,40,40,40,40,60,60,60,60,60,60,60,56,56,56],"gold":391,"neow_bonus":"TEN_PERCENT_HP_BONUS","is_daily":false,"chose_seed":false,"campfire_upgraded":3,"win_rate":0.0,"timestamp":1609923757,"path_taken":["M","?","M","M","?","R","M","?","T","?","M","E","M","$","R","BOSS","M","?","?","?","?","R","E"],"items_purchased_type":["Card"],"build_version":"2020-12-22","purchased_purges":1,"victory":false,"max_hp_per_floor":[49,46,46,46,46,46,46,46,46,46,46,46,46,46,46,46,60,60,60,60,60,60,60,60,60,60],"card_choices":[{"not_picked":["DTMod:MagicField","DTMod:BlazingStrike"],"picked":"DTMod:Cover","floor":1.0},{"not_picked":["DTMod:Feint","DTMod:Training"],"picked":"DTMod:QuickFly","floor":3.0},{"not_picked":["DTMod:BizarreTactic","DTMod:Adaptation"],"picked":"DTMod:CalculatedDefense","floor":4.0},{"not_picked":["DTMod:BuildUp","DTMod:CleansingStrike"],"picked":"DTMod:ForkedFire","floor":7.0},{"not_picked":["DTMod:FlameSlash","DTMod:WarmUp"],"picked":"DTMod:MaximumCharge","floor":8.0},{"not_picked":["DTMod:PurifyingFlame","DTMod:FlameSlash"],"picked":"DTMod:HeatWave","floor":11.0},{"not_picked":["DTMod:DragonDance","DTMod:Coolant"],"picked":"DTMod:BurningEnergy","floor":12.0},{"not_picked":["DTMod:BuildUp","DTMod:MasterPlan"],"picked":"DTMod:CleansingStrike","floor":13},{"not_picked":["DTMod:FierySynthesis","DTMod:Harmonize"],"picked":"DTMod:LightShield","floor":16},{"not_picked":["DTMod:StunTrap","DTMod:QuickFly+1"],"picked":"DTMod:BurningEnergy+1","floor":18}],"player_experience":81542,"relics_obtained":[{"floor":9.0,"key":"Whetstone"},{"floor":12.0,"key":"Juzu Bracelet"},{"floor":17,"key":"Lantern"},{"floor":17,"key":"Gremlin Horn"},{"floor":17,"key":"Mango"}],"event_choices":[{"damage_healed":0.0,"max_hp_gain":0.0,"max_hp_loss":3.0,"gold_gain":0.0,"event_name":"Golden Idol","player_choice":"Lose Max HP","floor":2.0,"gold_loss":0.0,"damage_taken":0.0,"relics_obtained":["Golden Idol"]},{"cards_removed":["DTMod:Strike"],"damage_healed":0.0,"max_hp_gain":0.0,"max_hp_loss":0.0,"gold_gain":0.0,"event_name":"The Cleric","player_choice":"Card Removal","floor":5.0,"gold_loss":50.0,"damage_taken":0.0},{"damage_healed":0.0,"max_hp_gain":0.0,"max_hp_loss":0.0,"gold_gain":0.0,"event_name":"Lab","player_choice":"Got Potions","floor":10.0,"gold_loss":0.0,"damage_taken":0.0},{"damage_healed":0,"gold_gain":250,"player_choice":"Bet on Owner","damage_taken":0,"max_hp_gain":0,"max_hp_loss":0,"event_name":"The Joust","floor":19,"gold_loss":50},{"damage_healed":0,"gold_gain":0,"cards_transformed":["DTMod:Strike","DTMod:TargetDefense"],"player_choice":"Became Test Subject","damage_taken":0,"max_hp_gain":0,"max_hp_loss":0,"event_name":"Drug Dealer","floor":20,"gold_loss":0,"cards_obtained":["DTMod:CalculatedDefense","DTMod:Multitask"]},{"damage_healed":0,"gold_gain":0,"player_choice":"Bought 0 Potions","damage_taken":0,"max_hp_gain":0,"max_hp_loss":0,"event_name":"The Woman in Blue","floor":21,"gold_loss":0},{"damage_healed":0,"gold_gain":0,"player_choice":"0 cards matched","damage_taken":0,"max_hp_gain":0,"max_hp_loss":0,"event_name":"Match and Keep!","floor":22,"gold_loss":0,"cards_obtained":[]}],"is_beta":false,"boss_relics":[{"not_picked":["Snecko Eye","Ectoplasm"],"picked":"Calling Bell"}],"items_purged_floors":[14],"is_endless":false,"potions_floor_spawned":[1,4,16,18],"killed_by":"Book of Stabbing","ascension_level":0}}