{"host":"y36bp6mnm73x3iob","time":1609953382,"event":{"mods":["2.2 Compatiblity","Aspiration","BaseMod","Downfall","GifTheSpireLib","Hermit","Hubris","Marisa????????","Minty Spire (QoL Compilation)","Replay The Spire","Retaliation","StSLib","Stuff the Spire","The Disciple","The Servant 0.9.4"],"gold_per_floor":[218,228,4,28,28,72,35,35,35,35,56,91,91,91,91,97,97],"floor_reached":16,"playtime":728,"items_purged":[],"score":108,"play_id":"42b39d22-6e80-4521-8da9-6f553bf01c1a","local_time":"20210106191622","is_ascension_mode":false,"campfire_choices":[{"floor":8,"key":"REST"},{"data":"BeatsPerMinute","floor":10,"key":"SMITH"},{"data":"LockedBell","floor":15,"key":"SMITH"}],"circlet_count":0,"master_deck":["Ritenuto+1","Moderato+1","Strike_Br","Strike_Br","Strike_Br","Strike_Br","Defend_Br","Defend_Br","Defend_Br","Defend_Br","SecondHand","PatternShift","Allegro","ReapSow","Echoward","LockedScales","ExoVibe","Pendulum","BeatsPerMinute+1","FormalWear","LockedBell+1"],"relics":["Chronometer","Replay:Bandana","StuffTheSpire:Expresso","PreservedInsect","hubris:Zylophone","Durian","Bottled Tornado","Golden Idol"],"acts_visited":["Exordium"],"potions_floor_usage":[16],"damage_taken":[{"damage":10,"enemies":"Cultist","floor":1,"turns":7},{"damage":0,"enemies":"2 Louse","floor":2,"turns":3},{"damage":5,"enemies":"Small Slimes","floor":4,"turns":3},{"damage":16,"enemies":"3 Sentries","floor":6,"turns":9},{"damage":0,"enemies":"Exordium Wildlife","floor":11,"turns":3},{"damage":2,"enemies":"Lagavulin","floor":12,"turns":5},{"damage":144,"enemies":"The Guardian","floor":16,"turns":3}],"seed_played":"-7468332266246004069","potions_obtained":[{"floor":2,"key":"Milkshake"},{"floor":12,"key":"SkillPotion"}],"is_trial":false,"path_per_floor":["M","M","$","M","T","E","$","R","T","R","M","E","?","?","R","B"],"character_chosen":"CHRONO_CLASS","items_purchased":["Replay:Bandana","Echoward","LockedScales","BeatsPerMinute"],"campfire_rested":1,"item_purchase_floors":[3,3,3,7],"current_hp_per_floor":[55,55,55,50,50,34,34,53,53,53,53,56,56,56,56,0,0],"gold":97,"neow_bonus":"HUNDRED_GOLD","is_daily":false,"chose_seed":false,"campfire_upgraded":2,"win_rate":0.0,"timestamp":1609953382,"path_taken":["M","M","$","?","?","E","$","R","T","R","M","E","?","?","R","BOSS"],"items_purchased_type":["Relic","Card","Card","Card"],"build_version":"2020-12-22","purchased_purges":0,"victory":false,"max_hp_per_floor":[65,65,65,65,65,65,65,65,65,65,65,70,70,65,65,65,65],"card_choices":[{"not_picked":["ReapSow","BlueShift"],"picked":"Tempo","floor":1},{"not_picked":["Goo","LockedTornado"],"picked":"ReapSow","floor":2},{"not_picked":["LockedBlood","BlueShift"],"picked":"ExoVibe","floor":4},{"not_picked":["LockedWarPaint","Analog"],"picked":"Pendulum","floor":6},{"not_picked":["BiteCommand","LockedTornado"],"picked":"FormalWear","floor":11},{"not_picked":["LockedTornado","EscortCommand"],"picked":"LockedBell","floor":12}],"player_experience":407567,"relics_obtained":[{"floor":5,"key":"StuffTheSpire:Expresso"},{"floor":6,"key":"PreservedInsect"},{"floor":9,"key":"hubris:Zylophone"},{"floor":12,"key":"Durian"}],"event_choices":[{"damage_healed":0,"gold_gain":0,"player_choice":"Lose Max HP","damage_taken":0,"relics_obtained":["Golden Idol"],"max_hp_gain":0,"max_hp_loss":5,"event_name":"Golden Idol","floor":14,"gold_loss":0}],"is_beta":false,"boss_relics":[],"items_purged_floors":[],"is_endless":false,"potions_floor_spawned":[2,12],"killed_by":"The Guardian","ascension_level":0}}