{"host":"it4jxgnaprwjes7d","time":1609964667,"event":{"mods":["BaseMod","Downfall","Highlight Path","Minty Spire (QoL Compilation)","Replay The Spire","StSLib"],"gold_per_floor":[119,119,143,143,143,182,182,225,272,288,288,288,65,84,84,212,512,526,540,20,35,35,47,84,0,12,24,36,48,115,145,157,169,169],"floor_reached":33,"playtime":3198,"items_purged":[],"score":278,"play_id":"083911dd-5d3c-44e8-bc9a-20ceb9293bc4","local_time":"20210106122427","is_ascension_mode":false,"campfire_choices":[{"data":"Finisher","floor":15,"key":"SMITH"},{"floor":23,"key":"REST"},{"floor":27,"key":"REST"},{"floor":29,"key":"REST"},{"floor":32,"key":"DIG"}],"circlet_count":0,"master_deck":["Strike_G","Strike_G","Strike_G","Strike_G","Strike_G","Defend_G","Defend_G","Defend_G","Defend_G+1","Defend_G","Survivor","Neutralize","Blur","Iron Wave","Underhanded Strike","Finisher+1","Riddle With Holes+1","Toxin Wave","Hidden Blade","Poison Darts","CurseOfTheBell","Poisoned Stab+1","Choke+1","Panache+1","Riddle With Holes","Blade Dance","Blade Dance","Underhanded Strike","Dagger Throw+1","Deflect"],"relics":["Ring of the Snake","NeowsBlessing","Golden Idol","Juzu Bracelet","Kunai","Gremlin Food","Boot","Lantern","Calling Bell","Potion Belt","Darkstone Periapt","Old Coin","Frozen Egg 2","MawBank","ReplayTheSpireMod:Ninjato","Paper Crane","Pen Nib"],"acts_visited":["Exordium","TheCity"],"potions_floor_usage":[8,16,16,24,33],"damage_taken":[{"damage":0,"enemies":"Small Slimes","floor":1,"turns":1},{"damage":0,"enemies":"2 Louse","floor":3,"turns":1},{"damage":0,"enemies":"3 Sentries","floor":6,"turns":1},{"damage":2,"enemies":"Replay:BlueRogue","floor":8,"turns":8},{"damage":0,"enemies":"Cultist","floor":10,"turns":3},{"damage":7,"enemies":"Blue Slaver","floor":14,"turns":3},{"damage":36,"enemies":"Hexaghost","floor":16,"turns":16},{"damage":3,"enemies":"Shell Parasite","floor":18,"turns":6},{"damage":0,"enemies":"3 Byrds","floor":19,"turns":3},{"damage":37,"enemies":"Shelled Parasite and Fungi","floor":21,"turns":11},{"damage":25,"enemies":"Chosen and Byrds","floor":24,"turns":7},{"damage":0,"enemies":"Snecko","floor":31,"turns":2},{"damage":65,"enemies":"Automaton","floor":33,"turns":6}],"seed_played":"6396458058039661055","potions_obtained":[{"floor":1,"key":"Strength Potion"},{"floor":3,"key":"Weak Potion"},{"floor":6,"key":"Poison Potion"},{"floor":14,"key":"GamblersBrew"},{"floor":21,"key":"GhostInAJar"}],"is_trial":false,"path_per_floor":["M","?","M","?","?","E","?","E","T","M","?","?","$","M","R","B",null,"M","M","$","M","?","R","M","?","T","R","$","R","?","M","R","B"],"character_chosen":"THE_SILENT","items_purchased":["Lantern","Toxin Wave","Panache","Frozen Egg 2","Riddle With Holes"],"campfire_rested":3,"item_purchase_floors":[13,13,20,20,20],"current_hp_per_floor":[70,70,70,70,70,70,58,56,56,56,56,56,56,49,49,13,70,67,67,67,30,30,51,26,26,26,47,47,68,40,40,40,0,0],"gold":169,"neow_bonus":"THREE_ENEMY_KILL","is_daily":false,"chose_seed":false,"campfire_upgraded":1,"win_rate":0.0,"timestamp":1609964667,"path_taken":["M","?","M","?","?","E","?","E","T","M","?","?","$","M","R","BOSS","M","M","$","M","?","R","M","?","T","R","$","R","?","M","R","BOSS"],"items_purchased_type":["Relic","Card","Card","Relic","Card"],"build_version":"2020-12-22","purchased_purges":0,"victory":false,"max_hp_per_floor":[70,70,70,70,70,70,70,70,70,70,70,70,70,70,70,70,70,70,70,70,70,70,70,70,70,70,70,70,70,70,70,70,70,70],"card_choices":[{"not_picked":["Predator","Dodge and Roll"],"picked":"Blur","floor":1},{"not_picked":["All Out Attack","Deadly Poison"],"picked":"Sneak Up","floor":3},{"not_picked":["Quick Slash","Outmaneuver"],"picked":"Underhanded Strike","floor":6},{"not_picked":["Draining Mist","ReplayTheSpireMod:Exploit Weakness"],"picked":"Finisher","floor":8},{"not_picked":["Acrobatics","Backflip"],"picked":"Riddle With Holes","floor":10},{"not_picked":["Quick Slash","Outmaneuver"],"picked":"Hidden Blade","floor":14},{"not_picked":["Phantasmal Killer","Doppelganger"],"picked":"Poison Darts","floor":16},{"not_picked":["Replay:Poison Smokescreen","Dagger Throw"],"picked":"Poisoned Stab+1","floor":18},{"not_picked":["Dagger Spray","Heel Hook"],"picked":"Choke+1","floor":19},{"not_picked":["Replay:Poison Smokescreen","Poisoned Stab+1"],"picked":"Blade Dance","floor":21},{"not_picked":["Slice+1","ReplayTheSpireMod:Shiv Toss"],"picked":"Blade Dance","floor":24},{"not_picked":["Reflex","Sucker Punch"],"picked":"Underhanded Strike","floor":30},{"not_picked":["Quick Slash","Backflip"],"picked":"Dagger Throw+1","floor":30},{"not_picked":["Underhanded Strike","Malaise"],"picked":"Deflect","floor":31}],"player_experience":4371,"relics_obtained":[{"floor":6,"key":"Juzu Bracelet"},{"floor":8,"key":"Gremlin Food"},{"floor":9,"key":"Boot"},{"floor":17,"key":"Potion Belt"},{"floor":17,"key":"Darkstone Periapt"},{"floor":17,"key":"Old Coin"},{"floor":26,"key":"ReplayTheSpireMod:Ninjato"},{"floor":30,"key":"Paper Crane"},{"floor":32,"key":"Pen Nib"}],"event_choices":[{"damage_healed":0,"gold_gain":0,"player_choice":"Take Wound","damage_taken":0,"relics_obtained":["Golden Idol"],"max_hp_gain":0,"max_hp_loss":0,"event_name":"Golden Idol","floor":2,"gold_loss":0,"cards_obtained":["Injury"]},{"cards_removed":["Injury"],"damage_healed":0,"gold_gain":0,"player_choice":"Forget","damage_taken":0,"max_hp_gain":0,"max_hp_loss":0,"event_name":"Living Wall","floor":4,"gold_loss":0},{"cards_removed":["Sneak Up"],"damage_healed":0,"gold_gain":0,"player_choice":"Took Card","damage_taken":0,"max_hp_gain":0,"max_hp_loss":0,"event_name":"NoteForYourself","floor":5,"gold_loss":0,"cards_obtained":["Iron Wave"]},{"damage_healed":0,"gold_gain":0,"player_choice":"Success","damage_taken":12,"relics_obtained":["Kunai"],"max_hp_gain":0,"max_hp_loss":0,"event_name":"Scrap Ooze","floor":7,"gold_loss":0},{"damage_healed":0,"gold_gain":0,"player_choice":"Ignored","damage_taken":0,"max_hp_gain":0,"max_hp_loss":0,"event_name":"WeMeetAgain","floor":11,"gold_loss":0},{"damage_healed":0,"gold_gain":0,"player_choice":"Ignored","damage_taken":0,"max_hp_gain":0,"max_hp_loss":0,"event_name":"Purifier","floor":12,"gold_loss":0},{"damage_healed":0,"gold_gain":0,"player_choice":"Opened","damage_taken":0,"relics_obtained":["MawBank"],"max_hp_gain":0,"max_hp_loss":0,"event_name":"The Mausoleum","floor":22,"gold_loss":0},{"damage_healed":0,"gold_gain":0,"player_choice":"Paid Fearfully","damage_taken":0,"max_hp_gain":0,"max_hp_loss":0,"event_name":"Masked Bandits","floor":25,"gold_loss":96}],"is_beta":false,"boss_relics":[{"not_picked":["Ring of Chaos","Velvet Choker"],"picked":"Calling Bell"}],"items_purged_floors":[],"is_endless":false,"potions_floor_spawned":[1,3,6,14,21],"killed_by":"Automaton","ascension_level":0}}