{"host":"xx5zt3jtdyh8iun7","time":1609927857,"event":{"mods":["AchievementEnabler","Act Like it!","BaseMod","Gensokyo","Minty Spire (QoL Compilation)","StSLib"],"gold_per_floor":[209,224,243,19,19,19,19,32,32,52,84,95,95,121,121,121,121],"floor_reached":16,"playtime":1606,"items_purged":[],"score":117,"play_id":"39b43930-25c4-4a16-830a-18daccde4558","local_time":"20210106111057","is_ascension_mode":true,"campfire_choices":[{"data":"Double Tap","floor":6,"key":"SMITH"},{"data":"Armaments","floor":15,"key":"SMITH"}],"circlet_count":0,"master_deck":["Strike_R","Strike_R","Strike_R","Strike_R","Strike_R","Defend_R","Defend_R","Defend_R","Defend_R","Bash","Iron Wave","Shrug It Off","Double Tap+1","Armaments+1","Intimidate","Headbutt","Sword Boomerang"],"relics":["Burning Blood","Chemical X","Letter Opener","Incense Burner","Akabeko","PreservedInsect","Ornamental Fan","Self Forming Clay"],"acts_visited":["Gensokyo:Gensokyo"],"potions_floor_usage":[11,11,16],"damage_taken":[{"damage":0,"enemies":"Gensokyo:3_Fairies","floor":1,"turns":5},{"damage":6,"enemies":"Gensokyo:Python","floor":2,"turns":3},{"damage":4,"enemies":"Gensokyo:2_Kodama","floor":3,"turns":4},{"damage":19,"enemies":"Gensokyo:Kitsune","floor":8,"turns":5},{"damage":9,"enemies":"Gensokyo:CorruptedTreant","floor":10,"turns":5},{"damage":26,"enemies":"Gensokyo:Aya","floor":11,"turns":12},{"damage":8,"enemies":"Gensokyo:5_Fairies","floor":12,"turns":8},{"damage":9,"enemies":"Gensokyo:Cirno","floor":14,"turns":12},{"damage":51,"enemies":"Gensokyo:Yukari","floor":16,"turns":12}],"seed_played":"3683658032861797048","potions_obtained":[{"floor":2,"key":"PowerPotion"},{"floor":10,"key":"GamblersBrew"},{"floor":14,"key":"BlessingOfTheForge"}],"is_trial":false,"path_per_floor":["M","M","M","COS","?","R","?","M","T","M","E","M","?","E","R","B"],"character_chosen":"IRONCLAD","items_purchased":[],"campfire_rested":0,"item_purchase_floors":[],"current_hp_per_floor":[80,80,80,80,80,80,64,51,51,48,28,26,50,47,47,0,0],"gold":121,"neow_bonus":"HUNDRED_GOLD","is_daily":false,"chose_seed":false,"campfire_upgraded":2,"win_rate":0.0,"timestamp":1609927857,"path_taken":["M","M","M","COS","?","R","?","?","T","M","E","M","?","E","R","BOSS"],"items_purchased_type":[],"build_version":"2020-12-22","purchased_purges":0,"victory":false,"max_hp_per_floor":[80,80,80,80,80,80,80,80,80,80,80,80,80,80,80,80,80],"card_choices":[{"not_picked":["Pommel Strike","Thunderclap"],"picked":"Iron Wave","floor":1},{"not_picked":["Blood for Blood","Twin Strike"],"picked":"Shrug It Off","floor":2},{"not_picked":["Heavy Blade","Headbutt"],"picked":"Double Tap","floor":3},{"not_picked":["Disarm","Carnage"],"picked":"Armaments","floor":8},{"not_picked":["Wild Strike","Shockwave","Heavy Blade"],"picked":"SKIP","floor":10},{"not_picked":["Spot Weakness","Shockwave"],"picked":"Intimidate","floor":11},{"not_picked":["Second Wind","Bloodletting"],"picked":"Headbutt","floor":12},{"not_picked":["Sentinel","Clothesline"],"picked":"Sword Boomerang","floor":14}],"player_experience":580604,"relics_obtained":[{"floor":9,"key":"Incense Burner"},{"floor":11,"key":"Ornamental Fan"},{"floor":14,"key":"Self Forming Clay"}],"event_choices":[],"is_beta":false,"boss_relics":[],"items_purged_floors":[],"is_endless":false,"potions_floor_spawned":[2,10,14],"killed_by":"Gensokyo:Yukari","ascension_level":1}}