{"host":"Bilverbakes","time":1609975891,"event":{"mods":["2.2 Compatiblity","AchievementEnabler","BaseMod","Bestiary","Colored Map","Minty Spire (QoL Compilation)","Relic Stats","StSLib","ojb\u0027s Info Mod"],"gold_per_floor":[114,124,141,152,162,162,188,188,188,206,234,246,278,328,328,404,404,422,337,357,0,13,40,40,69,141,66,85,116,130,149,149,223,223,242,258,272,314,357,411,411,444,526,601,626,661,310,321,321,321],"floor_reached":51,"playtime":4914,"items_purged":["Strike_P","Evaluate"],"score":1822,"play_id":"e5a1fd01-e98a-4e22-aaa7-6d5db958535b","local_time":"20210106173131","is_ascension_mode":true,"campfire_choices":[{"data":"Eruption","floor":6.0,"key":"SMITH"},{"data":"FollowUp","floor":8.0,"key":"SMITH"},{"data":"Meditate","floor":15.0,"key":"SMITH"},{"data":"MentalFortress","floor":24.0,"key":"SMITH"},{"data":"Tantrum","floor":32.0,"key":"SMITH"},{"data":"Blasphemy","floor":41.0,"key":"SMITH"},{"data":"Devotion","floor":49,"key":"SMITH"}],"circlet_count":0,"master_deck":["AscendersBane","Eruption+1","Vigilance","Adaptation","Meditate+1","EmptyMind","Judgement","FollowUp+1","SandsOfTime","MentalFortress+1","ClearTheMind","SandsOfTime","Scrawl","Swivel","EmptyMind","TalkToTheHand+1","Tantrum+1","Devotion+1","WaveOfTheHand","CarveReality","Sanctity","ReachHeaven","Blasphemy+1","Protect+1","Wish","Wish","Worship","Protect+1","FearNoEvil","Swivel","DevaForm"],"relics":["PureWater","Oddly Smooth Stone","Mummified Hand","Bottled Tornado","Centennial Puzzle","FossilizedHelix","Snecko Eye","Smiling Mask","CaptainsWheel","Potion Belt","Thread and Needle","Shuriken","Damaru","Pandora\u0027s Box","Unceasing Top","Darkstone Periapt","Pantograph","HandDrill"],"acts_visited":["Exordium","TheCity","TheBeyond"],"potions_floor_usage":[46],"damage_taken":[{"damage":1.0,"enemies":"Jaw Worm","floor":1.0,"turns":6.0},{"damage":0.0,"enemies":"Cultist","floor":2.0,"turns":4.0},{"damage":4.0,"enemies":"Small Slimes","floor":3.0,"turns":4.0},{"damage":3.0,"enemies":"2 Fungi Beasts","floor":4.0,"turns":4.0},{"damage":6.0,"enemies":"Exordium Wildlife","floor":5.0,"turns":2.0},{"damage":8.0,"enemies":"Lagavulin","floor":7.0,"turns":6.0},{"damage":0.0,"enemies":"Large Slime","floor":10.0,"turns":2.0},{"damage":0.0,"enemies":"Gremlin Nob","floor":11.0,"turns":2.0},{"damage":6.0,"enemies":"Exordium Thugs","floor":12.0,"turns":3.0},{"damage":1.0,"enemies":"Lagavulin","floor":13.0,"turns":4.0},{"damage":0.0,"enemies":"Hexaghost","floor":16.0,"turns":9.0},{"damage":0.0,"enemies":"3 Byrds","floor":18.0,"turns":2.0},{"damage":0.0,"enemies":"Spheric Guardian","floor":20.0,"turns":3.0},{"damage":8.0,"enemies":"Snake Plant","floor":22.0,"turns":3.0},{"damage":0.0,"enemies":"Gremlin Leader","floor":23.0,"turns":3.0},{"damage":7.0,"enemies":"Book of Stabbing","floor":25.0,"turns":3.0},{"damage":0.0,"enemies":"Centurion and Healer","floor":28.0,"turns":2.0},{"damage":0.0,"enemies":"Slavers","floor":29.0,"turns":6.0},{"damage":0.0,"enemies":"Snecko","floor":30.0,"turns":2.0},{"damage":0.0,"enemies":"Cultist and Chosen","floor":31.0,"turns":4.0},{"damage":0.0,"enemies":"Collector","floor":33.0,"turns":4.0},{"damage":0.0,"enemies":"Orb Walker","floor":35.0,"turns":1.0},{"damage":0.0,"enemies":"3 Darklings","floor":36.0,"turns":3.0},{"damage":0.0,"enemies":"Spire Growth","floor":37.0,"turns":2.0},{"damage":0.0,"enemies":"Sphere and 2 Shapes","floor":38.0,"turns":4.0},{"damage":0.0,"enemies":"Jaw Worm Horde","floor":39.0,"turns":3.0},{"damage":0.0,"enemies":"Nemesis","floor":40.0,"turns":3.0},{"damage":0.0,"enemies":"Reptomancer","floor":42.0,"turns":3.0},{"damage":0.0,"enemies":"Nemesis","floor":44.0,"turns":3.0},{"damage":0.0,"enemies":"Maw","floor":45.0,"turns":2.0},{"damage":0,"enemies":"3 Darklings","floor":46,"turns":4},{"damage":5,"enemies":"4 Shapes","floor":48,"turns":3},{"damage":21,"enemies":"Time Eater","floor":50,"turns":4}],"seed_played":"-3252436961160650152","potions_obtained":[{"floor":1.0,"key":"AttackPotion"},{"floor":4.0,"key":"DuplicationPotion"},{"floor":5.0,"key":"EntropicBrew"},{"floor":11.0,"key":"Ancient Potion"},{"floor":13.0,"key":"SpeedPotion"},{"floor":18.0,"key":"ColorlessPotion"},{"floor":20.0,"key":"SmokeBomb"},{"floor":22.0,"key":"DuplicationPotion"},{"floor":31.0,"key":"Explosive Potion"},{"floor":35.0,"key":"Swift Potion"},{"floor":40.0,"key":"GamblersBrew"},{"floor":46,"key":"SkillPotion"},{"floor":48,"key":"AttackPotion"}],"is_trial":false,"path_per_floor":["M","M","M","M","M","R","E","R","T","M","E","M","E","?","R","B",null,"M","?","M","$","M","E","R","E","T","?","M","E","M","M","R","B",null,"M","M","M","M","M","E","R","E","T","E","M","M","$","M","R","B",null],"character_chosen":"WATCHER","items_purchased":["CaptainsWheel","HandDrill","FearNoEvil","Swivel"],"campfire_rested":0,"item_purchase_floors":[21,47,47,47],"current_hp_per_floor":[60,60,56,53,47,47,39,39,39,39,39,33,32,26,26,26,58,58,58,58,58,50,50,50,43,43,43,43,43,43,43,43,43,62,62,62,62,62,62,62,62,62,62,62,62,62,62,57,57,47],"gold":321,"neow_bonus":"RANDOM_COMMON_RELIC","is_daily":false,"chose_seed":false,"campfire_upgraded":7,"win_rate":0.0,"timestamp":1609975891,"path_taken":["M","M","M","M","M","R","E","R","T","M","E","M","E","?","R","BOSS","M","?","M","$","M","E","R","E","T","?","M","E","M","M","R","BOSS","M","M","M","M","M","E","R","E","T","E","M","M","$","M","R","BOSS"],"items_purchased_type":["Relic","Relic","Card","Card"],"build_version":"2020-12-18","purchased_purges":2,"victory":true,"max_hp_per_floor":[68,68,68,68,68,68,68,68,68,68,68,68,68,68,68,68,68,68,68,68,68,68,68,68,68,68,68,68,68,68,68,68,68,68,68,68,68,68,68,68,68,68,68,68,68,68,68,68,68,68],"relic_stats":{"Darkstone Periapt":0,"Centennial Puzzle":[18],"counters":[33,113],"Mummified Hand":[95],"Shuriken":[31],"Pantograph":11,"Snecko Eye":[167,149,131,141],"Pandora\u0027s Box":["WaveOfTheHand","CarveReality","Sanctity","ReachHeaven","Blasphemy","Evaluate"],"HandDrill":[0],"Smiling Mask":75,"obtain_stats":[{"Potion Belt":23,"Darkstone Periapt":42,"Oddly Smooth Stone":0,"Damaru":29,"Thread and Needle":25,"Bottled Tornado":9,"Smiling Mask":19,"Centennial Puzzle":11,"CaptainsWheel":21,"Mummified Hand":7,"Shuriken":26,"Pantograph":44,"Snecko Eye":17,"Pandora\u0027s Box":34,"HandDrill":47,"PureWater":0,"FossilizedHelix":13,"Unceasing Top":40},{"Potion Belt":15,"Darkstone Periapt":28,"Oddly Smooth Stone":0,"Damaru":18,"Thread and Needle":16,"Bottled Tornado":6,"Smiling Mask":12,"Centennial Puzzle":8,"CaptainsWheel":13,"Mummified Hand":6,"Shuriken":16,"Pantograph":29,"Snecko Eye":11,"Pandora\u0027s Box":21,"HandDrill":31,"PureWater":0,"FossilizedHelix":10,"Unceasing Top":27},{"Potion Belt":57,"Darkstone Periapt":97,"Oddly Smooth Stone":0,"Damaru":68,"Thread and Needle":60,"Bottled Tornado":26,"Smiling Mask":48,"Centennial Puzzle":30,"CaptainsWheel":51,"Mummified Hand":26,"Shuriken":60,"Pantograph":100,"Snecko Eye":46,"Pandora\u0027s Box":78,"HandDrill":106,"PureWater":0,"FossilizedHelix":37,"Unceasing Top":94}],"Unceasing Top":[0]},"card_choices":[{"not_picked":["Consecrate","FlyingSleeves"],"picked":"Adaptation","floor":1.0},{"not_picked":["DeceiveReality","Evaluate"],"picked":"Meditate","floor":2.0},{"not_picked":["EmptyFist","Collect"],"picked":"EmptyMind","floor":3.0},{"not_picked":["Protect","Consecrate"],"picked":"Judgement","floor":4.0},{"not_picked":["Indignation","WaveOfTheHand","JustLucky"],"picked":"SKIP","floor":5.0},{"not_picked":["FlyingSleeves","Consecrate"],"picked":"FollowUp","floor":7.0},{"not_picked":["SashWhip","Protect"],"picked":"SandsOfTime","floor":10.0},{"not_picked":["WindmillStrike","Evaluate"],"picked":"MentalFortress","floor":11.0},{"not_picked":["CrushJoints","ThirdEye"],"picked":"ClearTheMind","floor":12.0},{"not_picked":["Crescendo","EmptyFist"],"picked":"SandsOfTime","floor":13.0},{"not_picked":["Blasphemy","DevaForm"],"picked":"Scrawl","floor":16.0},{"not_picked":["ClearTheMind","EmptyFist","ThirdEye"],"picked":"SKIP","floor":18.0},{"not_picked":["Consecrate","Indignation"],"picked":"Swivel","floor":20.0},{"not_picked":["SashWhip","EmptyBody"],"picked":"EmptyMind","floor":22.0},{"not_picked":["LikeWater","Halt","Alpha"],"picked":"SKIP","floor":23.0},{"not_picked":["WaveOfTheHand","WheelKick+1"],"picked":"TalkToTheHand+1","floor":25.0},{"not_picked":["Pray+1","FlurryOfBlows","Prostrate"],"picked":"SKIP","floor":28.0},{"not_picked":["SandsOfTime","PathToVictory","FlyingSleeves"],"picked":"SKIP","floor":29.0},{"not_picked":["EmptyBody+1","FlurryOfBlows","Protect"],"picked":"SKIP","floor":30.0},{"not_picked":["CrushJoints","Evaluate"],"picked":"Tantrum","floor":31.0},{"not_picked":["Brilliance","ConjureBlade"],"picked":"Devotion","floor":33.0},{"not_picked":["EmptyFist","Consecrate"],"picked":"Protect+1","floor":35.0},{"not_picked":["Halt","FlurryOfBlows","SashWhip+1"],"picked":"SKIP","floor":36.0},{"not_picked":["BowlingBash","CutThroughFate"],"picked":"Wish","floor":37.0},{"not_picked":["EmptyBody","EmptyFist","Consecrate"],"picked":"SKIP","floor":38.0},{"not_picked":["EmptyBody","Protect","Prostrate+1"],"picked":"SKIP","floor":39.0},{"not_picked":["CrushJoints","Adaptation+1","CutThroughFate"],"picked":"SKIP","floor":40.0},{"not_picked":["Conclude","Meditate"],"picked":"Wish","floor":42.0},{"not_picked":["Prostrate","SashWhip"],"picked":"Worship","floor":44.0},{"not_picked":["WaveOfTheHand","EmptyBody"],"picked":"Protect+1","floor":46},{"not_picked":["EmptyBody","CutThroughFate"],"picked":"DevaForm","floor":48}],"player_experience":613224,"relics_obtained":[{"floor":7.0,"key":"Mummified Hand"},{"floor":9.0,"key":"Bottled Tornado"},{"floor":11.0,"key":"Centennial Puzzle"},{"floor":13.0,"key":"FossilizedHelix"},{"floor":23.0,"key":"Potion Belt"},{"floor":25.0,"key":"Thread and Needle"},{"floor":26.0,"key":"Shuriken"},{"floor":29.0,"key":"Damaru"},{"floor":40.0,"key":"Unceasing Top"},{"floor":42.0,"key":"Darkstone Periapt"},{"floor":44.0,"key":"Pantograph"}],"event_choices":[{"damage_healed":0.0,"max_hp_gain":0.0,"max_hp_loss":0.0,"gold_gain":50.0,"event_name":"FaceTrader","player_choice":"Touch","floor":14.0,"gold_loss":0.0,"damage_taken":6.0},{"damage_healed":0.0,"max_hp_gain":0.0,"max_hp_loss":0.0,"gold_gain":0.0,"event_name":"Addict","player_choice":"Obtained Relic","floor":19.0,"gold_loss":85.0,"damage_taken":0.0,"relics_obtained":["Smiling Mask"]},{"cards_removed":["Strike_P"],"damage_healed":0.0,"max_hp_gain":0.0,"max_hp_loss":0.0,"gold_gain":0.0,"event_name":"Beggar","player_choice":"Gave Gold","floor":27.0,"gold_loss":75.0,"damage_taken":0.0}],"is_beta":true,"boss_relics":[{"not_picked":["HolyWater","VioletLotus"],"picked":"Snecko Eye"},{"not_picked":["Runic Dome","Velvet Choker"],"picked":"Pandora\u0027s Box"}],"items_purged_floors":[21,47],"is_endless":false,"potions_floor_spawned":[1,4,5,10,11,13,18,20,22,31,35,40,45,46,48],"ascension_level":15}}