{"host":"n7mxhpjy89lltbhc","time":1609955157,"event":{"mods":["2.2 Compatiblity","Act Like it!","Bard","BaseMod","Better Match","Better Sensory Stone","Better Synergies","Better Third Choice","Better Vampires","BetterRewards","Challenge The Spire","Colored Map","Colored Powertips","Downfall","Gensokyo","Hubris","Infinite Spire","Jedi Mod","Marisa????????","Marked Mod","Minty Spire (QoL Compilation)","Permanent Neow","Rare Cards Sparkle","Relic Sorter","Relic Stats","Replay The Spire","Shop Mod","Small Relic Pack","Spicy Shops","StSLib","Strawberry Spire","The Blue Laboratory","The Disciple","The Marked","The Servant 0.9.4","Uncapped","Waifu the Spire","Wandering Minibosses","vexMod"],"gold_per_floor":[112,112,112,306,323,323,356,374,374,407,407,421,440,459,459,538,538,538,538],"floor_reached":18,"playtime":880,"items_purged":[],"score":474,"play_id":"fb197196-0a9b-45a9-8d65-c513406bd220","local_time":"25640107004557","is_ascension_mode":true,"campfire_choices":[{"floor":6.0,"key":"REST"},{"data":"Deadline","floor":11,"key":"SMITH"},{"data":"ShatteredReality","floor":15,"key":"SMITH"}],"circlet_count":0,"master_deck":["AscendersBane","Strike_S","Strike_S","Strike_S","Strike_S","Defend_S","Defend_S","Defend_S","Defend_S","KidneyShot","Exchange","SilverMatrix","Luminosity","Luminosity","SpecialFormula","InstantArmor","Deadline+1","DualDimension","Moonlight","ShatteredReality+1","TimeWarp","SoulSculpture"],"relics":["Uniform","jedi:shrinkray","hubris:Metronome","Replay:Bottled Steam","Replay:Bronze Core"],"acts_visited":["Gensokyo:Gensokyo","Gensokyo:Gensokyoer"],"potions_floor_usage":[16],"damage_taken":[{"damage":9.0,"enemies":"Gensokyo:2_Kodama","floor":1.0,"turns":7.0},{"damage":2.0,"enemies":"Gensokyo:3_Fairies","floor":3.0,"turns":7.0},{"damage":7.0,"enemies":"Gensokyo:Python","floor":5.0,"turns":5.0},{"damage":0.0,"enemies":"Gensokyo:Mamizou","floor":7.0,"turns":7.0},{"damage":24.0,"enemies":"Gensokyo:3_Kodama","floor":8.0,"turns":8.0},{"damage":0.0,"enemies":"Gensokyo:Aya","floor":10.0,"turns":7.0},{"damage":2,"enemies":"Gensokyo:2_Rabbits","floor":12,"turns":7},{"damage":0,"enemies":"Gensokyo:Gryphon_and_Rabbit","floor":13,"turns":4},{"damage":15,"enemies":"Gensokyo:3_Kodama","floor":14,"turns":6},{"damage":0,"enemies":"Gensokyo:Reimu","floor":16,"turns":7},{"damage":59,"enemies":"Gensokyo:3_Dogs","floor":18,"turns":4}],"seed_played":"-957037530312966563","potions_obtained":[{"floor":1.0,"key":"Elixir"},{"floor":7.0,"key":"champ:CounterPotion"},{"floor":12,"key":"Strength Potion"},{"floor":14,"key":"LiquidMemories"},{"floor":16,"key":"blueLaboratory:EnragingPotion"}],"is_trial":false,"path_per_floor":["M","?","M","?","M","R","E","M","T","E","R","M","M","M","R_BF","B",null,"M"],"character_chosen":"THE_SERVANT","items_purchased":[],"campfire_rested":1,"item_purchase_floors":[],"current_hp_per_floor":[45,45,43,19,17,35,40,21,21,26,26,29,34,24,24,29,52,0,0],"gold":538,"neow_bonus":"ONE_RANDOM_RARE_CARD","is_daily":false,"chose_seed":false,"campfire_upgraded":2,"win_rate":0.0,"timestamp":1609955157,"path_taken":["M","?","M","?","M","R","E","M","T","E","R","?","M","M","R_BF","BOSS","M"],"items_purchased_type":[],"build_version":"2020-12-22","purchased_purges":0,"victory":false,"max_hp_per_floor":[60,60,60,60,60,60,60,60,60,60,60,60,60,60,60,60,60,60,60],"relic_stats":{"counters":[11,69],"obtain_stats":[{"hubris:Metronome":9,"Replay:Bronze Core":17,"Uniform":0,"jedi:shrinkray":7,"Replay:Bottled Steam":10},{"hubris:Metronome":5,"Replay:Bronze Core":10,"Uniform":0,"jedi:shrinkray":4,"Replay:Bottled Steam":6},{"hubris:Metronome":34,"Replay:Bronze Core":65,"Uniform":0,"jedi:shrinkray":26,"Replay:Bottled Steam":41}]},"card_choices":[{"not_picked":["DoubleEdge","Shuttle"],"picked":"Luminosity","floor":1.0},{"not_picked":["Unruled","TimeWarp"],"picked":"Luminosity","floor":3.0},{"not_picked":["FastForward","Potential"],"picked":"SpecialFormula","floor":4.0},{"not_picked":["DancingSilver","Potential"],"picked":"InstantArmor","floor":5.0},{"not_picked":["DoubleEdge","Ricochet"],"picked":"Deadline","floor":7.0},{"not_picked":["Snipe","WasteNot"],"picked":"DualDimension","floor":8.0},{"not_picked":["PendulumOfEternity","Defy","Spin"],"picked":"SKIP","floor":10},{"not_picked":["BottledTime","Read"],"picked":"Moonlight","floor":12},{"not_picked":["FastForward","TimeWarp"],"picked":"ShatteredReality","floor":13},{"not_picked":["Defy","TimeWarp","Starlight"],"picked":"SKIP","floor":14},{"not_picked":["Defy","Starlight"],"picked":"TimeWarp","floor":14},{"not_picked":["LightFlow","ForgedInTime"],"picked":"SoulSculpture","floor":16}],"player_experience":1047014,"relics_obtained":[{"floor":7.0,"key":"jedi:shrinkray"},{"floor":9.0,"key":"hubris:Metronome"},{"floor":10,"key":"Replay:Bottled Steam"}],"event_choices":[],"is_beta":false,"boss_relics":[{"not_picked":["vexMod:CursedCompass","Fusion Hammer"],"picked":"Replay:Bronze Core"}],"items_purged_floors":[],"is_endless":false,"potions_floor_spawned":[1,7,12,14,16],"killed_by":"Gensokyo:3_Dogs","ascension_level":16}}