{"host":"zjxcc3u4aqpoowwq","time":1609907225,"event":{"mods":["100% Spire Juice","2.2 Compatiblity","AchievementEnabler","BaseMod","Better Third Choice","CapriCore","Colored Map","Keyboard Shortcuts","Minty Spire (QoL Compilation)","StSLib"],"gold_per_floor":[113,126,126,20,20,20,55,55,55,73,114,114,132,12,12,136,16,29,6,6,25,39,82,82,82,82,107,120,134,134,158,158,158,158],"floor_reached":33,"playtime":915,"items_purged":[],"score":334,"play_id":"28947da0-1ada-4495-b5c0-0202b1991bc5","local_time":"20210106132705","is_ascension_mode":true,"campfire_choices":[{"data":"Moonworks:Ambush","floor":6.0,"key":"SMITH"},{"data":"Moonworks:CloudOfSeagulls","floor":8.0,"key":"SMITH"},{"floor":15.0,"key":"REST"},{"floor":24.0,"key":"REST"},{"floor":32,"key":"REST"}],"circlet_count":0,"master_deck":["Moonworks:Strike","Moonworks:Strike","Moonworks:Defend","Moonworks:Defend","Moonworks:Defend","Moonworks:Defend","Moonworks:Ambush+1","Moonworks:LongDistanceShot","Moonworks:CloudOfSeagulls+1","Moonworks:StarBlastingFuse+1","Moonworks:JonathanRush","Scrape","Moonworks:StarBlastingFuse+1","Moonworks:BindingChains+1","Moonworks:CloudOfSeagulls","Moonworks:DeployBits+1","Moonworks:SakisCookie+1","Moonworks:CloudOfSeagulls","Moonworks:ShieldCounter","Moonworks:AngelHand+1","Moonworks:JonathanRush"],"relics":["Moonworks:BrokenBomb","Moonworks:Homemark","NeowsBlessing","Golden Idol","Toxic Egg 2","Vajra","Anchor","SlaversCollar","Lantern","Mummified Hand","Bronze Scales"],"acts_visited":["Exordium","TheCity"],"potions_floor_usage":[31,31],"damage_taken":[{"damage":0.0,"enemies":"2 Louse","floor":1.0,"turns":1.0},{"damage":0.0,"enemies":"Cultist","floor":2.0,"turns":1.0},{"damage":0.0,"enemies":"Small Slimes","floor":4.0,"turns":1.0},{"damage":14.0,"enemies":"Gremlin Nob","floor":7.0,"turns":3.0},{"damage":12.0,"enemies":"Gremlin Gang","floor":10.0,"turns":4.0},{"damage":0.0,"enemies":"Lagavulin","floor":11.0,"turns":4.0},{"damage":0.0,"enemies":"3 Louse","floor":13.0,"turns":2.0},{"damage":26.0,"enemies":"The Guardian","floor":16.0,"turns":8.0},{"damage":23.0,"enemies":"2 Thieves","floor":18.0,"turns":4.0},{"damage":4.0,"enemies":"Spheric Guardian","floor":21.0,"turns":3.0},{"damage":12.0,"enemies":"3 Cultists","floor":22.0,"turns":5.0},{"damage":6.0,"enemies":"Gremlin Leader","floor":23.0,"turns":5.0},{"damage":0.0,"enemies":"Snecko","floor":27.0,"turns":3.0},{"damage":29.0,"enemies":"Shelled Parasite and Fungi","floor":28.0,"turns":3.0},{"damage":21.0,"enemies":"Centurion and Healer","floor":29.0,"turns":4.0},{"damage":0,"enemies":"Sentry and Sphere","floor":31,"turns":3},{"damage":69,"enemies":"Collector","floor":33,"turns":7}],"seed_played":"7434924768543597204","potions_obtained":[{"floor":1.0,"key":"GamblersBrew"},{"floor":7.0,"key":"PowerPotion"},{"floor":11.0,"key":"Ancient Potion"},{"floor":16.0,"key":"BlessingOfTheForge"},{"floor":18.0,"key":"FearPotion"},{"floor":23.0,"key":"ColorlessPotion"}],"is_trial":false,"path_per_floor":["M","M","?","M","?","R","E","R","T","M","E","?","M","$","R","B",null,"M","$","?","M","M","E","R","?","T","M","M","M","?","M","R","B"],"character_chosen":"THE_STARBREAKER","items_purchased":["Moonworks:CloudOfSeagulls"],"campfire_rested":3,"item_purchase_floors":[19],"current_hp_per_floor":[60,60,45,45,45,45,31,31,31,19,19,14,14,14,32,6,60,37,37,37,33,21,21,39,39,39,45,22,7,7,13,31,0,0],"gold":158,"neow_bonus":"THREE_ENEMY_KILL","is_daily":false,"chose_seed":false,"campfire_upgraded":2,"win_rate":0.0,"timestamp":1609907225,"path_taken":["M","M","?","M","?","R","E","R","T","?","E","?","M","$","R","BOSS","M","$","?","M","?","E","R","?","T","M","M","?","?","M","R","BOSS"],"items_purchased_type":["Card"],"build_version":"2020-12-22","purchased_purges":0,"victory":false,"max_hp_per_floor":[60,60,60,60,60,60,60,60,60,60,60,60,60,60,60,60,60,60,60,60,60,60,60,60,60,60,60,60,60,60,60,60,60,60],"card_choices":[{"not_picked":["Moonworks:LuckyCharm","Moonworks:EvilSpyWorkPreparation"],"picked":"Moonworks:CloudOfSeagulls","floor":1.0},{"not_picked":["Moonworks:ImOnFire","Moonworks:BigMagnum","Moonworks:AwakeningOfTalent"],"picked":"SKIP","floor":2.0},{"not_picked":["Moonworks:WindyEnchantment","Moonworks:ScrambledEve","Moonworks:Assault"],"picked":"SKIP","floor":4.0},{"not_picked":["Moonworks:IndiscriminateFireSupport","Moonworks:SakisCookie+1"],"picked":"Moonworks:StarBlastingFuse+1","floor":7.0},{"not_picked":["Moonworks:SelfDestruct","Moonworks:ImOnFire+1","Moonworks:EvilSpyWorkPreparation+1"],"picked":"SKIP","floor":10.0},{"not_picked":["Moonworks:ForcedRevival+1","Moonworks:FullSpeedAlicianrone"],"picked":"Moonworks:JonathanRush","floor":11.0},{"not_picked":["Moonworks:ImOnFire+1","Moonworks:Dinner+1","Moonworks:MiracleRedBeanIceCream+1"],"picked":"SKIP","floor":13.0},{"not_picked":["Moonworks:AnotherUltimateWeapon","Moonworks:RocketCannon"],"picked":"Moonworks:StarBlastingFuse+1","floor":16.0},{"not_picked":["Moonworks:SakisCookie+1","Moonworks:BeyondHell"],"picked":"Moonworks:BindingChains+1","floor":18.0},{"not_picked":["Moonworks:WindyEnchantment+1","Moonworks:SakisCookie+1"],"picked":"Moonworks:DeployBits+1","floor":21.0},{"not_picked":["Moonworks:BigMagnum+1","Moonworks:EvilSpyWorkPreparation+1"],"picked":"Moonworks:SakisCookie+1","floor":22.0},{"not_picked":["Moonworks:RagingMadness","Moonworks:LulusLuckyEgg+1"],"picked":"Moonworks:CloudOfSeagulls","floor":23.0},{"not_picked":["Moonworks:WindyEnchantment+1","Moonworks:CloudOfSeagulls"],"picked":"Moonworks:AngelHand+1","floor":27.0},{"not_picked":["Moonworks:Assault+1","Moonworks:UnpaidWork+1","Moonworks:EvilSpyWorkPreparation+1"],"picked":"SKIP","floor":28.0},{"not_picked":["Moonworks:LulusLuckyEgg+1","Moonworks:Heat300Percent+1"],"picked":"Moonworks:JonathanRush","floor":29.0},{"not_picked":["Moonworks:LulusLuckyEgg+1","Moonworks:IndiscriminateFireSupport","Moonworks:CompletionReward"],"picked":"SKIP","floor":31}],"player_experience":821248,"relics_obtained":[{"floor":7.0,"key":"Toxic Egg 2"},{"floor":9.0,"key":"Vajra"},{"floor":11.0,"key":"Anchor"},{"floor":23.0,"key":"Mummified Hand"},{"floor":26.0,"key":"Bronze Scales"}],"event_choices":[{"damage_healed":0.0,"max_hp_gain":0.0,"max_hp_loss":0.0,"gold_gain":0.0,"event_name":"Golden Idol","player_choice":"Take Damage","floor":3.0,"gold_loss":0.0,"damage_taken":15.0,"relics_obtained":["Golden Idol"]},{"cards_removed":["Moonworks:Strike"],"damage_healed":0.0,"max_hp_gain":0.0,"max_hp_loss":0.0,"gold_gain":0.0,"event_name":"Purifier","player_choice":"Purged","floor":5.0,"gold_loss":0.0,"damage_taken":0.0},{"damage_healed":0.0,"max_hp_gain":0.0,"max_hp_loss":0.0,"gold_gain":0.0,"event_name":"betterThird:BetterScrap","player_choice":"Card ","floor":12.0,"gold_loss":0.0,"damage_taken":5.0,"cards_obtained":["Scrape"]},{"damage_healed":0.0,"max_hp_gain":0.0,"max_hp_loss":0.0,"gold_gain":0.0,"event_name":"WeMeetAgain","player_choice":"Gave Potion","floor":20.0,"gold_loss":0.0,"damage_taken":0.0,"relics_obtained":["Lantern"]},{"damage_healed":0.0,"max_hp_gain":0.0,"max_hp_loss":0.0,"gold_gain":0.0,"cards_transformed":["Moonworks:Strike"],"event_name":"Transmorgrifier","player_choice":"Transformed","floor":25.0,"gold_loss":0.0,"damage_taken":0.0,"cards_obtained":["Moonworks:ShieldCounter"]},{"damage_healed":0.0,"max_hp_gain":0.0,"max_hp_loss":0.0,"gold_gain":0.0,"event_name":"N\u0027loth","player_choice":"Ignored","floor":30.0,"gold_loss":0.0,"damage_taken":0.0}],"is_beta":false,"boss_relics":[{"not_picked":["Ectoplasm","Black Star"],"picked":"SlaversCollar"}],"items_purged_floors":[],"is_endless":false,"potions_floor_spawned":[1,7,11,16,18,23,27],"killed_by":"Collector","ascension_level":2}}