{"host":"s41rn2jhghpwfrvz","time":1609903172,"event":{"mods":["BaseMod","Minty Spire (QoL Compilation)","Quick Restart","Relic Stats","SuperFastMode"],"gold_per_floor":[117,117,130,130,130,130,161,161,161,196,237,281,296,332,332,430,430,455,380,380,418,431,431,454,475,499,511,567,597,649,696,708,813,825,860,373,323,346,361,397,397,441,490,524,557,457,457,472,472,472,472,472,472,135,173,173],"floor_reached":57,"playtime":1804,"items_purged":["Streamline+1","Sweeping Beam+1"],"score":3993,"play_id":"ebaf4d34-2297-4072-863c-8bddf47f8552","local_time":"20210106051932","daily_mods":["SealedDeck","Diverse","DeadlyEvents"],"is_ascension_mode":true,"campfire_choices":[{"data":"Prostrate","floor":6,"key":"SMITH"},{"data":"Streamline","floor":8,"key":"SMITH"},{"floor":15,"key":"RECALL"},{"data":"Offering","floor":23,"key":"SMITH"},{"data":"Acrobatics","floor":27,"key":"SMITH"},{"data":"Burning Pact","floor":32,"key":"SMITH"},{"data":"1","floor":41,"key":"LIFT"},{"data":"2","floor":47,"key":"LIFT"},{"data":"3","floor":49,"key":"LIFT"},{"floor":53,"key":"REST"}],"circlet_count":0,"master_deck":["AscendersBane","Evolve","Seeing Red","Acrobatics+1","Undo","Prostrate+1","Burning Pact+1","Offering+1","Madness+1","Barricade","Body Slam+1","Acrobatics+1"],"relics":["Burning Blood","Golden Idol","HornCleat","White Beast Statue","Question Card","Girya","Bronze Scales","Magic Flower","Empty Cage","MutagenicStrength","Thread and Needle","MawBank","Letter Opener","Red Skull","Centennial Puzzle","Fusion Hammer","Turnip","Charon\u0027s Ashes","Toxic Egg 2","Whetstone","Omamori","Anchor","Membership Card","Nunchaku","Bag of Marbles","Toy Ornithopter"],"acts_visited":["Exordium","TheCity","TheBeyond","TheEnding"],"potions_floor_usage":[12,31,56,56],"damage_taken":[{"damage":0,"enemies":"2 Louse","floor":1,"turns":3},{"damage":0,"enemies":"Jaw Worm","floor":3,"turns":2},{"damage":28,"enemies":"Gremlin Nob","floor":7,"turns":4},{"damage":2,"enemies":"3 Sentries","floor":10,"turns":6},{"damage":0,"enemies":"Lagavulin","floor":11,"turns":4},{"damage":0,"enemies":"Gremlin Nob","floor":12,"turns":3},{"damage":0,"enemies":"Small Slimes","floor":13,"turns":3},{"damage":2,"enemies":"3 Sentries","floor":14,"turns":5},{"damage":25,"enemies":"Slime Boss","floor":16,"turns":5},{"damage":6,"enemies":"3 Byrds","floor":18,"turns":2},{"damage":6,"enemies":"Gremlin Leader","floor":21,"turns":2},{"damage":8,"enemies":"2 Thieves","floor":22,"turns":4},{"damage":16,"enemies":"Snecko","floor":24,"turns":6},{"damage":6,"enemies":"Centurion and Healer","floor":25,"turns":2},{"damage":6,"enemies":"Slavers","floor":28,"turns":2},{"damage":6,"enemies":"Snake Plant","floor":29,"turns":2},{"damage":6,"enemies":"Book of Stabbing","floor":30,"turns":2},{"damage":6,"enemies":"Slavers","floor":31,"turns":1},{"damage":6,"enemies":"Champ","floor":33,"turns":3},{"damage":6,"enemies":"3 Darklings","floor":35,"turns":1},{"damage":14,"enemies":"Orb Walker","floor":38,"turns":2},{"damage":6,"enemies":"Sphere and 2 Shapes","floor":39,"turns":2},{"damage":6,"enemies":"Giant Head","floor":40,"turns":5},{"damage":6,"enemies":"Nemesis","floor":42,"turns":5},{"damage":16,"enemies":"Reptomancer","floor":44,"turns":2},{"damage":6,"enemies":"Nemesis","floor":45,"turns":1},{"damage":6,"enemies":"Maw","floor":48,"turns":2},{"damage":6,"enemies":"Donu and Deca","floor":50,"turns":1},{"damage":6,"enemies":"Awakened One","floor":51,"turns":2},{"damage":6,"enemies":"Shield and Spear","floor":55,"turns":1},{"damage":11,"enemies":"The Heart","floor":56,"turns":6}],"seed_played":"-441977859105783317","potions_obtained":[{"floor":3,"key":"FearPotion"},{"floor":10,"key":"Strength Potion"},{"floor":11,"key":"EntropicBrew"},{"floor":12,"key":"EssenceOfSteel"},{"floor":13,"key":"Dexterity Potion"},{"floor":31,"key":"SpeedPotion"}],"is_trial":true,"path_per_floor":["M","?","M","T","$","R","E","R","T","E","E","E","M","E","R","B",null,"M","?","?","E","M","R","M","M","T","R","E","M","E","E","R","B",null,"M","$","?","M","M","E","R","E","T","E","E","$","R","M","R","B","B",null,"R","$","E","B",null],"character_chosen":"IRONCLAD","items_purchased":["Turnip","Madness","Membership Card","Nunchaku","Bag of Marbles"],"campfire_rested":1,"item_purchase_floors":[36,36,54,54,54],"current_hp_per_floor":[74,48,54,54,54,54,32,32,32,36,42,48,54,58,58,42,67,70,70,70,73,74,74,67,70,70,70,73,75,75,75,75,75,75,75,75,75,70,73,75,75,75,75,68,71,71,71,74,74,75,75,75,75,75,75,73],"gold":173,"neow_bonus":"","is_daily":false,"chose_seed":false,"campfire_upgraded":5,"win_rate":0.0,"timestamp":1609903172,"path_taken":["M","?","M","?","$","R","E","R","T","E","?","E","M","E","R","BOSS","M","?","?","?","M","R","M","?","T","R","E","M","?","E","R","BOSS","M","$","?","M","M","E","R","E","T","E","?","$","R","?","R","BOSS","BOSS","R","$","E","BOSS"],"items_purchased_type":["Relic","Card","Relic","Relic","Relic"],"build_version":"2020-12-22","purchased_purges":2,"victory":true,"max_hp_per_floor":[75,75,75,75,75,75,75,75,75,75,75,75,75,75,75,75,75,75,75,75,75,75,75,75,75,75,75,75,75,75,75,75,75,75,75,75,75,75,75,75,75,75,75,75,75,75,75,75,75,75,75,75,75,75,75,75],"relic_stats":{"counters":[31,91],"Golden Idol":246,"Magic Flower":[44],"Charon\u0027s Ashes":[209],"Letter Opener":[574],"Whetstone":["Sweeping Beam"],"Question Card":24,"MawBank":120,"Burning Blood":230,"Centennial Puzzle":[39],"Nunchaku":[1],"Bronze Scales":[260],"Turnip":[7],"obtain_stats":[{"Magic Flower":14,"Whetstone":43,"Empty Cage":17,"Burning Blood":0,"Centennial Puzzle":31,"Nunchaku":54,"HornCleat":7,"Fusion Hammer":34,"Toxic Egg 2":42,"Red Skull":30,"Girya":11,"Golden Idol":2,"Thread and Needle":21,"Charon\u0027s Ashes":40,"Omamori":44,"Letter Opener":28,"Question Card":10,"MawBank":26,"White Beast Statue":9,"Anchor":45,"Bronze Scales":12,"MutagenicStrength":20,"Turnip":36,"Bag of Marbles":54,"Membership Card":54,"Toy Ornithopter":55},{"Magic Flower":8,"Whetstone":24,"Empty Cage":9,"Burning Blood":0,"Centennial Puzzle":18,"Nunchaku":29,"HornCleat":3,"Fusion Hammer":19,"Toxic Egg 2":24,"Red Skull":17,"Girya":5,"Golden Idol":1,"Thread and Needle":11,"Charon\u0027s Ashes":23,"Omamori":25,"Letter Opener":15,"Question Card":4,"MawBank":14,"White Beast Statue":3,"Anchor":26,"Bronze Scales":6,"MutagenicStrength":10,"Turnip":20,"Bag of Marbles":29,"Membership Card":29,"Toy Ornithopter":30},{"Magic Flower":30,"Whetstone":76,"Empty Cage":35,"Burning Blood":0,"Centennial Puzzle":58,"Nunchaku":84,"HornCleat":9,"Fusion Hammer":61,"Toxic Egg 2":76,"Red Skull":57,"Girya":19,"Golden Idol":3,"Thread and Needle":39,"Charon\u0027s Ashes":71,"Omamori":78,"Letter Opener":53,"Question Card":15,"MawBank":51,"White Beast Statue":9,"Anchor":79,"Bronze Scales":22,"MutagenicStrength":37,"Turnip":62,"Bag of Marbles":84,"Membership Card":84,"Toy Ornithopter":85}],"Toy Ornithopter":0},"card_choices":[{"not_picked":["Auto Shields","PiercingWail","Infinite Blades"],"picked":"SKIP","floor":1},{"not_picked":["Pray","Outmaneuver","Consume"],"picked":"SKIP","floor":3},{"not_picked":["Perseverance","Crescendo","ClearTheMind"],"picked":"SKIP","floor":7},{"not_picked":["Thunderclap","Evaluate","Concentrate"],"picked":"SKIP","floor":10},{"not_picked":["PathToVictory","Blade Dance","Power Through"],"picked":"Burning Pact","floor":11},{"not_picked":["Consecrate","Dagger Spray","Intimidate","Footwork"],"picked":"SKIP","floor":12},{"not_picked":["Study","Quick Slash","All Out Attack","SandsOfTime"],"picked":"SKIP","floor":13},{"not_picked":["Reaper","Reflex","CutThroughFate","Capacitor"],"picked":"SKIP","floor":14},{"not_picked":["Wraith Form v2","Fiend Fire","Judgement"],"picked":"Offering","floor":16},{"not_picked":["LikeWater","Redo","CarveReality","Defragment"],"picked":"SKIP","floor":18},{"not_picked":["Ball Lightning","Defragment","Heel Hook","Masterful Stab"],"picked":"SKIP","floor":21},{"not_picked":["Clothesline","Cleave","Consecrate+1","Storm"],"picked":"SKIP","floor":22},{"not_picked":["Quick Slash+1","PiercingWail","Streamline","Beam Cell"],"picked":"SKIP","floor":24},{"not_picked":["Sanctity+1","Clash","Steam Power","Bloodletting"],"picked":"SKIP","floor":25},{"not_picked":["Conserve Battery","Well Laid Plans+1","Clash","Deadly Poison"],"picked":"SKIP","floor":28},{"not_picked":["Backstab","Prepared+1","Die Die Die","Outmaneuver"],"picked":"SKIP","floor":29},{"not_picked":["Fire Breathing","Predator","Double Energy","EmptyBody+1"],"picked":"SKIP","floor":30},{"not_picked":["Fasting2","FlurryOfBlows","Finisher","Dagger Throw"],"picked":"SKIP","floor":31},{"not_picked":["Halt","Warcry","Coolheaded","Pommel Strike"],"picked":"SKIP","floor":35},{"not_picked":["TalkToTheHand","Blade Dance","Hologram"],"picked":"Barricade","floor":38},{"not_picked":["Prepared","Evaluate","Clothesline","Headbutt"],"picked":"SKIP","floor":39},{"not_picked":["SashWhip","Reflex","Acrobatics+1","Hologram"],"picked":"SKIP","floor":40},{"not_picked":["JustLucky","Concentrate+1","Protect+1"],"picked":"Body Slam+1","floor":42},{"not_picked":["Creative AI","True Grit+1","Redo+1","Deadly Poison+1"],"picked":"SKIP","floor":44},{"not_picked":["Cold Snap","Streamline","Glacier+1","Go for the Eyes"],"picked":"SKIP","floor":45},{"not_picked":["Consume+1","Chaos+1","Reprogram+1"],"picked":"Acrobatics+1","floor":48},{"not_picked":["Pommel Strike","JustLucky","Coolheaded+1","Fire Breathing"],"picked":"SKIP","floor":55}],"player_experience":1654380,"relics_obtained":[{"floor":7,"key":"HornCleat"},{"floor":9,"key":"White Beast Statue"},{"floor":10,"key":"Question Card"},{"floor":11,"key":"Girya"},{"floor":12,"key":"Bronze Scales"},{"floor":14,"key":"Magic Flower"},{"floor":21,"key":"Thread and Needle"},{"floor":26,"key":"MawBank"},{"floor":28,"key":"Letter Opener"},{"floor":30,"key":"Red Skull"},{"floor":31,"key":"Centennial Puzzle"},{"floor":40,"key":"Charon\u0027s Ashes"},{"floor":42,"key":"Toxic Egg 2"},{"floor":43,"key":"Whetstone"},{"floor":44,"key":"Omamori"},{"floor":45,"key":"Anchor"},{"floor":55,"key":"Toy Ornithopter"}],"event_choices":[{"damage_healed":0,"gold_gain":0,"player_choice":"Take Damage","damage_taken":26,"relics_obtained":["Golden Idol"],"max_hp_gain":0,"max_hp_loss":0,"event_name":"Golden Idol","floor":2,"gold_loss":0},{"cards_removed":["PiercingWail"],"damage_healed":0,"gold_gain":0,"player_choice":"Gave Gold","damage_taken":0,"max_hp_gain":0,"max_hp_loss":0,"event_name":"Beggar","floor":19,"gold_loss":75},{"damage_healed":0,"gold_gain":0,"player_choice":"Inject Mutagens","damage_taken":0,"relics_obtained":["MutagenicStrength"],"max_hp_gain":0,"max_hp_loss":0,"event_name":"Drug Dealer","floor":20,"gold_loss":0},{"damage_healed":0,"gold_gain":0,"player_choice":"Upgrade","damage_taken":0,"max_hp_gain":0,"max_hp_loss":0,"event_name":"Designer","floor":37,"gold_loss":50,"cards_upgraded":["Madness"]}],"is_beta":false,"boss_relics":[{"not_picked":["Runic Dome","Sozu"],"picked":"Empty Cage"},{"not_picked":["SacredBark","Runic Cube"],"picked":"Fusion Hammer"}],"items_purged_floors":[36,46],"is_endless":false,"potions_floor_spawned":[3,10,11,12,13,14,16,18,21,22,24,25,28,29,30,31,33,35,38,39,40,42,44,45,48,55],"ascension_level":20}}