{"host":"9k1ekd5e3lrdz5qp","time":1609904213,"event":{"mods":["Act Like it!","Bard","BaseMod","Beaked The Cultist","Better Altar","Better Skull","Better Third Choice","Conspire","Downfall","Elementarium","Hubris","Infinite Spire","Minty Spire (QoL Compilation)","Replay The Spire","StSLib"],"gold_per_floor":[99,117,27,27,38,38,90,124,9,34,49,72,19,54,70,172,172,22,40,40,40,53,53,53,53,106,156,230,230,313,379,434,577,577,577,630,336,336,353,413,486,559,484,576,576,628,693,750,810,850,850,921,33,33,73],"floor_reached":56,"playtime":4555,"items_purged":["beaked:Strike_Y","beaked:Strike_Y","beaked:Strike_Y","beaked:Strike_Y","beaked:Ceremony"],"score":1391,"play_id":"8b370167-1f20-48d5-8619-e7fe31629643","local_time":"20210105203653","is_ascension_mode":true,"campfire_choices":[{"data":"beaked:Windmill","floor":1,"key":"SMITH"},{"data":"beaked:AwakenedForm","floor":18,"key":"SMITH"},{"data":"beaked:Insight","floor":23,"key":"SMITH"},{"data":"beaked:Windmill","floor":29,"key":"SMITH"},{"floor":35,"key":"RECALL"},{"data":"beaked:Strike_Y","floor":43,"key":"PURGE"},{"data":"beaked:Strike_Y","floor":45,"key":"PURGE"},{"data":"beaked:Defend_Y","floor":54,"key":"PURGE"}],"circlet_count":0,"master_deck":["beaked:Defend_Y","beaked:Defend_Y","beaked:Defend_Y","beaked:Ceremony","beaked:Ceremony","beaked:Windmill+1","beaked:AwakenedForm+1","beaked:Windmill+1","beaked:TuckingFeathers","beaked:Hexing+1","beaked:Windmill+1","beaked:Foresight","CurseOfTheBell","beaked:Foresight","beaked:Insight+1","Crow Ritual+1","beaked:Foresight","beaked:BraceForImpact+1"],"relics":["beaked:MendingPlumage","Ring of Searing","Centennial Puzzle","Mummified Hand","Blue Candle","infinitespire:CheckeredPen","Calling Bell","Pet Ghost","hubris:FunFungus","conspire:Dentures","downfall:HeartBlessingGreen","downfall:HeartBlessingBlue","Peace Pipe","downfall:KnowingSkull","Red Mask","Unceasing Top","hubris:Backtick","Replay:Byrd Feeder","Guide Book","beaked:ShinyBauble","ReplayTheSpireMod:Shallot","downfall:HeartBlessingRed","Calipers","Whetstone","hubris:64BitClover","Garlic","HandDrill","Counterbalance"],"acts_visited":["Exordium","TheCity","TheBeyond","TheEnding"],"potions_floor_usage":[16,16,27],"damage_taken":[{"damage":0,"enemies":"Small Slimes","floor":2,"turns":3},{"damage":5,"enemies":"downfall:FleeingMerchant","floor":3,"turns":4},{"damage":21,"enemies":"Jaw Worm","floor":5,"turns":4},{"damage":26,"enemies":"Gremlin Nob","floor":8,"turns":4},{"damage":4,"enemies":"downfall:FleeingMerchant","floor":9,"turns":4},{"damage":16,"enemies":"3 Sentries","floor":10,"turns":7},{"damage":5,"enemies":"Cultist","floor":11,"turns":2},{"damage":11,"enemies":"downfall:FleeingMerchant","floor":13,"turns":4},{"damage":31,"enemies":"Lagavulin","floor":14,"turns":5},{"damage":19,"enemies":"3 Louse","floor":15,"turns":2},{"damage":8,"enemies":"downfall:Ironclad","floor":16,"turns":5},{"damage":11,"enemies":"Chosen","floor":19,"turns":3},{"damage":21,"enemies":"Cultist and Chosen","floor":22,"turns":5},{"damage":26,"enemies":"Snake Plant","floor":26,"turns":4},{"damage":19,"enemies":"Chosen and Byrds","floor":27,"turns":4},{"damage":21,"enemies":"Masked Bandits","floor":28,"turns":3},{"damage":20,"enemies":"downfall:FleeingMerchant","floor":30,"turns":3},{"damage":35,"enemies":"conspire:Head Lice","floor":31,"turns":5},{"damage":12,"enemies":"Centurion and Healer","floor":32,"turns":2},{"damage":45,"enemies":"downfall:Defect","floor":33,"turns":6},{"damage":0,"enemies":"3 Shapes","floor":36,"turns":1},{"damage":11,"enemies":"3 Darklings","floor":39,"turns":3},{"damage":2,"enemies":"Spire Growth","floor":40,"turns":3},{"damage":37,"enemies":"conspire:MimicChest","floor":42,"turns":5},{"damage":11,"enemies":"2 Orb Walkers","floor":44,"turns":3},{"damage":0,"enemies":"Writhing Mass","floor":46,"turns":2},{"damage":0,"enemies":"Nemesis","floor":47,"turns":1},{"damage":1,"enemies":"Jaw Worm Horde","floor":48,"turns":2},{"damage":0,"enemies":"4 Shapes","floor":49,"turns":4},{"damage":1,"enemies":"downfall:Watcher","floor":50,"turns":3},{"damage":0,"enemies":"downfall:CharBossMerchant","floor":52,"turns":2},{"damage":32,"enemies":"downfall:NeowBoss","floor":55,"turns":11}],"seed_played":"1959743902139986063","potions_obtained":[{"floor":5,"key":"Reflective Coating"},{"floor":10,"key":"Adrenaline Potion"},{"floor":11,"key":"Fire Potion"},{"floor":12,"key":"SkillPotion"},{"floor":16,"key":"Weak Potion"},{"floor":27,"key":"Block Potion"},{"floor":31,"key":"beaked:MendingBrew"}],"is_trial":false,"path_per_floor":["R","M","$","?","M","?","T","E","$","E","M","?","$","E","M","B",null,"R","M","?","?","M","R","T","?","M","M","?","R","$","E","M","B",null,"R","M","$","?","M","M","T","?","R","?","R","M","E","M","M","B",null,"E","$","R","B",null],"character_chosen":"BEAKED_THE_CULTIST","items_purchased":["beaked:Hexing","Crow Ritual","Guide Book","Garlic","HandDrill","Counterbalance"],"campfire_rested":0,"item_purchase_floors":[13,30,37,53,53,53],"current_hp_per_floor":[50,50,50,50,38,35,35,20,32,38,41,29,35,21,12,27,50,60,59,59,59,56,56,56,51,50,52,52,52,48,60,60,42,60,60,60,60,60,60,60,60,50,50,60,60,60,60,60,60,60,60,60,60,60,60],"gold":73,"neow_bonus":"THREE_CARDS","is_daily":false,"chose_seed":false,"campfire_upgraded":4,"win_rate":0.0,"timestamp":1609904213,"path_taken":["R","M","$","?","M","?","T","E","?","E","M","?","$","E","M","BOSS","R","M","?","?","M","R","T","?","?","M","?","R","$","E","M","BOSS","R","M","$","?","M","M","T","?","R","?","R","M","E","M","M","BOSS","E","$","R","BOSS"],"items_purchased_type":["Card","Card","Relic","Relic","Relic","Relic"],"build_version":"2020-12-22","purchased_purges":5,"victory":true,"max_hp_per_floor":[50,50,50,50,50,50,50,50,50,50,50,50,50,50,50,50,50,60,60,60,60,60,60,60,60,60,60,60,60,60,60,60,60,60,60,60,60,60,60,60,60,60,60,60,60,60,60,60,60,60,60,60,60,60,60],"card_choices":[{"not_picked":["beaked:Tweet","beaked:Overpower"],"picked":"beaked:Windmill","floor":0},{"not_picked":["beaked:Cower","beaked:Tweet","beaked:DigDeep"],"picked":"SKIP","floor":2},{"not_picked":["beaked:CursingBlood","beaked:Cower"],"picked":"beaked:AwakenedForm","floor":3},{"not_picked":["beaked:SurvivalInstinct","beaked:LiftOff"],"picked":"beaked:Windmill","floor":5},{"not_picked":["beaked:LiftOff","beaked:Tweet"],"picked":"beaked:TuckingFeathers","floor":8},{"not_picked":["beaked:SurvivalInstinct","beaked:TuckingFeathers","beaked:Evade"],"picked":"SKIP","floor":9},{"not_picked":["beaked:Replenish","beaked:TuckingFeathers","beaked:Resilience"],"picked":"SKIP","floor":10},{"not_picked":["beaked:CursingBlood","beaked:MimicWarrior","beaked:MimicHuntress"],"picked":"SKIP","floor":11},{"not_picked":["beaked:Daydream","beaked:Resilience","beaked:VigorBurst"],"picked":"SKIP","floor":13},{"not_picked":["beaked:Flinch","beaked:Evade"],"picked":"beaked:Windmill","floor":14},{"not_picked":["beaked:LiftOff","beaked:SurvivalInstinct"],"picked":"beaked:Foresight","floor":15},{"not_picked":["beaked:SacrificialAttack","beaked:Windmill"],"picked":"beaked:Foresight","floor":19},{"not_picked":["beaked:Evade+1","beaked:Negation+1"],"picked":"beaked:Insight","floor":22},{"not_picked":["beaked:DigDeep+1","beaked:Devastation+1","beaked:Replenish"],"picked":"SKIP","floor":26},{"not_picked":["beaked:DigDeeper","beaked:Overpower","beaked:Poke"],"picked":"SKIP","floor":27},{"not_picked":["beaked:Insight","beaked:Cower+1","beaked:RuinSticks"],"picked":"SKIP","floor":30},{"not_picked":["beaked:Struggle","beaked:CrazyRituals"],"picked":"beaked:Foresight","floor":31},{"not_picked":["beaked:BarbedWire","beaked:Insight+1","beaked:SurvivalInstinct"],"picked":"SKIP","floor":32},{"not_picked":["beaked:Molting+1","beaked:Evade+1","beaked:Insight"],"picked":"SKIP","floor":36},{"not_picked":["beaked:Tradeoff","beaked:Resilience"],"picked":"beaked:BraceForImpact+1","floor":39},{"not_picked":["beaked:Devastation+1","beaked:CrazyRituals","beaked:DigDeep"],"picked":"SKIP","floor":40},{"not_picked":["beaked:Cower+1","beaked:DigDeep+1","beaked:DigDeeper+1"],"picked":"SKIP","floor":46},{"not_picked":["beaked:WarriorEssence+1","beaked:DigDeep","beaked:Redirect+1"],"picked":"SKIP","floor":47},{"not_picked":["beaked:Windmill","beaked:Tweet+1","beaked:CursingBlood"],"picked":"SKIP","floor":48},{"not_picked":["beaked:Resilience","beaked:TuckingFeathers","beaked:Insight"],"picked":"SKIP","floor":49},{"not_picked":["beaked:BounceBack+1","beaked:DigDeep+1","beaked:Tweet"],"picked":"SKIP","floor":52}],"player_experience":1253832,"relics_obtained":[{"floor":4,"key":"Ring of Searing"},{"floor":8,"key":"Mummified Hand"},{"floor":10,"key":"Blue Candle"},{"floor":14,"key":"infinitespire:CheckeredPen"},{"floor":17,"key":"Pet Ghost"},{"floor":17,"key":"hubris:FunFungus"},{"floor":17,"key":"conspire:Dentures"},{"floor":24,"key":"Peace Pipe"},{"floor":28,"key":"Red Mask"},{"floor":31,"key":"Unceasing Top"},{"floor":41,"key":"beaked:ShinyBauble"},{"floor":42,"key":"ReplayTheSpireMod:Shallot"},{"floor":44,"key":"Calipers"},{"floor":47,"key":"Whetstone"},{"floor":52,"key":"hubris:64BitClover"}],"event_choices":[{"damage_healed":0,"gold_gain":0,"player_choice":"Relic ","damage_taken":3,"max_hp_gain":0,"max_hp_loss":0,"event_name":"betterThird:BetterScrap","floor":6,"gold_loss":0,"cards_obtained":["All Out Attack"]},{"damage_healed":0,"gold_gain":0,"player_choice":"Leave","damage_taken":0,"max_hp_gain":0,"max_hp_loss":0,"event_name":"conspire:Investor","floor":20,"gold_loss":0},{"damage_healed":0,"gold_gain":0,"player_choice":"Fought Bandits","damage_taken":0,"max_hp_gain":0,"max_hp_loss":0,"event_name":"Masked Bandits","floor":28,"gold_loss":0},{"damage_healed":0,"gold_gain":0,"player_choice":"Fight","damage_taken":0,"max_hp_gain":0,"max_hp_loss":0,"event_name":"Mysterious Sphere","floor":44,"gold_loss":0}],"is_beta":false,"boss_relics":[{"not_picked":["conspire:SeveredTorchhead","Replay:Bronze Core"],"picked":"Calling Bell"},{"not_picked":["Fusion Hammer","hubris:HollowSoul"],"picked":"hubris:Backtick"}],"items_purged_floors":[3,9,30,37,53],"is_endless":false,"potions_floor_spawned":[5,10,11,15,16,27,31,33,36,44,48,49],"ascension_level":1}}