{"host":"5e0jz0sn42a2vhx9","time":1609954455,"event":{"mods":["ATMod(°¢èªMod)","Act Like it!","BaseMod","Downfall","Lobotomy","Minty Spire (QoL Compilation)","Replay The Spire","StSLib","The Bug Knight","The Cursed","The Hierophant"],"gold_per_floor":[114,289,9482,9482,9498,9530,9530,9565,9589,9589,9589,8686,8702,8702,8702,8798,8798,8816,8816,8827,8839,8179,8179,8209,8219,8243,8332,7582,7649,7649,7649,7649,7823,7823,7966,6963,6963,6159,6195,6329,6329,6467,6467,6467,6467,5486,5539,5658,5658,5683,5683,5683,4682,4758,4783],"floor_reached":56,"playtime":3243,"items_purged":["Doubt","Regret","Normality","HollowMod:NailStrikeStart","HollowMod:DesolateDive+1","HollowMod:QuickDashStart"],"score":1744,"play_id":"39aa74c9-1264-46a1-96f7-7e2f2219fa08","local_time":"20210107013415","is_ascension_mode":true,"campfire_choices":[{"data":"AT_FamilyPortrait","floor":11,"key":"SMITH"},{"floor":15,"key":"DIG"},{"data":"AT_EmpoweredMortalDraw","floor":23,"key":"SMITH"},{"floor":30,"key":"RECALL"},{"data":"expansioncontent:Corrupt","floor":32,"key":"SMITH"},{"data":"HollowMod:HornetsHelp","floor":41,"key":"SMITH"},{"data":"HollowMod:LifebloodCore","floor":44,"key":"SMITH"},{"data":"Replay:SS_forest_2","floor":49,"key":"SMITH"},{"data":"HollowMod:ElderbugsWisdom","floor":52,"key":"SMITH"}],"circlet_count":0,"master_deck":["HollowMod:NailStrikeStart+1","HollowMod:QuickDashStart","HollowMod:QuickDashStart","HollowMod:QuickDashStart+1","HollowMod:FocusHealStart","HollowMod:PogoStrike","HollowMod:AwokenDreamNail+1","AT_FamilyPortrait+1","HollowMod:NewJinnsSoul","expansioncontent:Corrupt+1","HollowMod:SoulStrike","HollowMod:MantisMark","HollowMod:PerfectDash","HollowMod:Weaversong","Dramatic Entrance","HollowMod:MidwifesHunger","AT_EmpoweredMortalDraw+1","HollowMod:DoubleDash+1","HollowMod:theNailsmith","HollowMod:Weaversong","HollowMod:FastStrike+1","HollowMod:NewLittleFool+1","HollowMod:SoulStrike+1","HollowMod:LifebloodCore+1","HollowMod:CoiledNail","Panache","HollowMod:Hiveblood+1","HollowMod:SoulShaman+1","AT_BreakingExtremeWeapon+1","HollowMod:HornetsHelp+1","HollowMod:SoulSplash","HollowMod:SoulSplash","HollowMod:SoulVessel+1","HollowMod:ElderbugsWisdom+1","HollowMod:CloakDash+1","Replay:SS_forest_2+1","Chrysalis","Midas Touch+1","Survey Options+1"],"relics":["HollowMod:VesselMask","AT_ATBox","MealTicket","Torii","Pet Ghost","Potion Belt","OrangePellets","Mirror","Tiny Chest","AT_RedTearstoneRing","Anchor","AT_MortalBlade","Garlic","Darkstone Periapt","Orrery","Blood Vial","AT_MibuBalloonWealth","AT_LudenTempest","HollowMod:KingsBrand","Prayer Wheel","Black Star","AT_ArchangelStaff","Replay:Ringing Soul","Strange Spoon","Sundial","HollowMod:MillibellesNoteRelic","Strawberry","Guide Book","Du-Vu Doll","FossilizedHelix","Pantograph","White Beast Statue","AT_GoldPhoenixTree","Ancient Tea Set","AT_EbonyIvory","ReplayTheSpireMod:Ninjato","Golden Egg","Membership Card","Shuriken","Replay:Bottled Steam"],"acts_visited":["Exordium","TheCity","TheBeyond","TheEnding"],"potions_floor_usage":[1,6,8,16,16,16,16,20,21,24,24,36,40,40,47,47,47,47,50,50,50,50,54,54,54,55],"damage_taken":[{"damage":7,"enemies":"2 Louse","floor":1,"turns":1},{"damage":0,"enemies":"Jaw Worm","floor":5,"turns":3},{"damage":14,"enemies":"Lagavulin","floor":6,"turns":8},{"damage":1,"enemies":"HollowMod:MossKnight","floor":8,"turns":8},{"damage":1,"enemies":"Small Slimes","floor":13,"turns":3},{"damage":0,"enemies":"Hexaghost","floor":16,"turns":11},{"damage":0,"enemies":"Shell Parasite","floor":18,"turns":1},{"damage":4,"enemies":"2 Thieves","floor":20,"turns":4},{"damage":16,"enemies":"Snecko","floor":21,"turns":3},{"damage":9,"enemies":"Gremlin Leader","floor":24,"turns":4},{"damage":0,"enemies":"Snake Plant","floor":25,"turns":3},{"damage":5,"enemies":"3 Cultists","floor":27,"turns":2},{"damage":0,"enemies":"Centurion and Healer","floor":29,"turns":1},{"damage":33,"enemies":"Collector","floor":33,"turns":6},{"damage":0,"enemies":"3 Darklings","floor":35,"turns":2},{"damage":0,"enemies":"Orb Walker","floor":39,"turns":1},{"damage":22,"enemies":"Reptomancer","floor":40,"turns":3},{"damage":0,"enemies":"3 Darklings","floor":42,"turns":2},{"damage":86,"enemies":"Nemesis","floor":47,"turns":5},{"damage":0,"enemies":"4 Shapes","floor":48,"turns":2},{"damage":16,"enemies":"Time Eater","floor":50,"turns":7},{"damage":37,"enemies":"Shield and Spear","floor":54,"turns":6},{"damage":101,"enemies":"The Heart","floor":55,"turns":6}],"seed_played":"5179308945748241389","potions_obtained":[{"floor":1,"key":"ColorlessPotion"},{"floor":6,"key":"EntropicBrew"},{"floor":20,"key":"Adrenaline Potion"},{"floor":21,"key":"SpeedPotion"},{"floor":25,"key":"Swift Potion"},{"floor":35,"key":"Ancient Potion"},{"floor":39,"key":"Reflective Coating"},{"floor":42,"key":"Fire Potion"},{"floor":45,"key":"ColorlessPotion"},{"floor":45,"key":"EntropicBrew"},{"floor":45,"key":"FairyPotion"},{"floor":47,"key":"LifebloodPotion"},{"floor":54,"key":"Energy Potion"}],"is_trial":false,"path_per_floor":["M","?","$","?","M","E","?","E","T","?","R","$","M","?","R","B",null,"M","?","M","M","$","R","E","M","T","M","$","M","R","?","R","B",null,"M","$","T","$","M","E","R","M","T","R","?","$","E","M","R","B",null,"R","$","E","B",null],"character_chosen":"THE_BUGKNIGHT","items_purchased":["MealTicket","BlessingOfTheForge","expansioncontent:Corrupt","Torii","Swift Potion","HollowMod:Weaversong","OrangePellets","Mirror","Tiny Chest","Dramatic Entrance","Guardian:BlockOnCardUsePotion","EssenceOfSteel","Garlic","Darkstone Periapt","Orrery","AT_LudenTempest","HollowMod:KingsBrand","Panache","AT_ArchangelStaff","Replay:Ringing Soul","Strange Spoon","Fruit Juice","Elixir","AT_BreakingExtremeWeapon","HollowMod:MillibellesNoteRelic","Strawberry","Guide Book","HollowMod:HornetsHelp","HollowMod:SoulSplash","White Beast Statue","AT_GoldPhoenixTree","Replay:SS_forest_2","Chrysalis","ReplayTheSpireMod:Ninjato","Golden Egg","Membership Card","PowerPotion","Toxic Potion","Explosive Potion","Midas Touch","Survey Options"],"campfire_rested":0,"item_purchase_floors":[3,3,3,3,3,12,12,12,12,12,12,12,22,22,22,28,28,28,36,36,36,36,36,36,38,38,38,38,38,46,46,46,46,53,53,53,53,53,53,53,53],"current_hp_per_floor":[68,68,68,53,59,45,45,54,54,54,54,69,68,68,68,74,75,75,75,71,55,70,70,61,69,69,66,75,75,75,81,81,48,81,81,89,89,99,102,83,83,94,94,94,94,111,38,40,40,87,111,111,114,84,10],"gold":4783,"neow_bonus":"ONE_RANDOM_RARE_CARD","is_daily":false,"chose_seed":false,"campfire_upgraded":7,"win_rate":0.0,"timestamp":1609954455,"path_taken":["M","?","$","?","?","E","?","E","T","?","R","$","M","?","R","BOSS","M","?","M","M","$","R","E","M","T","M","$","M","R","?","R","BOSS","M","$","?","$","?","E","R","M","T","R","?","?","E","M","R","BOSS","R","$","E","BOSS"],"items_purchased_type":["Relic","Potion","Card","Relic","Potion","Card","Relic","Relic","Relic","Card","Potion","Potion","Relic","Relic","Relic","Relic","Relic","Card","Relic","Relic","Relic","Potion","Potion","Card","Relic","Relic","Relic","Card","Card","Relic","Relic","Card","Card","Relic","Relic","Relic","Potion","Potion","Potion","Card","Card"],"build_version":"2020-12-22","purchased_purges":6,"victory":true,"max_hp_per_floor":[75,75,75,75,75,75,75,75,75,75,75,75,75,75,75,75,75,75,75,75,75,75,75,75,75,75,75,75,75,75,81,81,81,81,81,89,89,99,102,105,105,108,108,108,108,111,111,111,111,111,111,111,114,114,114],"card_choices":[{"not_picked":["HollowMod:DashSlash","HollowMod:HowlingWraiths"],"picked":"HollowMod:NewJinnsSoul","floor":1},{"not_picked":["HollowMod:NewJinnsSoul","HollowMod:DescendingDark"],"picked":"HollowMod:SoulStrike","floor":5},{"not_picked":["HollowMod:HowlingWraiths","HollowMod:QuirrelsAssistance"],"picked":"HollowMod:MantisMark","floor":6},{"not_picked":["HollowMod:CloakDash","HollowMod:InfectedCysts"],"picked":"HollowMod:PerfectDash","floor":8},{"not_picked":["HollowMod:VengefulVoid","HollowMod:NewGlowingWomb","HollowMod:InfectedCysts"],"picked":"SKIP","floor":13},{"not_picked":["HollowMod:Hiveblood","HollowMod:PureVessel"],"picked":"HollowMod:MidwifesHunger","floor":16},{"not_picked":["HollowMod:GoodIntentions","HollowMod:TaintedHusks"],"picked":"HollowMod:DoubleDash+1","floor":18},{"not_picked":["HollowMod:DreamGate","HollowMod:SoulSplash"],"picked":"HollowMod:FastStrike+1","floor":20},{"not_picked":["HollowMod:TaintedHusks+1","HollowMod:InfectedAttack+1"],"picked":"HollowMod:NewLittleFool+1","floor":21},{"not_picked":["HollowMod:GoodIntentions+1","HollowMod:MawleksShell"],"picked":"HollowMod:SoulStrike+1","floor":22},{"not_picked":["HollowMod:WraithStrike","HollowMod:SharpenedNail+1"],"picked":"HollowMod:LifebloodCore","floor":22},{"not_picked":["HollowMod:NewJinnsSoul","HollowMod:CloakDash","HollowMod:GreatSlash"],"picked":"SKIP","floor":24},{"not_picked":["HollowMod:CycloneSlash","HollowMod:ChannelNail"],"picked":"HollowMod:DesolateDive+1","floor":25},{"not_picked":["HollowMod:InfectedAttack+1","HollowMod:InfectionAssault"],"picked":"HollowMod:CoiledNail","floor":27},{"not_picked":["HollowMod:DashSlash","HollowMod:InfectedCysts","HollowMod:DungDefenderAura"],"picked":"SKIP","floor":29},{"not_picked":["HollowMod:LordofShades","HollowMod:AwokenDreamNail"],"picked":"HollowMod:Hiveblood","floor":33},{"not_picked":["HollowMod:VengefulSpirit+1","HollowMod:MothsMistake+1"],"picked":"HollowMod:SoulShaman+1","floor":35},{"not_picked":["HollowMod:GreatSlash+1","HollowMod:SoulSplash","HollowMod:HeavyBlow"],"picked":"SKIP","floor":35},{"not_picked":["HollowMod:TaintedHusks","HollowMod:SiblingsShadow"],"picked":"HollowMod:SoulVessel+1","floor":39},{"not_picked":["HollowMod:SharpenedShadows","HollowMod:InfectedAttack","HollowMod:WraithStrike+1"],"picked":"SKIP","floor":39},{"not_picked":["HollowMod:HowlingWraiths+1","HollowMod:InfectedCysts+1"],"picked":"HollowMod:ElderbugsWisdom","floor":40},{"not_picked":["HollowMod:DashSlash","HollowMod:VengefulSpirit"],"picked":"HollowMod:CloakDash+1","floor":42},{"not_picked":["HollowMod:HeavyBlow","HollowMod:SiblingsSouls+1","HollowMod:NewJinnsSoul+1"],"picked":"SKIP","floor":42},{"not_picked":["HollowMod:DreamGate+1","HollowMod:SoulSplash","HollowMod:InfectedAttack"],"picked":"SKIP","floor":47},{"not_picked":["HollowMod:HowlingWraiths+1","HollowMod:InfectedCysts+1","HollowMod:ShadowDash"],"picked":"SKIP","floor":48},{"not_picked":["HollowMod:MawleksShell","HollowMod:NewLittleFool","HollowMod:VengefulVoid+1"],"picked":"SKIP","floor":48},{"not_picked":["HollowMod:LordofShades","HollowMod:InfectionAssault+1","HollowMod:MonarchWings+1"],"picked":"SKIP","floor":54}],"player_experience":354619,"relics_obtained":[{"floor":6,"key":"Pet Ghost"},{"floor":8,"key":"Potion Belt"},{"floor":15,"key":"Anchor"},{"floor":24,"key":"Blood Vial"},{"floor":26,"key":"AT_MibuBalloonWealth"},{"floor":37,"key":"Sundial"},{"floor":40,"key":"Du-Vu Doll"},{"floor":40,"key":"FossilizedHelix"},{"floor":43,"key":"Pantograph"},{"floor":47,"key":"Ancient Tea Set"},{"floor":47,"key":"AT_EbonyIvory"},{"floor":54,"key":"Shuriken"},{"floor":54,"key":"Replay:Bottled Steam"}],"event_choices":[{"damage_healed":0,"gold_gain":175,"player_choice":"AGREE","damage_taken":0,"max_hp_gain":0,"max_hp_loss":0,"event_name":"Liars Game","floor":2,"gold_loss":0,"cards_obtained":["Doubt"]},{"damage_healed":0,"gold_gain":0,"player_choice":"Entered Light","damage_taken":15,"max_hp_gain":0,"max_hp_loss":0,"event_name":"Shining Light","floor":4,"gold_loss":0,"cards_upgraded":["HollowMod:AwokenDreamNail","HollowMod:NailStrikeStart"]},{"damage_healed":0,"gold_gain":0,"player_choice":"Box","damage_taken":0,"relics_obtained":["AT_RedTearstoneRing"],"max_hp_gain":0,"max_hp_loss":0,"event_name":"Big Fish","floor":14,"gold_loss":0,"cards_obtained":["Regret"]},{"damage_healed":0,"gold_gain":0,"cards_transformed":["HollowMod:NailStrikeStart","HollowMod:NailStrikeStart"],"player_choice":"Became Test Subject","damage_taken":0,"max_hp_gain":0,"max_hp_loss":0,"event_name":"Drug Dealer","floor":19,"gold_loss":0,"cards_obtained":["HollowMod:theNailsmith","HollowMod:Weaversong"]},{"damage_healed":0,"gold_gain":0,"player_choice":"Got Potions","damage_taken":0,"max_hp_gain":0,"max_hp_loss":0,"event_name":"Lab","floor":45,"gold_loss":0}],"is_beta":false,"boss_relics":[{"not_picked":["Honey Jar","Painkiller Herb"],"picked":"AT_MortalBlade"},{"not_picked":["Replay:Drink Me","Cursed Key"],"picked":"Black Star"}],"items_purged_floors":[3,28,36,38,46,53],"is_endless":false,"potions_floor_spawned":[1,6,20,21,25,35,39,42,47,48,54],"ascension_level":1}}