{"host":"lpogke4cwz8zw1ju","time":1609899246,"event":{"mods":["Always Whale","BaseMod","Minty Spire (QoL Compilation)","Permanent Neow"],"gold_per_floor":[111,111,126,126,142,142,152,152,152,187,199,211,211,229,229,327,327,327,327,327,327,53,53,53,53,53,53,53,53,53,53,53,53,53,53,53,53,53,53,53,1,1,1,1,1,1,1],"floor_reached":46,"playtime":2510,"items_purged":["Strike_B"],"score":442,"play_id":"a67f5a33-580b-4eb1-b028-cc2b74db7b37","local_time":"20210106031406","is_ascension_mode":false,"campfire_choices":[{"data":"Go for the Eyes","floor":6,"key":"SMITH"},{"data":"Hologram","floor":8,"key":"SMITH"},{"floor":15,"key":"REST"},{"data":"Machine Learning","floor":23,"key":"SMITH"},{"floor":30,"key":"REST"},{"floor":32,"key":"REST"},{"floor":40,"key":"REST"}],"circlet_count":0,"master_deck":["Strike_B","Defend_B","Defend_B","Defend_B","Zap","Dualcast","Rebound","Go for the Eyes+1","Hologram+1","Skim","Gash","Machine Learning+1","Hologram","Gash","Sweeping Beam","All For One","Electrodynamics+1","Skim+1","All For One+1","Stack+1","Cold Snap","White Noise","Gash"],"relics":["Cracked Core","Boot","Gambling Chip","CaptainsWheel","Happy Flower","Ectoplasm","MealTicket","Vajra","MawBank","Omamori","Singing Bowl","Astrolabe","Potion Belt","Nunchaku"],"acts_visited":["Exordium","TheCity","TheBeyond"],"potions_floor_usage":[24,29,33,46],"damage_taken":[{"damage":0,"enemies":"Small Slimes","floor":1,"turns":3},{"damage":6,"enemies":"Jaw Worm","floor":3,"turns":3},{"damage":0,"enemies":"2 Louse","floor":5,"turns":1},{"damage":7,"enemies":"Large Slime","floor":7,"turns":4},{"damage":16,"enemies":"Lagavulin","floor":10,"turns":5},{"damage":5,"enemies":"Looter","floor":11,"turns":2},{"damage":14,"enemies":"Exordium Thugs","floor":12,"turns":3},{"damage":8,"enemies":"Lots of Slimes","floor":14,"turns":3},{"damage":11,"enemies":"Slime Boss","floor":16,"turns":9},{"damage":10,"enemies":"Spheric Guardian","floor":18,"turns":3},{"damage":35,"enemies":"Gremlin Leader","floor":24,"turns":5},{"damage":2,"enemies":"Shell Parasite","floor":25,"turns":4},{"damage":33,"enemies":"Shelled Parasite and Fungi","floor":28,"turns":3},{"damage":5,"enemies":"Colosseum Slavers","floor":29,"turns":3},{"damage":57,"enemies":"Collector","floor":33,"turns":8},{"damage":15,"enemies":"Orb Walker","floor":35,"turns":2},{"damage":15,"enemies":"3 Darklings","floor":37,"turns":4},{"damage":22,"enemies":"Jaw Worm Horde","floor":38,"turns":3},{"damage":0,"enemies":"Transient","floor":42,"turns":5},{"damage":17,"enemies":"Maw","floor":44,"turns":5},{"damage":42,"enemies":"Writhing Mass","floor":45,"turns":5},{"damage":8,"enemies":"4 Shapes","floor":46,"turns":2}],"seed_played":"387986174023116044","potions_obtained":[{"floor":1,"key":"SpeedPotion"},{"floor":10,"key":"PowerPotion"},{"floor":11,"key":"GamblersBrew"},{"floor":35,"key":"FocusPotion"},{"floor":44,"key":"FocusPotion"},{"floor":45,"key":"PowerPotion"}],"is_trial":false,"path_per_floor":["M","?","M","?","M","R","M","R","T","E","M","M","?","M","R","B",null,"M","?","$","?","$","R","E","M","T","$","M","?","R","T","R","B",null,"M","?","M","M","T","R","$","M","T","M","M","M"],"character_chosen":"DEFECT","items_purchased":["Gash","Vajra","Cold Snap"],"campfire_rested":4,"item_purchase_floors":[22,22,41],"current_hp_per_floor":[75,75,69,69,69,69,62,62,62,46,41,27,27,19,41,30,75,65,65,75,75,75,75,40,38,38,53,20,15,37,37,59,2,75,62,62,47,27,27,50,65,65,65,48,8,0,0],"gold":1,"neow_bonus":"RANDOM_COMMON_RELIC","is_daily":false,"chose_seed":false,"campfire_upgraded":3,"win_rate":0.0,"timestamp":1609899246,"path_taken":["M","?","M","?","M","R","M","R","T","E","M","M","?","?","R","BOSS","M","?","$","?","$","R","E","M","T","$","M","?","R","?","R","BOSS","M","?","M","?","?","R","$","M","T","M","?","M"],"items_purchased_type":["Card","Relic","Card"],"build_version":"2020-12-22","purchased_purges":1,"victory":false,"max_hp_per_floor":[75,75,75,75,75,75,75,75,75,75,75,75,75,75,75,75,75,75,75,75,75,75,75,75,75,75,75,75,75,75,75,75,75,75,77,77,77,79,79,79,79,79,79,79,81,81,81],"card_choices":[{"not_picked":["Undo","Recycle"],"picked":"Rebound","floor":1},{"not_picked":["Turbo","Leap"],"picked":"Go for the Eyes","floor":3},{"not_picked":["Rebound","Reinforced Body","Lockon"],"picked":"SKIP","floor":5},{"not_picked":["Aggregate","Chaos"],"picked":"Hologram","floor":7},{"not_picked":["Cold Snap","Compile Driver"],"picked":"Skim","floor":10},{"not_picked":["Chaos","Sunder","Glacier"],"picked":"SKIP","floor":11},{"not_picked":["Hologram","Sweeping Beam"],"picked":"Gash","floor":12},{"not_picked":["Barrage","Loop","Undo"],"picked":"SKIP","floor":14},{"not_picked":["Core Surge","Reboot"],"picked":"Machine Learning","floor":16},{"not_picked":["Skim","Coolheaded"],"picked":"Hologram","floor":18},{"not_picked":["Doom and Gloom+1","Aggregate+1","Barrage+1"],"picked":"SKIP","floor":24},{"not_picked":["Rebound","Genetic Algorithm+1"],"picked":"Sweeping Beam","floor":25},{"not_picked":["Coolheaded","Turbo","Cold Snap"],"picked":"SKIP","floor":28},{"not_picked":["Meteor Strike","Hyperbeam"],"picked":"All For One","floor":33},{"not_picked":["Redo+1","Coolheaded","Force Field+1"],"picked":"Singing Bowl","floor":35},{"not_picked":["Sweeping Beam","Melter+1"],"picked":"Stack+1","floor":37},{"not_picked":["Barrage+1","Compile Driver","Streamline+1"],"picked":"Singing Bowl","floor":38},{"not_picked":["Sweeping Beam","Steam"],"picked":"White Noise","floor":42},{"not_picked":["Consume","Steam"],"picked":"Gash","floor":44},{"not_picked":["Cold Snap","Redo+1","Doom and Gloom"],"picked":"Singing Bowl","floor":45}],"player_experience":193560,"relics_obtained":[{"floor":9,"key":"Gambling Chip"},{"floor":10,"key":"CaptainsWheel"},{"floor":24,"key":"MawBank"},{"floor":26,"key":"Omamori"},{"floor":31,"key":"Singing Bowl"},{"floor":39,"key":"Potion Belt"},{"floor":43,"key":"Nunchaku"}],"event_choices":[{"damage_healed":0,"gold_gain":0,"player_choice":"Ignored","damage_taken":0,"max_hp_gain":0,"max_hp_loss":0,"event_name":"Liars Game","floor":2,"gold_loss":0},{"damage_healed":0,"gold_gain":0,"player_choice":"Ignored","damage_taken":0,"max_hp_gain":0,"max_hp_loss":0,"event_name":"Golden Idol","floor":4,"gold_loss":0},{"damage_healed":0,"gold_gain":0,"player_choice":"Searched \u00272\u0027 times","damage_taken":0,"relics_obtained":["Happy Flower"],"max_hp_gain":0,"max_hp_loss":0,"event_name":"Dead Adventurer","floor":13,"gold_loss":0},{"damage_healed":0,"gold_gain":0,"player_choice":"Opened","damage_taken":0,"relics_obtained":["MealTicket"],"max_hp_gain":0,"max_hp_loss":0,"event_name":"The Mausoleum","floor":19,"gold_loss":0},{"damage_healed":0,"gold_gain":0,"player_choice":"Ignored","damage_taken":0,"max_hp_gain":0,"max_hp_loss":0,"event_name":"Beggar","floor":21,"gold_loss":0},{"damage_healed":0,"gold_gain":0,"player_choice":"Fight","damage_taken":0,"max_hp_gain":0,"max_hp_loss":0,"event_name":"Colosseum","floor":29,"gold_loss":0},{"damage_healed":0,"gold_gain":0,"player_choice":"Fled From Nobs","damage_taken":0,"max_hp_gain":0,"max_hp_loss":0,"event_name":"Colosseum","floor":29,"gold_loss":0},{"damage_healed":0,"gold_gain":100,"player_choice":"Pray","damage_taken":0,"max_hp_gain":0,"max_hp_loss":0,"event_name":"Golden Shrine","floor":36,"gold_loss":0}],"is_beta":false,"boss_relics":[{"not_picked":["Snecko Eye","Busted Crown"],"picked":"Ectoplasm"},{"not_picked":["Cursed Key","Inserter"],"picked":"Astrolabe"}],"items_purged_floors":[22],"is_endless":false,"potions_floor_spawned":[1,10,11,29,35,44,45],"killed_by":"4 Shapes","ascension_level":0}}