{"host":"qrt7o4dq2qslzw13","time":1609931386,"event":{"mods":["AchievementEnabler","BaseMod","Colored Map","Colored Powertips","Minty Spire (QoL Compilation)","Quick Restart","StSLib","SuperFastMode"],"gold_per_floor":[112,34,48,60,235,268,268,268,268,268,11,11,41,60,60,161,161,172,14,14,33,51,51,79,79,79,98,98,115,133,143,143,143,143],"floor_reached":33,"playtime":753,"items_purged":[],"score":277,"play_id":"4df4d21d-6e61-4fe3-a79c-0f70fa4221a1","local_time":"20210106060946","is_ascension_mode":false,"campfire_choices":[{"data":"Immolate","floor":8.0,"key":"SMITH"},{"data":"Anger","floor":10.0,"key":"SMITH"},{"floor":15.0,"key":"REST"},{"data":"Heavy Blade","floor":23.0,"key":"SMITH"},{"data":"Fiend Fire","floor":25.0,"key":"SMITH"},{"data":"Second Wind","floor":32.0,"key":"SMITH"}],"circlet_count":0,"master_deck":["Strike_R","Strike_R","Strike_R","Strike_R","Defend_R","Defend_R","Defend_R","Defend_R","Bash","Anger+1","Spot Weakness+1","Second Wind+1","Pommel Strike","Twin Strike","Doubt","Immolate+1","Shrug It Off","Dual Wield","Fiend Fire+1","Power Through","Heavy Blade+1","Shrug It Off","Rampage+1","Iron Wave+1","Spot Weakness","Flex","Impervious"],"relics":["Black Blood","InkBottle","Bronze Scales","Akabeko","Shuriken","Potion Belt","Membership Card","Molten Egg 2","Gambling Chip"],"acts_visited":["Exordium","TheCity"],"potions_floor_usage":[],"damage_taken":[{"damage":0.0,"enemies":"2 Louse","floor":1.0,"turns":2.0},{"damage":1.0,"enemies":"Cultist","floor":3.0,"turns":3.0},{"damage":11.0,"enemies":"Jaw Worm","floor":4.0,"turns":2.0},{"damage":21.0,"enemies":"Lagavulin","floor":6.0,"turns":5.0},{"damage":15.0,"enemies":"Gremlin Nob","floor":13.0,"turns":3.0},{"damage":1.0,"enemies":"3 Louse","floor":14.0,"turns":3.0},{"damage":41.0,"enemies":"Hexaghost","floor":16.0,"turns":5.0},{"damage":7.0,"enemies":"3 Byrds","floor":18.0,"turns":3.0},{"damage":7.0,"enemies":"Shell Parasite","floor":21.0,"turns":3.0},{"damage":10.0,"enemies":"Snecko","floor":22.0,"turns":5.0},{"damage":35.0,"enemies":"Gremlin Leader","floor":24.0,"turns":6.0},{"damage":8.0,"enemies":"Cultist and Chosen","floor":27.0,"turns":4.0},{"damage":2.0,"enemies":"Sentry and Sphere","floor":29.0,"turns":3.0},{"damage":0.0,"enemies":"Snecko","floor":30.0,"turns":3.0},{"damage":13.0,"enemies":"Snake Plant","floor":31.0,"turns":2.0},{"damage":0,"enemies":"Collector","floor":33,"turns":1}],"seed_played":"-3220664722921141942","potions_obtained":[{"floor":3.0,"key":"FearPotion"},{"floor":4.0,"key":"Weak Potion"},{"floor":14.0,"key":"PowerPotion"},{"floor":22.0,"key":"Energy Potion"},{"floor":24.0,"key":"HeartOfIron"},{"floor":27.0,"key":"Weak Potion"},{"floor":30.0,"key":"FairyPotion"}],"is_trial":false,"path_per_floor":["M","$","M","M","?","E","?","R","T","R","$","?","E","M","R","B",null,"M","$","?","M","M","R","E","R","T","M","?","M","M","M","R","B"],"character_chosen":"IRONCLAD","items_purchased":["Second Wind","Shuriken","Membership Card","Heavy Blade"],"campfire_rested":1,"item_purchase_floors":[2,11,19,19],"current_hp_per_floor":[80,80,80,75,75,60,48,48,48,48,48,48,39,44,68,33,80,80,80,80,80,80,80,57,57,57,61,61,71,80,79,79,79,79],"gold":143,"neow_bonus":"TRANSFORM_CARD","is_daily":false,"chose_seed":false,"campfire_upgraded":5,"win_rate":0.0,"timestamp":1609931386,"path_taken":["M","$","M","M","?","E","?","R","T","R","$","?","E","M","R","BOSS","M","$","?","M","M","R","E","R","T","M","?","M","M","M","R","BOSS"],"items_purchased_type":["Card","Relic","Relic","Card"],"build_version":"2020-12-22","purchased_purges":0,"victory":false,"max_hp_per_floor":[80,80,80,80,80,80,80,80,80,80,80,80,80,80,80,80,80,80,80,80,80,80,80,80,80,80,80,80,80,80,80,80,80,80],"card_choices":[{"not_picked":["Body Slam","Perfected Strike"],"picked":"Spot Weakness","floor":1.0},{"not_picked":["Armaments","Shrug It Off"],"picked":"Pommel Strike","floor":3.0},{"not_picked":["Clothesline","Armaments"],"picked":"Twin Strike","floor":4.0},{"not_picked":["Body Slam","Sword Boomerang"],"picked":"Immolate","floor":6.0},{"not_picked":["Bloodletting","Berserk"],"picked":"Shrug It Off","floor":13.0},{"not_picked":["True Grit","Battle Trance"],"picked":"Dual Wield","floor":14.0},{"not_picked":["Juggernaut","Exhume"],"picked":"Fiend Fire","floor":16.0},{"not_picked":["Cleave","Pummel+1"],"picked":"Power Through","floor":18.0},{"not_picked":["Twin Strike","Reckless Charge"],"picked":"Shrug It Off","floor":21.0},{"not_picked":["Clash","Infernal Blade"],"picked":"Rampage+1","floor":22.0},{"not_picked":["Clash+1","Intimidate","Havoc"],"picked":"SKIP","floor":24.0},{"not_picked":["Flex","Entrench"],"picked":"Iron Wave+1","floor":27.0},{"not_picked":["Iron Wave+1","Spot Weakness","Perfected Strike+1"],"picked":"SKIP","floor":29.0},{"not_picked":["Iron Wave+1","Perfected Strike+1"],"picked":"Spot Weakness","floor":29.0},{"not_picked":["Clash+1","True Grit"],"picked":"Flex","floor":30.0},{"not_picked":["Combust","Twin Strike+1"],"picked":"Impervious","floor":31.0}],"player_experience":506785,"relics_obtained":[{"floor":6.0,"key":"InkBottle"},{"floor":9.0,"key":"Akabeko"},{"floor":13.0,"key":"Potion Belt"},{"floor":24.0,"key":"Molten Egg 2"},{"floor":26.0,"key":"Gambling Chip"}],"event_choices":[{"damage_healed":0.0,"max_hp_gain":0.0,"max_hp_loss":0.0,"gold_gain":175.0,"event_name":"Liars Game","player_choice":"AGREE","floor":5.0,"gold_loss":0.0,"damage_taken":0.0,"cards_obtained":["Doubt"]},{"damage_healed":0.0,"max_hp_gain":0.0,"max_hp_loss":0.0,"gold_gain":0.0,"event_name":"Scrap Ooze","player_choice":"Success","floor":7.0,"gold_loss":0.0,"damage_taken":12.0,"relics_obtained":["Bronze Scales"]},{"damage_healed":0.0,"max_hp_gain":0.0,"max_hp_loss":0.0,"gold_gain":0.0,"event_name":"Living Wall","player_choice":"Grow","floor":12.0,"gold_loss":0.0,"damage_taken":0.0,"cards_upgraded":["Spot Weakness"]},{"damage_healed":0.0,"max_hp_gain":0.0,"max_hp_loss":0.0,"gold_gain":0.0,"event_name":"Ghosts","player_choice":"Ignored","floor":20.0,"gold_loss":0.0,"damage_taken":0.0},{"damage_healed":0.0,"max_hp_gain":0.0,"max_hp_loss":0.0,"gold_gain":0.0,"event_name":"Vampires","player_choice":"Ignored","floor":28.0,"gold_loss":0.0,"damage_taken":0.0}],"is_beta":false,"boss_relics":[{"not_picked":["Runic Dome","Fusion Hammer"],"picked":"Black Blood"}],"items_purged_floors":[],"is_endless":false,"potions_floor_spawned":[3,4,14,22,24,27,30],"killed_by":"Collector","ascension_level":0}}