{"host":"naykp6d9ulahlwib","time":1609898513,"event":{"mods":["BaseMod","Highlight Path","Minty Spire (QoL Compilation)","Shop Mod","StSLib","The Cursed"],"gold_per_floor":[111,130,130,149,173,173,222,244,270,313,313,313,338,134,134,239,239,254,304,336,87,87,139,139,89,89,89,89,137,164,187,187,287,287,319,346,377,377,661,661,701,715,739,273,273,295,328,328,328,328],"floor_reached":51,"playtime":6382,"items_purged":["Strike_G","Strike_G","Strike_G+1","Regret"],"score":1422,"play_id":"002289f3-a361-4f5d-903f-e593e126ff14","local_time":"20210105200153","is_ascension_mode":true,"campfire_choices":[{"data":"Neutralize","floor":6.0,"key":"SMITH"},{"floor":11.0,"key":"REST"},{"data":"Burst","floor":15.0,"key":"SMITH"},{"floor":24.0,"key":"REST"},{"floor":27.0,"key":"REST"},{"data":"Footwork","floor":32.0,"key":"SMITH"},{"data":"After Image","floor":40.0,"key":"SMITH"},{"data":"Calculated Gamble","floor":45.0,"key":"SMITH"},{"data":"Burst","floor":49,"key":"SMITH"}],"circlet_count":0,"master_deck":["AscendersBane","Survivor","Neutralize+1","Burst+1","Blade Dance","Footwork+1","Prepared","Accuracy","Dodge and Roll","Blur","Blur","Cloak And Dagger","Blade Dance","Footwork","Bullet Time","Sucker Punch+1","Accuracy","Calculated Gamble+1","Blur","Prepared","After Image+1","Escape Plan","PiercingWail","Blur","Terror","Burst+1"],"relics":["Ring of the Snake","Golden Idol","Nunchaku","CeramicFish","Snake Skull","Darkstone Periapt","Philosopher\u0027s Stone","DollysMirror","Smiling Mask","Ninja Scroll","Orichalcum","Pandora\u0027s Box","Pocketwatch","Strawberry","Boot","Regal Pillow","Letter Opener"],"acts_visited":["Exordium","TheCity","TheBeyond"],"potions_floor_usage":[48,50],"damage_taken":[{"damage":1.0,"enemies":"Small Slimes","floor":1.0,"turns":4.0},{"damage":6.0,"enemies":"Jaw Worm","floor":2.0,"turns":7.0},{"damage":0.0,"enemies":"Cultist","floor":4.0,"turns":5.0},{"damage":20.0,"enemies":"Gremlin Nob","floor":7.0,"turns":5.0},{"damage":10.0,"enemies":"Exordium Thugs","floor":8.0,"turns":7.0},{"damage":18.0,"enemies":"3 Sentries","floor":10.0,"turns":11.0},{"damage":2.0,"enemies":"Blue Slaver","floor":13.0,"turns":4.0},{"damage":51.0,"enemies":"Slime Boss","floor":16.0,"turns":13.0},{"damage":0.0,"enemies":"3 Byrds","floor":18.0,"turns":7.0},{"damage":7.0,"enemies":"Chosen","floor":20.0,"turns":7.0},{"damage":34.0,"enemies":"Slavers","floor":23.0,"turns":9.0},{"damage":5.0,"enemies":"Book of Stabbing","floor":29.0,"turns":6.0},{"damage":0.0,"enemies":"Sentry and Sphere","floor":30.0,"turns":7.0},{"damage":0.0,"enemies":"Centurion and Healer","floor":31.0,"turns":10.0},{"damage":14.0,"enemies":"Champ","floor":33.0,"turns":22.0},{"damage":0.0,"enemies":"Orb Walker","floor":35.0,"turns":3.0},{"damage":0.0,"enemies":"3 Shapes","floor":36.0,"turns":3.0},{"damage":0.0,"enemies":"Mind Bloom Boss Battle","floor":37.0,"turns":3.0},{"damage":3.0,"enemies":"Nemesis","floor":41.0,"turns":13.0},{"damage":2.0,"enemies":"Writhing Mass","floor":42.0,"turns":12.0},{"damage":3.0,"enemies":"Spire Growth","floor":46.0,"turns":6.0},{"damage":0.0,"enemies":"Giant Head","floor":47.0,"turns":6.0},{"damage":0,"enemies":"Transient","floor":48,"turns":1},{"damage":40,"enemies":"Awakened One","floor":50,"turns":18}],"seed_played":"-8702418399417237605","potions_obtained":[{"floor":1.0,"key":"Energy Potion"},{"floor":2.0,"key":"FearPotion"},{"floor":7.0,"key":"PowerPotion"},{"floor":10.0,"key":"FairyPotion"},{"floor":16.0,"key":"AttackPotion"},{"floor":18.0,"key":"EntropicBrew"},{"floor":20.0,"key":"Regen Potion"},{"floor":28.0,"key":"Fruit Juice"},{"floor":28.0,"key":"Fruit Juice"},{"floor":31.0,"key":"Dexterity Potion"},{"floor":33.0,"key":"Poison Potion"},{"floor":36.0,"key":"EssenceOfSteel"}],"is_trial":false,"path_per_floor":["M","M","?","M","T","R","E","M","T","E","R","?","M","$","R","B",null,"M","?","M","$","?","E","R","$","T","R","?","E","M","M","R","B",null,"M","M","?","?","?","R","E","M","T","$","R","M","E","M","R","B",null],"character_chosen":"THE_SILENT","items_purchased":["Cloak And Dagger","Blade Dance","Footwork","DollysMirror","Regal Pillow","Terror","Fruit Juice","Explosive Potion"],"campfire_rested":3,"item_purchase_floors":[14,14,14,21,44,44,44,44],"current_hp_per_floor":[58,52,52,52,52,52,32,22,22,4,22,22,20,20,20,18,50,50,50,43,43,43,24,42,42,42,60,65,60,60,65,65,51,65,65,65,65,65,71,71,75,73,73,78,78,75,75,75,75,35],"gold":328,"neow_bonus":"ONE_RANDOM_RARE_CARD","is_daily":false,"chose_seed":false,"campfire_upgraded":6,"win_rate":0.0,"timestamp":1609898513,"path_taken":["M","M","?","M","?","R","E","?","T","E","R","?","M","$","R","BOSS","M","?","M","?","?","E","R","$","T","R","?","E","M","?","R","BOSS","M","M","?","?","?","R","E","M","T","$","R","?","E","M","R","BOSS"],"items_purchased_type":["Card","Card","Card","Relic","Relic","Card","Potion","Potion"],"build_version":"2020-12-22","purchased_purges":4,"victory":true,"max_hp_per_floor":[66,66,60,60,60,60,60,60,60,60,60,60,60,60,60,60,60,60,60,60,60,60,60,60,60,60,60,65,65,65,70,70,70,70,70,70,70,70,76,76,83,83,83,88,88,88,88,88,88,88],"card_choices":[{"not_picked":["Acrobatics","Dagger Throw"],"picked":"Blade Dance","floor":1.0},{"not_picked":["Dagger Throw","Dodge and Roll"],"picked":"Footwork","floor":2.0},{"not_picked":["Caltrops","Deadly Poison"],"picked":"Prepared","floor":4.0},{"not_picked":["Distraction","Reflex"],"picked":"Accuracy","floor":7.0},{"not_picked":["Riddle With Holes","Outmaneuver"],"picked":"Dodge and Roll","floor":8.0},{"not_picked":["Catalyst","Distraction"],"picked":"Blur","floor":10.0},{"not_picked":["Dagger Spray","Deflect"],"picked":"Blur","floor":13.0},{"not_picked":["Wraith Form v2","Venomology"],"picked":"Bullet Time","floor":16.0},{"not_picked":["Deflect+1","Dagger Throw","Quick Slash"],"picked":"SKIP","floor":18.0},{"not_picked":["PiercingWail","Acrobatics+1"],"picked":"Sucker Punch+1","floor":20.0},{"not_picked":["Bane","Dagger Throw"],"picked":"Calculated Gamble","floor":23.0},{"not_picked":["Distraction","Cloak And Dagger"],"picked":"Blur","floor":29.0},{"not_picked":["Flying Knee","Sucker Punch"],"picked":"Prepared","floor":30.0},{"not_picked":["Sucker Punch+1","Heel Hook+1","Acrobatics"],"picked":"SKIP","floor":31.0},{"not_picked":["Malaise","Glass Knife"],"picked":"After Image","floor":33.0},{"not_picked":["Endless Agony","Concentrate+1"],"picked":"Escape Plan","floor":35.0},{"not_picked":["Accuracy","Masterful Stab"],"picked":"PiercingWail","floor":36.0},{"not_picked":["Quick Slash","Expertise"],"picked":"Blur","floor":41.0},{"not_picked":["Calculated Gamble","Sucker Punch+1","Flechettes+1"],"picked":"SKIP","floor":42.0},{"not_picked":["Underhanded Strike","Blade Dance+1"],"picked":"Burst","floor":46.0},{"not_picked":["Dagger Spray","Calculated Gamble","Dodge and Roll+1"],"picked":"SKIP","floor":47.0}],"player_experience":1032595,"relics_obtained":[{"floor":5.0,"key":"Nunchaku"},{"floor":7.0,"key":"CeramicFish"},{"floor":9.0,"key":"Snake Skull"},{"floor":10.0,"key":"Darkstone Periapt"},{"floor":23.0,"key":"Smiling Mask"},{"floor":26.0,"key":"Ninja Scroll"},{"floor":29.0,"key":"Orichalcum"},{"floor":37.0,"key":"Pocketwatch"},{"floor":41.0,"key":"Strawberry"},{"floor":43.0,"key":"Boot"},{"floor":47.0,"key":"Letter Opener"}],"event_choices":[{"damage_healed":0.0,"max_hp_gain":0.0,"max_hp_loss":6.0,"gold_gain":0.0,"event_name":"Golden Idol","player_choice":"Lose Max HP","floor":3.0,"gold_loss":0.0,"damage_taken":0.0,"relics_obtained":["Golden Idol"]},{"damage_healed":0.0,"max_hp_gain":0.0,"max_hp_loss":0.0,"gold_gain":0.0,"event_name":"Shining Light","player_choice":"Ignored","floor":12.0,"gold_loss":0.0,"damage_taken":0.0},{"damage_healed":0.0,"max_hp_gain":0.0,"max_hp_loss":0.0,"gold_gain":100.0,"event_name":"The Joust","player_choice":"Bet on Murderer","floor":19.0,"gold_loss":50.0,"damage_taken":0.0},{"damage_healed":0.0,"max_hp_gain":0.0,"max_hp_loss":0.0,"gold_gain":0.0,"event_name":"Back to Basics","player_choice":"Simplicity","floor":22.0,"gold_loss":0.0,"damage_taken":0.0,"cards_upgraded":["Strike_G","Strike_G","Strike_G","Defend_G","Defend_G","Defend_G","Defend_G","Defend_G"]},{"damage_healed":0.0,"max_hp_gain":0.0,"max_hp_loss":0.0,"gold_gain":0.0,"event_name":"Lab","player_choice":"Got Potions","floor":28.0,"gold_loss":0.0,"damage_taken":0.0},{"damage_healed":0.0,"max_hp_gain":0.0,"max_hp_loss":0.0,"gold_gain":0.0,"event_name":"MindBloom","player_choice":"Fight","floor":37.0,"gold_loss":0.0,"damage_taken":0.0},{"damage_healed":0.0,"max_hp_gain":0.0,"max_hp_loss":0.0,"gold_gain":0.0,"event_name":"Mysterious Sphere","player_choice":"Ignored","floor":38.0,"gold_loss":0.0,"damage_taken":0.0},{"damage_healed":0.0,"max_hp_gain":0.0,"max_hp_loss":0.0,"gold_gain":275.0,"event_name":"Golden Shrine","player_choice":"Desecrate","floor":39.0,"gold_loss":0.0,"damage_taken":0.0,"cards_obtained":["Regret"]}],"is_beta":false,"boss_relics":[{"not_picked":["SacredBark","Calling Bell"],"picked":"Philosopher\u0027s Stone"},{"not_picked":["Snecko Eye","Sozu"],"picked":"Pandora\u0027s Box"}],"items_purged_floors":[14,21,25,44],"is_endless":false,"potions_floor_spawned":[1,2,7,10,16,18,20,31,33,35,36,46,48],"ascension_level":17}}