{"host":"a1u4jo6xlg3w0wsm","time":1609923056,"event":{"mods":["BaseMod","Better Third Choice","DeckTracker","Downfall","Hermit","Hubris","Minty Spire (QoL Compilation)","Replay The Spire","StSLib"],"gold_per_floor":[115,115,115,127,138,138,138,183,234,244,244,53,81,81,81,177,177,147,147],"floor_reached":18,"playtime":742,"items_purged":[],"score":166,"play_id":"884bfcc2-8c2d-4e01-af44-f059b55a12ed","local_time":"20210106215056","is_ascension_mode":true,"campfire_choices":[{"data":"ClearTheMind","floor":7,"key":"SMITH"},{"data":"Crescendo","floor":11,"key":"SMITH"},{"data":"DevaForm","floor":15,"key":"SMITH"}],"circlet_count":0,"master_deck":["Strike_P","Strike_P","Strike_P","Strike_P","Defend_P","Defend_P","Defend_P","Defend_P","Eruption","Vigilance","CutThroughFate","ClearTheMind+1","EmptyFist","FlurryOfBlows","Crescendo+1","LikeWater","DevaForm+1","Judgement","AbeCurse"],"relics":["PureWater","Tiny Chest","Bronze Scales","Replay:Baseball","Membership Card","hubris:DeckOfHolding","NlothsMask","Replay:Grab Bag","Abe\u0027s Treasure","hubris:VirtuousBlindfold","SacredBark","Black Star"],"acts_visited":["Exordium","TheCity"],"potions_floor_usage":[16,18],"damage_taken":[{"damage":4,"enemies":"2 Louse","floor":1,"turns":3},{"damage":0,"enemies":"Cultist","floor":4,"turns":2},{"damage":0,"enemies":"Small Slimes","floor":5,"turns":3},{"damage":1,"enemies":"Exordium Wildlife","floor":10,"turns":2},{"damage":9,"enemies":"3 Sentries","floor":13,"turns":4},{"damage":48,"enemies":"Slime Boss","floor":16,"turns":9},{"damage":10,"enemies":"2 Thieves","floor":18,"turns":2}],"seed_played":"6585822806563458911","potions_obtained":[{"floor":2,"key":"Energy Potion"},{"floor":2,"key":"ColorlessPotion"},{"floor":2,"key":"SmokeBomb"},{"floor":13,"key":"DuplicationPotion"}],"is_trial":false,"path_per_floor":["M","?","$","M","M","?","R","T","T","M","R","$","E","?","R","B",null,"M"],"character_chosen":"WATCHER","items_purchased":["Membership Card","LikeWater"],"campfire_rested":0,"item_purchase_floors":[12,12],"current_hp_per_floor":[68,68,68,68,68,68,68,68,68,67,67,67,58,58,58,10,72,62,62],"gold":147,"neow_bonus":"RANDOM_COMMON_RELIC","is_daily":false,"chose_seed":false,"campfire_upgraded":3,"win_rate":0.0,"timestamp":1609923056,"path_taken":["M","?","$","?","M","?","R","?","T","M","R","$","E","?","R","BOSS","M"],"items_purchased_type":["Relic","Card"],"build_version":"2020-12-13","purchased_purges":0,"victory":false,"max_hp_per_floor":[72,72,72,72,72,72,72,72,72,72,72,72,72,72,72,72,72,72,72],"card_choices":[{"not_picked":["Replay:AtTheReady","Replay:Anticipation"],"picked":"CutThroughFate","floor":1},{"not_picked":["Adaptation","WheelKick"],"picked":"ClearTheMind","floor":4},{"not_picked":["ForeignInfluence","SignatureMove"],"picked":"EmptyFist","floor":5},{"not_picked":["ThirdEye","CutThroughFate"],"picked":"Crescendo","floor":10},{"not_picked":["JustLucky","Replay:ManipulateFuture"],"picked":"DevaForm","floor":13},{"not_picked":["DevaForm","Wish"],"picked":"Judgement","floor":16}],"player_experience":313512,"relics_obtained":[{"floor":8,"key":"Bronze Scales"},{"floor":9,"key":"Replay:Baseball"},{"floor":13,"key":"hubris:DeckOfHolding"}],"event_choices":[{"damage_healed":0,"gold_gain":0,"player_choice":"Got Potions","damage_taken":0,"max_hp_gain":0,"max_hp_loss":0,"event_name":"Lab","floor":2,"gold_loss":0},{"damage_healed":0,"gold_gain":0,"player_choice":"Trade","damage_taken":0,"relics_obtained":["NlothsMask"],"max_hp_gain":0,"max_hp_loss":0,"event_name":"FaceTrader","floor":14,"gold_loss":0}],"is_beta":false,"boss_relics":[{"not_picked":["Coffee Dripper","Tiny House"],"picked":"Replay:Grab Bag"},{"not_picked":["Ectoplasm","Fusion Hammer"],"picked":"Abe\u0027s Treasure"},{"not_picked":["Cursed Key","ChewingGum"],"picked":"hubris:VirtuousBlindfold"},{"not_picked":["Snecko Eye","SlaversCollar"],"picked":"SacredBark"},{"not_picked":["Pandora\u0027s Box","hubris:Stopwatch"],"picked":"Black Star"}],"items_purged_floors":[],"is_endless":false,"potions_floor_spawned":[13],"killed_by":"2 Thieves","ascension_level":1}}