{"host":"5x08nt64u3vxxcfi","time":1609906178,"event":{"mods":["BaseMod","Minty Spire (QoL Compilation)","StSLib","SuperFastMode"],"gold_per_floor":[121,133,165,203,225,269,281,319,355,420,432,288,288,304,304,405,405,422,442,454,379,17,47,47,66,119,119,119,130,52,69,69,174,174,193,205,215,215,234,234,234,234],"floor_reached":41,"playtime":807,"items_purged":[],"score":561,"play_id":"8234d19b-8074-4171-af20-9e0828c8c36b","local_time":"20210106130938","is_ascension_mode":true,"campfire_choices":[{"data":"Uppercut","floor":7.0,"key":"SMITH"},{"data":"Dark Embrace","floor":15,"key":"SMITH"},{"floor":24,"key":"REST"},{"floor":27,"key":"REST"},{"data":"Fire Breathing","floor":32,"key":"SMITH"},{"data":"Corruption","floor":40,"key":"SMITH"}],"circlet_count":0,"master_deck":["Strike_R","Strike_R","Strike_R","Strike_R","Strike_R","Defend_R","Defend_R","Bash","Wild Strike","Perfected Strike+1","Fire Breathing","Uppercut+1","Dark Embrace+1","Dark Embrace","Metallicize","Evolve+1","Wild Strike","Reckless Charge","Perfected Strike","Immolate","Pommel Strike","Perfected Strike","Rage+1","Wild Strike","Headbutt+1","Twin Strike","Perfected Strike","Wild Strike","Evolve","Fire Breathing+1","Corruption+1","Reckless Charge","Warcry+1","Wild Strike+1","Parasite","Rupture+1"],"relics":["Burning Blood","MawBank","Regal Pillow","Art of War","Self Forming Clay","Red Skull","Orichalcum","Orrery","Black Star","Ice Cream","Nunchaku","Vajra","Dream Catcher","Busted Crown"],"acts_visited":["TheCity","TheBeyond"],"potions_floor_usage":[23,33,35,39,41,41,41,41],"damage_taken":[{"damage":9.0,"enemies":"2 Louse","floor":1.0,"turns":3.0},{"damage":6.0,"enemies":"Cultist","floor":3.0,"turns":4.0},{"damage":7.0,"enemies":"Jaw Worm","floor":5.0,"turns":2.0},{"damage":19.0,"enemies":"Lagavulin","floor":6.0,"turns":6.0},{"damage":35.0,"enemies":"3 Sentries","floor":8.0,"turns":6.0},{"damage":3,"enemies":"Large Slime","floor":14,"turns":4},{"damage":14,"enemies":"Hexaghost","floor":16,"turns":6},{"damage":7,"enemies":"Chosen","floor":18,"turns":4},{"damage":37,"enemies":"2 Thieves","floor":19,"turns":4},{"damage":0,"enemies":"Snecko","floor":20,"turns":3},{"damage":51,"enemies":"Book of Stabbing","floor":23,"turns":5},{"damage":29,"enemies":"Cultist and Chosen","floor":25,"turns":6},{"damage":8,"enemies":"Snake Plant","floor":29,"turns":3},{"damage":0,"enemies":"Snecko","floor":31,"turns":2},{"damage":53,"enemies":"Champ","floor":33,"turns":9},{"damage":44,"enemies":"3 Darklings","floor":35,"turns":5},{"damage":0,"enemies":"Orb Walker","floor":36,"turns":2},{"damage":21,"enemies":"Maw","floor":37,"turns":6},{"damage":3,"enemies":"Writhing Mass","floor":39,"turns":4},{"damage":51,"enemies":"Reptomancer","floor":41,"turns":5}],"seed_played":"9111908866061107054","potions_obtained":[{"floor":2.0,"key":"LiquidBronze"},{"floor":2.0,"key":"Swift Potion"},{"floor":2.0,"key":"Dexterity Potion"},{"floor":3.0,"key":"Fire Potion"},{"floor":6.0,"key":"Fire Potion"},{"floor":8.0,"key":"Ancient Potion"},{"floor":23,"key":"BlessingOfTheForge"},{"floor":29,"key":"DistilledChaos"},{"floor":31,"key":"EntropicBrew"},{"floor":35,"key":"Weak Potion"},{"floor":39,"key":"Block Potion"}],"is_trial":false,"path_per_floor":["M","?","M","T","M","E","R","E","T","T","?","$","?","M","R","B",null,"M","M","M","?","$","E","R","M","T","R","?","M","$","M","R","B",null,"M","M","M","?","M","R","E"],"character_chosen":"IRONCLAD","items_purchased":["Orrery","Wild Strike","Ice Cream","Evolve"],"campfire_rested":2,"item_purchase_floors":[12,22,22,30],"current_hp_per_floor":[77,77,77,77,76,63,63,34,34,34,34,34,34,37,37,29,80,79,48,54,54,54,9,48,25,25,64,64,62,62,68,68,21,80,42,48,33,33,36,36,0,0],"gold":234,"neow_bonus":"RANDOM_COMMON_RELIC","is_daily":false,"chose_seed":false,"campfire_upgraded":4,"win_rate":0.0,"timestamp":1609906178,"path_taken":["M","?","?","?","M","E","R","E","T","?","?","?","?","M","R","BOSS","M","M","?","?","$","E","R","M","T","R","?","M","$","?","R","BOSS","M","M","?","?","M","R","E"],"items_purchased_type":["Relic","Card","Relic","Card"],"build_version":"2020-12-22","purchased_purges":0,"victory":false,"max_hp_per_floor":[80,80,80,80,80,80,80,80,80,80,80,80,80,80,80,80,80,80,80,80,80,80,80,80,80,80,80,80,80,80,80,80,80,80,80,80,80,76,76,76,76,76],"card_choices":[{"not_picked":["Rupture","Battle Trance"],"picked":"Wild Strike","floor":1.0},{"not_picked":["Havoc","True Grit"],"picked":"Perfected Strike","floor":3.0},{"not_picked":["Thunderclap","Disarm"],"picked":"Fire Breathing","floor":5.0},{"not_picked":["Warcry","Ghostly Armor"],"picked":"Uppercut","floor":6.0},{"not_picked":["Exhume","Cleave"],"picked":"Dark Embrace","floor":8.0},{"not_picked":["Iron Wave","Cleave"],"picked":"Dark Embrace","floor":12},{"not_picked":["Bloodletting","Thunderclap"],"picked":"Metallicize","floor":12},{"not_picked":["Rage","Havoc"],"picked":"Evolve","floor":12},{"not_picked":["Juggernaut","Inflame"],"picked":"Wild Strike","floor":12},{"not_picked":["Intimidate","Flex"],"picked":"Reckless Charge","floor":12},{"not_picked":["Clothesline","Cleave"],"picked":"Perfected Strike","floor":14},{"not_picked":["Berserk","Brutality"],"picked":"Immolate","floor":16},{"not_picked":["Shockwave","Warcry+1"],"picked":"Pommel Strike","floor":18},{"not_picked":["Dual Wield","Rage+1"],"picked":"Perfected Strike","floor":19},{"not_picked":["Shrug It Off","Hemokinesis"],"picked":"Rage+1","floor":20},{"not_picked":["Cleave","Armaments"],"picked":"Headbutt+1","floor":23},{"not_picked":["Burning Pact","Sentinel"],"picked":"Twin Strike","floor":25},{"not_picked":["Flex","Iron Wave+1"],"picked":"Perfected Strike","floor":27},{"not_picked":["Armaments","Carnage"],"picked":"Wild Strike","floor":29},{"not_picked":["Rupture+1","Fiend Fire"],"picked":"Fire Breathing","floor":31},{"not_picked":["Offering","Immolate"],"picked":"Corruption","floor":33},{"not_picked":[],"picked":"Reckless Charge","floor":35},{"not_picked":[],"picked":"Warcry+1","floor":36},{"not_picked":[],"picked":"Wild Strike+1","floor":37},{"not_picked":[],"picked":"Rupture+1","floor":39}],"player_experience":50633,"relics_obtained":[{"floor":4.0,"key":"Regal Pillow"},{"floor":6.0,"key":"Art of War"},{"floor":8.0,"key":"Self Forming Clay"},{"floor":9.0,"key":"Red Skull"},{"floor":10.0,"key":"Orichalcum"},{"floor":23,"key":"Nunchaku"},{"floor":23,"key":"Vajra"},{"floor":26,"key":"Dream Catcher"}],"event_choices":[{"damage_healed":0.0,"max_hp_gain":0.0,"max_hp_loss":0.0,"gold_gain":0.0,"event_name":"Lab","player_choice":"Got Potions","floor":2.0,"gold_loss":0.0,"damage_taken":0.0},{"damage_healed":0,"gold_gain":0,"player_choice":"Grow","damage_taken":0,"max_hp_gain":0,"max_hp_loss":0,"event_name":"Living Wall","floor":11,"gold_loss":0,"cards_upgraded":["Perfected Strike"]},{"damage_healed":0,"gold_gain":0,"player_choice":"Forge","damage_taken":0,"max_hp_gain":0,"max_hp_loss":0,"event_name":"Accursed Blacksmith","floor":13,"gold_loss":0,"cards_upgraded":["Evolve"]},{"cards_removed":["Defend_R"],"damage_healed":0,"gold_gain":0,"player_choice":"Gave Gold","damage_taken":0,"max_hp_gain":0,"max_hp_loss":0,"event_name":"Beggar","floor":21,"gold_loss":75},{"cards_removed":["Defend_R"],"damage_healed":0,"gold_gain":0,"player_choice":"Purged","damage_taken":0,"max_hp_gain":0,"max_hp_loss":0,"event_name":"Purifier","floor":28,"gold_loss":0},{"damage_healed":0,"gold_gain":0,"player_choice":"Max HP","damage_taken":0,"max_hp_gain":0,"max_hp_loss":4,"event_name":"Winding Halls","floor":38,"gold_loss":0}],"is_beta":false,"boss_relics":[{"not_picked":["Runic Cube","Fusion Hammer"],"picked":"Black Star"},{"not_picked":["Pandora\u0027s Box","Runic Dome"],"picked":"Busted Crown"}],"items_purged_floors":[],"is_endless":false,"potions_floor_spawned":[3,6,8,23,29,31,35,39],"killed_by":"Reptomancer","ascension_level":3}}