{"host":"kmq7aw60w430zvtx","time":1609962922,"event":{"mods":["BaseMod","Downfall","GifTheSpireLib","Hermit","Hubris","Minty Spire (QoL Compilation)","Replay The Spire","StSLib","The Construct","The Cursed","The Hierophant","The Jungle","The Necromancer","The Runesmith"],"gold_per_floor":[113,126,179,194,213,239,258,284,338,353,353,353,371,391,391,492,492,509,509,525,544,26,26,56,56,83,113,123,25,25,45,45,146,146,161,161,161,186,3,33,47,67,67,67,67],"floor_reached":44,"playtime":2594,"items_purged":["Strike_G"],"score":730,"play_id":"3bd1e1fb-1d85-444a-aee8-59f4e244a340","local_time":"20210106205522","is_ascension_mode":true,"campfire_choices":[{"floor":11.0,"key":"REST"},{"floor":15.0,"key":"RECALL"},{"floor":23,"key":"REST"},{"floor":25,"key":"REST"},{"floor":32,"key":"REST"}],"circlet_count":0,"master_deck":["Strike_G","Strike_G+1","Strike_G","Strike_G+1","Defend_G","Defend_G","Defend_G+1","Defend_G","Survivor","Neutralize","Slice+1","PiercingWail","Deadly Poison","Leg Sweep","Replay:Poison Smokescreen","Poisoned Stab","All Out Attack","Replay:Bag of Tricks","Deflect","Well Laid Plans","Envenom","Quick Slash","Backstab+1","Slice","hubris:SlightOfHand","ReplayTheSpireMod:From All Sides+1","Deflect","Replay:Bootleg Shield Generator+1","Prepared","Envenom+1","Dash+1","Replay:SS_fish_1","expansioncontent:Corrupt+1","Deflect","hubris:SlightOfHand+1","Skewer+1"],"relics":["Ring of the Serpent","NeowsBlessing","Omamori","Simple Rune","Pet Ghost","hubris:OldNail","hubris:Towel","Whetstone","ClockworkSouvenir","PreservedInsect","Iron Hammer","Golden Egg","hubris:VirtuousBlindfold","Bag of Marbles","Strawberry","Replay:WaspNest"],"acts_visited":["Exordium","TheCity","TheBeyond"],"potions_floor_usage":[24,24,24,33,33,42,42],"damage_taken":[{"damage":0.0,"enemies":"Cultist","floor":1.0,"turns":1.0},{"damage":0.0,"enemies":"Jaw Worm","floor":2.0,"turns":1.0},{"damage":0.0,"enemies":"Small Slimes","floor":4.0,"turns":1.0},{"damage":10.0,"enemies":"3 Louse","floor":5.0,"turns":3.0},{"damage":9.0,"enemies":"Replay:BlueRogue","floor":6.0,"turns":7.0},{"damage":6.0,"enemies":"Red Slaver","floor":7.0,"turns":5.0},{"damage":18.0,"enemies":"3 Sentries","floor":8.0,"turns":12.0},{"damage":0.0,"enemies":"Looter","floor":10.0,"turns":4.0},{"damage":0.0,"enemies":"Large Slime","floor":13.0,"turns":4.0},{"damage":0.0,"enemies":"Blue Slaver","floor":14.0,"turns":4.0},{"damage":0.0,"enemies":"Hexaghost","floor":16.0,"turns":10.0},{"damage":11,"enemies":"3 Byrds","floor":18,"turns":6},{"damage":12,"enemies":"Chosen","floor":20,"turns":5},{"damage":16,"enemies":"Snecko","floor":21,"turns":5},{"damage":9,"enemies":"Book of Stabbing","floor":24,"turns":4},{"damage":18,"enemies":"Slavers","floor":27,"turns":6},{"damage":9,"enemies":"Cultist and Chosen","floor":28,"turns":6},{"damage":0,"enemies":"3 Cultists","floor":31,"turns":5},{"damage":34,"enemies":"hubris:MusketHawk","floor":33,"turns":9},{"damage":16,"enemies":"3 Darklings","floor":35,"turns":6},{"damage":35,"enemies":"Giant Head","floor":40,"turns":7},{"damage":0,"enemies":"3 Shapes","floor":41,"turns":2},{"damage":11,"enemies":"Sphere and 2 Shapes","floor":42,"turns":6},{"damage":15,"enemies":"Reptomancer","floor":44,"turns":2}],"seed_played":"-525744808633963578","potions_obtained":[{"floor":2.0,"key":"GamblersBrew"},{"floor":8.0,"key":"ColorlessPotion"},{"floor":10.0,"key":"Adrenaline Potion"},{"floor":14.0,"key":"CultistPotion"},{"floor":18,"key":"hexamod:EctoCoolerPotion"},{"floor":21,"key":"ColorlessPotion"},{"floor":27,"key":"SpeedPotion"},{"floor":31,"key":"ColorlessPotion"},{"floor":33,"key":"Milkshake"},{"floor":40,"key":"SkillPotion"},{"floor":41,"key":"SteroidPotion"}],"is_trial":false,"path_per_floor":["M","M","T","M","M","E","M","E","T","M","R","?","M","M","R","B",null,"M","?","M","M","$","R","E","R","T","E","M","$","?","M","R","B",null,"M","?","?","T","$","E","M","M","T","E"],"character_chosen":"THE_SILENT","items_purchased":["Whetstone","ClockworkSouvenir","PreservedInsect","Replay:Bootleg Shield Generator","expansioncontent:Corrupt"],"campfire_rested":4,"item_purchase_floors":[22,22,22,29,39],"current_hp_per_floor":[63,63,63,63,53,44,38,20,20,20,41,41,41,41,41,41,63,52,52,40,24,24,45,36,57,57,39,30,30,30,30,51,17,57,41,41,41,41,41,13,13,2,2,0,0],"gold":67,"neow_bonus":"THREE_ENEMY_KILL","is_daily":false,"chose_seed":false,"campfire_upgraded":0,"win_rate":0.0,"timestamp":1609962922,"path_taken":["M","M","?","M","M","E","M","E","T","?","R","?","M","M","R","BOSS","M","?","M","M","$","R","E","R","T","E","M","$","?","?","R","BOSS","M","?","?","?","$","E","M","M","T","E"],"items_purchased_type":["Relic","Relic","Relic","Card","Card"],"build_version":"2020-12-22","purchased_purges":1,"victory":false,"max_hp_per_floor":[70,70,70,70,70,70,70,70,70,70,70,70,70,70,70,70,70,70,70,70,70,70,70,70,70,70,70,70,70,70,70,70,70,70,70,70,70,70,70,77,77,77,77,77,77],"card_choices":[{"not_picked":["Bane","Prepared"],"picked":"Slice","floor":1.0},{"not_picked":["Sucker Punch","Blur"],"picked":"PiercingWail","floor":2.0},{"not_picked":["ReplayTheSpireMod:Necrosis","Distraction"],"picked":"Deadly Poison","floor":4.0},{"not_picked":["Sucker Punch","Cloak And Dagger"],"picked":"Leg Sweep","floor":5.0},{"not_picked":["Quick Slash","Blur"],"picked":"Replay:Poison Smokescreen","floor":6.0},{"not_picked":["Setup","Tactician"],"picked":"Poisoned Stab","floor":7.0},{"not_picked":["Expertise","Hidden Blade"],"picked":"All Out Attack","floor":8.0},{"not_picked":["Backflip","Cloak And Dagger"],"picked":"Replay:Bag of Tricks","floor":10.0},{"not_picked":["Accuracy","Dagger Throw"],"picked":"Deflect","floor":13.0},{"not_picked":["PiercingWail","ReplayTheSpireMod:Exploit Weakness"],"picked":"Well Laid Plans","floor":14.0},{"not_picked":["Malaise","Grand Finale"],"picked":"Envenom","floor":16.0},{"not_picked":["Prepared","Sucker Punch"],"picked":"Quick Slash","floor":18},{"not_picked":["Blade Dance","Catalyst+1"],"picked":"Backstab+1","floor":20},{"not_picked":["Underhanded Strike","Prepared+1"],"picked":"Slice","floor":21},{"not_picked":["Backflip","Predator"],"picked":"hubris:SlightOfHand","floor":24},{"not_picked":["Hidden Blade","Outmaneuver+1"],"picked":"ReplayTheSpireMod:From All Sides","floor":27},{"not_picked":["Hidden Blade+1","Sneak Up+1"],"picked":"Deflect","floor":28},{"not_picked":["Eviscerate","Quick Slash"],"picked":"Prepared","floor":31},{"not_picked":["ReplayTheSpireMod:Necrosis","Storm of Steel"],"picked":"Envenom","floor":33},{"not_picked":["Concentrate","Masterful Stab"],"picked":"Dash+1","floor":35},{"not_picked":["expansioncontent:DefensiveStance","Replay:Sssssssssstrike"],"picked":"Replay:SS_fish_1","floor":37},{"not_picked":["Finisher+1","Deadly Poison+1"],"picked":"Deflect","floor":40},{"not_picked":["Deadly Poison+1","Bane+1"],"picked":"hubris:SlightOfHand+1","floor":41},{"not_picked":["Draining Mist","Deadly Poison"],"picked":"Skewer+1","floor":42}],"player_experience":280039,"relics_obtained":[{"floor":3.0,"key":"Omamori"},{"floor":6.0,"key":"Simple Rune"},{"floor":8.0,"key":"Pet Ghost"},{"floor":9.0,"key":"hubris:OldNail"},{"floor":24,"key":"Iron Hammer"},{"floor":27,"key":"Golden Egg"},{"floor":38,"key":"Bag of Marbles"},{"floor":40,"key":"Strawberry"},{"floor":43,"key":"Replay:WaspNest"}],"event_choices":[{"cards_removed":["Defend_G"],"damage_healed":0,"gold_gain":0,"player_choice":"Purged","damage_taken":0,"max_hp_gain":0,"max_hp_loss":0,"event_name":"Purifier","floor":30,"gold_loss":0},{"damage_healed":0,"gold_gain":0,"player_choice":"Ignored","damage_taken":0,"max_hp_gain":0,"max_hp_loss":0,"event_name":"Tomb of Lord Red Mask","floor":36,"gold_loss":0},{"damage_healed":0,"gold_gain":0,"player_choice":"Memory 1","damage_taken":0,"max_hp_gain":0,"max_hp_loss":0,"event_name":"SensoryStone","floor":37,"gold_loss":0}],"is_beta":false,"boss_relics":[{"not_picked":["hubris:CrackedHourglass","Velvet Choker"],"picked":"Ring of the Serpent"},{"not_picked":["Replay:Fungal Core","hubris:Backtick"],"picked":"hubris:VirtuousBlindfold"}],"items_purged_floors":[22],"is_endless":false,"potions_floor_spawned":[2,6,8,10,14,18,21,27,31,33,40,41],"killed_by":"Reptomancer","ascension_level":6}}