{"host":"poshtwjux72eqzmy","time":1609905659,"event":{"mods":["BaseMod","Bestiary","Block Reminder","Colored Powertips","Highlight Path","Minty Spire (QoL Compilation)","Quick Restart","Relic Stats","ojb\u0027s Info Mod"],"gold_per_floor":[110,110,110,24,44,77,77,110,164,192,192,205,205,280,280,358,358,372,392,5,22,32,32,67,67,67,67,11,11,41,41,41,112,112,124,1123,1140,1140,1157,1157,1182,1182,1182,1210,1210,1291,1303,1333,1333,1333,1333,1333,1333,160,191,191],"floor_reached":57,"playtime":5624,"items_purged":["Normality"],"score":2834,"play_id":"bdf72899-e921-422c-82e3-c6f869840654","local_time":"20210106060059","is_ascension_mode":true,"campfire_choices":[{"data":"Phantasmal Killer","floor":7.0,"key":"SMITH"},{"data":"Bouncing Flask","floor":11.0,"key":"SMITH"},{"data":"Quick Slash","floor":13.0,"key":"SMITH"},{"floor":15.0,"key":"REST"},{"data":"Wraith Form v2","floor":23.0,"key":"SMITH"},{"data":"Terror","floor":25.0,"key":"SMITH"},{"floor":29.0,"key":"REST"},{"floor":32.0,"key":"REST"},{"data":"Wraith Form v2","floor":40.0,"key":"SMITH"},{"floor":42.0,"key":"RECALL"},{"floor":49.0,"key":"REST"},{"floor":53.0,"key":"REST"}],"circlet_count":0,"master_deck":["AscendersBane","Survivor","Neutralize","Phantasmal Killer+1","Flying Knee+1","Quick Slash+1","Backstab","Terror+1","Bouncing Flask+1","Corpse Explosion","Wraith Form v2+1","Crippling Poison","Blade Dance","Choke+1","Endless Agony","Reflex","Caltrops","Dagger Spray","Unload","Riddle With Holes","Accuracy","Deflect","Setup+1","Night Terror","Wraith Form v2+1","Outmaneuver+1","Normality","Dodge and Roll+1","PiercingWail","Venomology","Madness","Madness","PiercingWail","Concentrate","Accuracy","Blur","Flechettes","Jack Of All Trades","Secret Weapon","Leg Sweep"],"relics":["Ring of the Snake","Dream Catcher","Happy Flower","Bottled Flame","Regal Pillow","Turnip","Pandora\u0027s Box","Du-Vu Doll","Meat on the Bone","Oddly Smooth Stone","Mercury Hourglass","Runic Pyramid","Strawberry","Sundial","Paper Crane","Boot","Art of War","Whetstone","Frozen Eye","Centennial Puzzle"],"acts_visited":["Exordium","TheCity","TheBeyond","TheEnding"],"potions_floor_usage":[56,56],"damage_taken":[{"damage":6.0,"enemies":"2 Louse","floor":1.0,"turns":5.0},{"damage":1.0,"enemies":"Jaw Worm","floor":5.0,"turns":3.0},{"damage":27.0,"enemies":"3 Sentries","floor":6.0,"turns":11.0},{"damage":15.0,"enemies":"Lagavulin","floor":8.0,"turns":8.0},{"damage":4.0,"enemies":"Gremlin Nob","floor":10.0,"turns":3.0},{"damage":1.0,"enemies":"Small Slimes","floor":12.0,"turns":3.0},{"damage":17.0,"enemies":"Hexaghost","floor":16.0,"turns":7.0},{"damage":2.0,"enemies":"Shell Parasite","floor":18.0,"turns":3.0},{"damage":0.0,"enemies":"Chosen","floor":19.0,"turns":3.0},{"damage":28.0,"enemies":"Snake Plant","floor":21.0,"turns":3.0},{"damage":0.0,"enemies":"3 Cultists","floor":22.0,"turns":2.0},{"damage":1.0,"enemies":"Book of Stabbing","floor":24.0,"turns":5.0},{"damage":33.0,"enemies":"Gremlin Leader","floor":30.0,"turns":3.0},{"damage":35.0,"enemies":"Automaton","floor":33.0,"turns":9.0},{"damage":3.0,"enemies":"3 Darklings","floor":35.0,"turns":4.0},{"damage":3.0,"enemies":"3 Shapes","floor":37.0,"turns":4.0},{"damage":24.0,"enemies":"Writhing Mass","floor":39.0,"turns":8.0},{"damage":13.0,"enemies":"Giant Head","floor":41.0,"turns":9.0},{"damage":26.0,"enemies":"Nemesis","floor":44.0,"turns":9.0},{"damage":17.0,"enemies":"3 Darklings","floor":47.0,"turns":2.0},{"damage":0.0,"enemies":"Reptomancer","floor":48.0,"turns":2.0},{"damage":27.0,"enemies":"Donu and Deca","floor":50.0,"turns":7.0},{"damage":47.0,"enemies":"Awakened One","floor":51.0,"turns":17.0},{"damage":16.0,"enemies":"Shield and Spear","floor":55.0,"turns":8.0},{"damage":46,"enemies":"The Heart","floor":56,"turns":14}],"seed_played":"-4995570540484429392","potions_obtained":[{"floor":8.0,"key":"DistilledChaos"},{"floor":10.0,"key":"Explosive Potion"},{"floor":12.0,"key":"LiquidBronze"},{"floor":16.0,"key":"SteroidPotion"},{"floor":19.0,"key":"EssenceOfSteel"},{"floor":24.0,"key":"BlessingOfTheForge"},{"floor":41.0,"key":"EntropicBrew"},{"floor":48.0,"key":"FearPotion"}],"is_trial":false,"path_per_floor":["M","?","?","$","M","E","R","E","T","E","R","M","R","?","R","B",null,"M","M","$","M","M","R","E","R","T","?","$","R","E","?","R","B",null,"M","?","M","?","M","R","E","R","T","E","?","T","M","E","R","B","B",null,"R","$","E","B",null],"character_chosen":"THE_SILENT","items_purchased":["DistilledChaos","Du-Vu Doll","Weak Potion","SpeedPotion","Accuracy","Blur","Art of War","Whetstone","Frozen Eye","Flechettes","Energy Potion","ColorlessPotion","Jack Of All Trades","Secret Weapon"],"campfire_rested":5,"item_purchase_floors":[4,20,20,28,54,54,54,54,54,54,54,54,54,54],"current_hp_per_floor":[53,42,64,64,63,36,36,21,21,17,17,16,16,5,39,22,55,53,53,53,25,25,25,24,24,24,6,6,42,21,21,57,34,62,59,59,56,56,44,44,50,50,50,36,22,22,17,29,67,40,16,63,78,78,62,28],"gold":191,"neow_bonus":"ONE_RANDOM_RARE_CARD","is_daily":false,"chose_seed":false,"campfire_upgraded":6,"win_rate":0.0,"timestamp":1609905659,"path_taken":["M","?","?","?","M","E","R","E","T","E","R","M","R","?","R","BOSS","M","M","$","M","M","R","E","R","T","?","$","R","E","?","R","BOSS","M","?","M","?","M","R","E","R","T","E","?","?","M","E","R","BOSS","BOSS","R","$","E","BOSS"],"items_purchased_type":["Potion","Relic","Potion","Potion","Card","Card","Relic","Relic","Relic","Card","Potion","Potion","Card","Card"],"build_version":"2020-12-22","purchased_purges":1,"victory":true,"max_hp_per_floor":[66,66,66,66,66,66,66,66,66,66,66,66,66,66,66,66,66,66,66,66,66,66,66,66,66,66,71,71,71,71,71,71,71,71,71,71,71,71,71,71,78,78,78,78,78,78,78,78,78,78,78,78,78,78,78,78],"relic_stats":{"Regal Pillow":60,"Happy Flower":[44],"counters":[25,150],"Whetstone":["Flying Knee","Choke"],"Boot":[18],"Mercury Hourglass":[325],"Dream Catcher":5,"Centennial Puzzle":[3],"Sundial":[2],"Pandora\u0027s Box":["Crippling Poison","Blade Dance","Choke","Endless Agony","Reflex","Caltrops","Dagger Spray","Unload","Riddle With Holes","Accuracy"],"Turnip":[4],"Art of War":[7],"obtain_stats":[{"Regal Pillow":9,"Happy Flower":6,"Oddly Smooth Stone":26,"Whetstone":54,"Paper Crane":46,"Boot":48,"Mercury Hourglass":30,"Du-Vu Doll":20,"Frozen Eye":54,"Dream Catcher":2,"Bottled Flame":8,"Centennial Puzzle":55,"Sundial":44,"Strawberry":41,"Pandora\u0027s Box":17,"Turnip":10,"Art of War":54,"Ring of the Snake":0,"Meat on the Bone":24,"Runic Pyramid":34},{"Regal Pillow":4,"Happy Flower":3,"Oddly Smooth Stone":12,"Whetstone":23,"Paper Crane":19,"Boot":21,"Mercury Hourglass":13,"Du-Vu Doll":9,"Frozen Eye":23,"Dream Catcher":1,"Bottled Flame":4,"Centennial Puzzle":24,"Sundial":19,"Strawberry":18,"Pandora\u0027s Box":7,"Turnip":5,"Art of War":23,"Ring of the Snake":0,"Meat on the Bone":12,"Runic Pyramid":14},{"Regal Pillow":27,"Happy Flower":19,"Oddly Smooth Stone":56,"Whetstone":128,"Paper Crane":100,"Boot":104,"Mercury Hourglass":59,"Du-Vu Doll":46,"Frozen Eye":128,"Dream Catcher":5,"Bottled Flame":27,"Centennial Puzzle":136,"Sundial":100,"Strawberry":91,"Pandora\u0027s Box":40,"Turnip":30,"Art of War":128,"Ring of the Snake":0,"Meat on the Bone":56,"Runic Pyramid":68}],"Ring of the Snake":[51],"Meat on the Bone":108},"card_choices":[{"not_picked":["Infinite Blades","PiercingWail"],"picked":"Flying Knee","floor":1.0},{"not_picked":["PiercingWail","Concentrate"],"picked":"Quick Slash","floor":5.0},{"not_picked":["Quick Slash","Riddle With Holes"],"picked":"Backstab","floor":6.0},{"not_picked":["Dagger Spray","Outmaneuver"],"picked":"Terror","floor":8.0},{"not_picked":["Deflect","Outmaneuver"],"picked":"Bouncing Flask","floor":10.0},{"not_picked":["Deadly Poison","Outmaneuver","Riddle With Holes"],"picked":"SKIP","floor":12.0},{"not_picked":["Catalyst","Predator"],"picked":"Corpse Explosion","floor":15.0},{"not_picked":["Unload","After Image"],"picked":"Wraith Form v2","floor":16.0},{"not_picked":["Concentrate","Deflect","Skewer"],"picked":"SKIP","floor":18.0},{"not_picked":["Cloak And Dagger","Expertise","Acrobatics"],"picked":"SKIP","floor":19.0},{"not_picked":["Tactician","All Out Attack","Underhanded Strike"],"picked":"SKIP","floor":21.0},{"not_picked":["Blade Dance","Crippling Poison"],"picked":"Deflect","floor":22.0},{"not_picked":["Storm of Steel","Accuracy","Dagger Throw"],"picked":"SKIP","floor":24.0},{"not_picked":["Deflect","Slice"],"picked":"Setup+1","floor":29.0},{"not_picked":["All Out Attack","Quick Slash"],"picked":"Night Terror","floor":30.0},{"not_picked":["A Thousand Cuts","Doppelganger"],"picked":"Wraith Form v2","floor":33.0},{"not_picked":["Flying Knee","PiercingWail"],"picked":"Outmaneuver+1","floor":35.0},{"not_picked":["Flying Knee","Backstab"],"picked":"Dodge and Roll+1","floor":37.0},{"not_picked":["Backflip","Blade Dance+1"],"picked":"PiercingWail","floor":39.0},{"not_picked":["Flechettes","Predator+1","Outmaneuver"],"picked":"SKIP","floor":41.0},{"not_picked":["Unload","Bane+1"],"picked":"Venomology","floor":44.0},{"not_picked":["Dagger Throw","Infinite Blades+1","Bouncing Flask"],"picked":"SKIP","floor":47.0},{"not_picked":["Dagger Spray","Grand Finale","A Thousand Cuts"],"picked":"SKIP","floor":48.0},{"not_picked":["Backflip","Setup"],"picked":"PiercingWail","floor":49.0},{"not_picked":["Poisoned Stab","Sucker Punch"],"picked":"Concentrate","floor":53.0},{"not_picked":["Outmaneuver","Finisher+1"],"picked":"Leg Sweep","floor":55.0}],"player_experience":1032322,"relics_obtained":[{"floor":6.0,"key":"Happy Flower"},{"floor":8.0,"key":"Bottled Flame"},{"floor":9.0,"key":"Regal Pillow"},{"floor":10.0,"key":"Turnip"},{"floor":24.0,"key":"Meat on the Bone"},{"floor":26.0,"key":"Oddly Smooth Stone"},{"floor":30.0,"key":"Mercury Hourglass"},{"floor":41.0,"key":"Strawberry"},{"floor":44.0,"key":"Sundial"},{"floor":46.0,"key":"Paper Crane"},{"floor":48.0,"key":"Boot"},{"floor":55.0,"key":"Centennial Puzzle"}],"event_choices":[{"damage_healed":0.0,"max_hp_gain":0.0,"max_hp_loss":0.0,"gold_gain":0.0,"event_name":"Scrap Ooze","player_choice":"Success","floor":2.0,"gold_loss":0.0,"damage_taken":11.0,"relics_obtained":["Dream Catcher"]},{"damage_healed":22.0,"max_hp_gain":0.0,"max_hp_loss":0.0,"gold_gain":0.0,"event_name":"Big Fish","player_choice":"Banana","floor":3.0,"gold_loss":0.0,"damage_taken":0.0},{"damage_healed":0.0,"max_hp_gain":0.0,"max_hp_loss":0.0,"gold_gain":75.0,"event_name":"World of Goop","player_choice":"Gather Gold","floor":14.0,"gold_loss":0.0,"damage_taken":11.0},{"damage_healed":0.0,"max_hp_gain":5.0,"max_hp_loss":0.0,"gold_gain":0.0,"event_name":"Forgotten Altar","player_choice":"Shed Blood","floor":27.0,"gold_loss":0.0,"damage_taken":23.0},{"damage_healed":0.0,"max_hp_gain":0.0,"max_hp_loss":0.0,"gold_gain":0.0,"event_name":"Cursed Tome","player_choice":"Ignored","floor":31.0,"gold_loss":0.0,"damage_taken":0.0},{"damage_healed":0.0,"max_hp_gain":0.0,"max_hp_loss":0.0,"gold_gain":999.0,"event_name":"MindBloom","player_choice":"Gold","floor":36.0,"gold_loss":0.0,"damage_taken":0.0,"cards_obtained":["Normality","Normality"]},{"damage_healed":0.0,"max_hp_gain":0.0,"max_hp_loss":0.0,"gold_gain":0.0,"event_name":"Tomb of Lord Red Mask","player_choice":"Ignored","floor":38.0,"gold_loss":0.0,"damage_taken":0.0},{"damage_healed":0.0,"max_hp_gain":0.0,"max_hp_loss":0.0,"gold_gain":0.0,"event_name":"Winding Halls","player_choice":"Embrace Madness","floor":45.0,"gold_loss":0.0,"damage_taken":14.0,"cards_obtained":["Madness","Madness"]}],"is_beta":false,"boss_relics":[{"not_picked":["Empty Cage","Ring of the Serpent"],"picked":"Pandora\u0027s Box"},{"not_picked":["Astrolabe","Coffee Dripper"],"picked":"Runic Pyramid"}],"items_purged_floors":[54],"is_endless":false,"potions_floor_spawned":[8,10,12,16,19,24,39,41,48],"ascension_level":20}}