{"host":"qihv10mixs26xc23","time":1609951937,"event":{"mods":["AchievementEnabler","BaseMod","BetterRewards","Downfall","Googly Eyes","Hermit","Minty Spire (QoL Compilation)","Replay The Spire","Shop Mod","StSLib","The Marked"],"gold_per_floor":[112,132,142,152,167,167,237,237,237,251,251,251,270,270,283,283,283,387,387,406,406,22,41,41,41,53,88,88,41,0,17,17,17,17,118,118,129,147,147,166,166,166,166,166],"floor_reached":43,"playtime":1831,"items_purged":["ReplayTheSpireMod:Speed Training+1"],"score":702,"play_id":"9f414455-268d-4522-b809-eab7e2f9dec3","local_time":"20210106115217","is_ascension_mode":true,"campfire_choices":[{"data":"Bane","floor":6,"key":"SMITH"},{"data":"Terror","floor":6,"key":"SMITH"},{"data":"Bane","floor":8,"key":"SMITH"},{"data":"Bane","floor":8,"key":"SMITH"},{"floor":14,"key":"REST"},{"data":"Strike_G","floor":17,"key":"PURGE"},{"floor":25,"key":"REST"},{"floor":42,"key":"REST"}],"circlet_count":0,"master_deck":["Strike_G","Strike_G","Strike_G","Defend_G","Defend_G","Defend_G","Survivor","Neutralize","Poisoned Stab","Bane+1","Noxious Fumes","Deadly Poison","Terror+1","Bane+1","Acrobatics","Bane+1","Sucker Punch","Backstab+1","Dagger Spray","Deadly Poison","After Image+1","Venomology+1","Sucker Punch+1","Crippling Poison","Poisoned Strike","Finisher+1","Masterful Stab","Slice","Prepared","Deadly Poison+1","Dagger Throw","Noxious Fumes+1","Atom Bomb","Catalyst","Secret Technique","Flying Knee+1"],"relics":["Ring of the Snake","Lantern","Replay:Arrowhead","ReplayTheSpireMod:Shallot","Astrolabe","MutagenicStrength","Bottled Tornado","Frozen Egg 2","Busted Crown"],"acts_visited":["Exordium","TheCity","TheBeyond"],"potions_floor_usage":[27,31,35,35,38],"damage_taken":[{"damage":0,"enemies":"Jaw Worm","floor":1,"turns":3},{"damage":0,"enemies":"2 Louse","floor":2,"turns":2},{"damage":1,"enemies":"Small Slimes","floor":3,"turns":2},{"damage":3,"enemies":"Looter","floor":4,"turns":2},{"damage":24,"enemies":"Large Slime","floor":5,"turns":5},{"damage":9,"enemies":"Lots of Slimes","floor":10,"turns":4},{"damage":0,"enemies":"3 Louse","floor":13,"turns":2},{"damage":2,"enemies":"Blue Slaver","floor":15,"turns":2},{"damage":0,"enemies":"Slime Boss","floor":18,"turns":3},{"damage":22,"enemies":"Spheric Guardian","floor":20,"turns":5},{"damage":6,"enemies":"Chosen","floor":23,"turns":4},{"damage":4,"enemies":"3 Cultists","floor":26,"turns":4},{"damage":23,"enemies":"Slavers","floor":27,"turns":4},{"damage":0,"enemies":"Snecko","floor":31,"turns":3},{"damage":37,"enemies":"Collector","floor":35,"turns":7},{"damage":37,"enemies":"3 Shapes","floor":37,"turns":4},{"damage":2,"enemies":"Orb Walker","floor":38,"turns":2},{"damage":31,"enemies":"Jaw Worm Horde","floor":40,"turns":4},{"damage":42,"enemies":"Spire Growth","floor":43,"turns":4}],"seed_played":"3325674795522420516","potions_obtained":[{"floor":4,"key":"Milkshake"},{"floor":5,"key":"sneckomod:MuddlingPotion"},{"floor":10,"key":"Toxic Potion"},{"floor":13,"key":"FairyPotion"},{"floor":18,"key":"EntropicBrew"},{"floor":20,"key":"DistilledChaos"},{"floor":31,"key":"sneckomod:MuddlingPotion"},{"floor":40,"key":"Energy Potion"}],"is_trial":false,"path_per_floor":["M","M","M","M","M","R","?","R","T","M","PTL","PTL","M","R","M","?","R","B",null,"M","?","$","M","?","R","M","E","T","$","?","M","?","$","R","B",null,"M","M","?","M","?","R","M"],"character_chosen":"THE_SILENT","items_purchased":["Lantern","Poisoned Stab","Bane","Noxious Fumes","Deadly Poison","Poisoned Strike","Finisher+1","Masterful Stab","Dagger Throw"],"campfire_rested":3,"item_purchase_floors":[0,0,0,0,0,22,22,22,29],"current_hp_per_floor":[49,49,48,45,21,21,21,21,21,12,12,12,12,33,31,31,31,31,70,48,32,32,26,26,47,43,20,20,20,20,20,20,20,41,4,70,33,31,31,21,21,42,0,0],"gold":166,"neow_bonus":"","is_daily":false,"chose_seed":false,"campfire_upgraded":4,"win_rate":0.0,"timestamp":1609951937,"path_taken":["M","M","M","M","M","R","?","R","T","M","PTL","PTL","M","R","M","?","R","BOSS","M","?","?","M","?","R","M","E","T","$","?","M","?","$","R","BOSS","M","?","?","M","?","R","?"],"items_purchased_type":["Relic","Card","Card","Card","Card","Card","Card","Card","Card"],"build_version":"2020-12-22","purchased_purges":1,"victory":false,"max_hp_per_floor":[70,70,70,70,70,70,70,70,70,70,70,70,70,70,70,70,70,70,70,70,70,70,70,70,70,70,70,70,70,70,70,70,70,70,70,70,70,70,70,70,70,70,70,70],"card_choices":[{"not_picked":["Bane","PiercingWail"],"picked":"Terror","floor":1},{"not_picked":["Noxious Fumes","Slice"],"picked":"Bane","floor":2},{"not_picked":["Accuracy","Catalyst"],"picked":"Acrobatics","floor":3},{"not_picked":["Finisher","Flying Knee"],"picked":"Bane","floor":4},{"not_picked":["Draining Mist","Acrobatics"],"picked":"Sucker Punch","floor":5},{"not_picked":["Tactician","Hidden Blade"],"picked":"Backstab","floor":10},{"not_picked":["Night Terror","Cloak And Dagger"],"picked":"Dagger Spray","floor":13},{"not_picked":["Dagger Spray","Footwork"],"picked":"Deadly Poison","floor":15},{"not_picked":["Tools of the Trade","Bullet Time"],"picked":"After Image","floor":18},{"not_picked":["Deflect","Tactician+1"],"picked":"Crippling Poison","floor":20},{"not_picked":["Underhanded Strike","Flying Knee"],"picked":"Slice","floor":23},{"not_picked":["Catalyst","Accuracy"],"picked":"Prepared","floor":26},{"not_picked":["Leg Sweep","ReplayTheSpireMod:Shiv Toss+1"],"picked":"Deadly Poison+1","floor":27},{"not_picked":["Blade Dance","Tactician"],"picked":"Noxious Fumes+1","floor":31},{"not_picked":["Venomology","Bullet Time"],"picked":"Atom Bomb","floor":35},{"not_picked":[],"picked":"Catalyst","floor":37},{"not_picked":["Dash"],"picked":"SKIP","floor":38},{"not_picked":[],"picked":"Secret Technique","floor":39},{"not_picked":[],"picked":"Flying Knee+1","floor":40}],"player_experience":62788,"relics_obtained":[{"floor":9,"key":"ReplayTheSpireMod:Shallot"},{"floor":27,"key":"Bottled Tornado"},{"floor":28,"key":"Frozen Egg 2"}],"event_choices":[{"damage_healed":0,"gold_gain":70,"player_choice":"Gained Gold","damage_taken":0,"max_hp_gain":0,"max_hp_loss":0,"event_name":"Golden Wing","floor":7,"gold_loss":0},{"damage_healed":0,"gold_gain":0,"player_choice":"Searched \u00270\u0027 times","damage_taken":0,"max_hp_gain":0,"max_hp_loss":0,"event_name":"Dead Adventurer","floor":16,"gold_loss":0},{"damage_healed":0,"gold_gain":0,"player_choice":"Obtained Book","damage_taken":16,"max_hp_gain":0,"max_hp_loss":0,"event_name":"Cursed Tome","floor":21,"gold_loss":0},{"damage_healed":0,"gold_gain":0,"player_choice":"Inject Mutagens","damage_taken":0,"relics_obtained":["MutagenicStrength"],"max_hp_gain":0,"max_hp_loss":0,"event_name":"Drug Dealer","floor":24,"gold_loss":0},{"damage_healed":0,"gold_gain":0,"player_choice":"Paid Fearfully","damage_taken":0,"max_hp_gain":0,"max_hp_loss":0,"event_name":"Masked Bandits","floor":30,"gold_loss":41},{"damage_healed":0,"gold_gain":0,"player_choice":"Forge","damage_taken":0,"max_hp_gain":0,"max_hp_loss":0,"event_name":"Accursed Blacksmith","floor":32,"gold_loss":0,"cards_upgraded":["Backstab"]},{"damage_healed":0,"gold_gain":0,"player_choice":"Memory 1","damage_taken":0,"max_hp_gain":0,"max_hp_loss":0,"event_name":"SensoryStone","floor":39,"gold_loss":0},{"damage_healed":0,"gold_gain":0,"player_choice":"Ignored","damage_taken":0,"max_hp_gain":0,"max_hp_loss":0,"event_name":"SecretPortal","floor":41,"gold_loss":0}],"is_beta":false,"boss_relics":[{"not_picked":["Pandora\u0027s Box","Kintsugi"],"picked":"Astrolabe"},{"not_picked":["WristBlade","Fusion Hammer"],"picked":"Busted Crown"}],"items_purged_floors":[22],"is_endless":false,"potions_floor_spawned":[4,5,10,13,18,20,26,31,40],"killed_by":"Spire Growth","ascension_level":2}}