{"host":"csp9nt53rootlkah","time":1609914797,"event":{"mods":["Act Like it!","BaseMod","Colored Powertips","Downfall","Friendly Minions","Gensokyo","Highlight Path","Minty Spire (QoL Compilation)","Quick Restart","Replay The Spire","StSLib","TestMod","The Factory","The Jungle","UnlockEverythingMod","¡¾ÒÅÎï¿¨ÅÆ¡¿REMEMod"],"gold_per_floor":[99,99,99,99,99,117,188,188,188,198,108,140,65,50,60,155,155,155],"floor_reached":16,"playtime":1192,"items_purged":["Regret"],"score":146,"play_id":"fb6c7e44-5610-42aa-ba53-b3848bc9847a","local_time":"20210106143317","is_ascension_mode":false,"campfire_choices":[{"data":"ReplayTheSpireMod:Fabricate Wheel","floor":1.0,"key":"SMITH"},{"data":"Guardian:Harden","floor":9,"key":"SMITH"},{"data":"Guardian:GuardianWhirl","floor":13,"key":"SMITH"}],"circlet_count":0,"master_deck":["Guardian:Strike_Guardian","Guardian:Strike_Guardian","Guardian:Strike_Guardian","Guardian:Defend_Guardian","Guardian:Defend_Guardian+1","Guardian:Defend_Guardian+1","Guardian:Defend_Guardian","Guardian:CurlUp","Guardian:TwinSlam+1","Guardian:Emergency","Guardian:Harden+1","All For One","Guardian:ChargeCore","Guardian:Gem_Cyan","Guardian:Planning","Guardian:GuardianWhirl+1","Guardian:AncientConstruct+1","Guardian:TimeCapacitor+1","Guardian:Gem_Lightblue","Guardian:Gem_Cyan"],"relics":["Guardian:ModeShifter","testmod-TestBox","REME_ComplimentaryCards","testmod-Justice","downfall:HeartsMalice","Prayer Wheel","Frozen Egg 2","Lizard Tail","downfall:HeartBlessingGreen"],"acts_visited":["Exordium"],"potions_floor_usage":[],"damage_taken":[{"damage":0.0,"enemies":"2 Louse","floor":2.0,"turns":1.0},{"damage":0.0,"enemies":"Cultist","floor":3.0,"turns":1.0},{"damage":0.0,"enemies":"Jaw Worm","floor":4.0,"turns":1.0},{"damage":18,"enemies":"Exordium Thugs","floor":6,"turns":5},{"damage":2,"enemies":"Exordium Wildlife","floor":10,"turns":4},{"damage":4,"enemies":"downfall:FleeingMerchant","floor":11,"turns":4},{"damage":4,"enemies":"Gremlin Nob","floor":12,"turns":4},{"damage":7,"enemies":"downfall:FleeingMerchant","floor":14,"turns":4},{"damage":0,"enemies":"2 Fungi Beasts","floor":15,"turns":5},{"damage":16,"enemies":"downfall:Ironclad","floor":16,"turns":9}],"seed_played":"8496032801778997924","potions_obtained":[{"floor":10,"key":"Fire Potion"},{"floor":12,"key":"Block Potion"},{"floor":15,"key":"Energy Potion"}],"is_trial":false,"path_per_floor":["R","M","M","M","?","M","T","?","R","M","$","E","R","$","M","B"],"character_chosen":"GUARDIAN","items_purchased":[],"campfire_rested":0,"item_purchase_floors":[],"current_hp_per_floor":[80,80,80,80,80,62,62,62,62,60,56,52,52,45,45,29,29,29],"gold":155,"neow_bonus":"THREE_ENEMY_KILL","is_daily":false,"chose_seed":false,"campfire_upgraded":3,"win_rate":0.0,"timestamp":1609914797,"path_taken":["R","M","M","M","?","?","T","?","R","M","$","E","R","?","M","BOSS"],"items_purchased_type":[],"build_version":"2020-12-22","purchased_purges":1,"victory":false,"max_hp_per_floor":[80,80,80,80,80,80,80,80,80,80,80,80,80,80,80,80,80,80],"card_choices":[{"not_picked":["Guardian:RefractedBeam","Guardian:MultiBeam"],"picked":"Guardian:Emergency","floor":2.0},{"not_picked":["Guardian:Gem_Lightblue","Guardian:Gem_Crimson","Guardian:CrystalBeam"],"picked":"SKIP","floor":3.0},{"not_picked":["Guardian:DonusPower","Guardian:PrimingBeam","Guardian:Gem_Green"],"picked":"SKIP","floor":4.0},{"not_picked":["Guardian:RollAttack","Guardian:PrimingBeam"],"picked":"Guardian:ChargeCore","floor":6},{"not_picked":["Guardian:Incinerate","Guardian:RefractedBeam"],"picked":"Guardian:Gem_Cyan","floor":6},{"not_picked":["Guardian:Gem_Cyan","Guardian:PolyBeam"],"picked":"Guardian:Planning","floor":10},{"not_picked":["Guardian:ShieldCharger","Guardian:Harden"],"picked":"Guardian:GuardianWhirl","floor":10},{"not_picked":["Guardian:Gem_Cyan","Guardian:Reroute"],"picked":"Guardian:AncientConstruct+1","floor":11},{"not_picked":["Guardian:Planning","Guardian:RollAttack"],"picked":"Guardian:TimeCapacitor+1","floor":12},{"not_picked":["Guardian:TemporalStrike","Guardian:PiercingHide","Guardian:ChargeUp"],"picked":"SKIP","floor":14},{"not_picked":["Guardian:FloatingOrbs+1","Guardian:ConstructionForm+1"],"picked":"Guardian:Gem_Lightblue","floor":15},{"not_picked":["Guardian:Suspension","Guardian:DecasProtection"],"picked":"Guardian:Gem_Cyan","floor":15}],"player_experience":119517,"relics_obtained":[{"floor":7,"key":"Frozen Egg 2"},{"floor":12,"key":"Lizard Tail"}],"event_choices":[{"damage_healed":0,"gold_gain":0,"cards_transformed":["Guardian:Strike_Guardian"],"player_choice":"Transformed","damage_taken":0,"max_hp_gain":0,"max_hp_loss":0,"event_name":"Transmorgrifier","floor":5,"gold_loss":0,"cards_obtained":["Guardian:Harden"]}],"is_beta":false,"boss_relics":[],"items_purged_floors":[11],"is_endless":false,"potions_floor_spawned":[10,12,15,16],"killed_by":"downfall:Ironclad","ascension_level":0}}