{"host":"tjq6rykv202u6iqx","time":1609960216,"event":{"mods":["AchievementEnabler","BaseMod","Minty Spire (QoL Compilation)","Rare Cards Sparkle","Relic Stats"],"gold_per_floor":[216,216,230,230,245,278,292,292,292,0,31,106,146,171,171,264,264,279,549,564,588,3,3,24,57,81,119,134,134,150,190,190,190,190],"floor_reached":33,"playtime":2610,"items_purged":["Defend_R","Strike_R"],"score":605,"play_id":"406486e5-802e-4b0b-b034-39e71bb28c0f","local_time":"20210106131016","is_ascension_mode":true,"campfire_choices":[{"data":"Uppercut","floor":8.0,"key":"SMITH"},{"data":"Flame Barrier","floor":15.0,"key":"SMITH"},{"data":"Disarm","floor":23.0,"key":"SMITH"},{"floor":29.0,"key":"REST"},{"floor":32,"key":"REST"}],"circlet_count":0,"master_deck":["AscendersBane","Strike_R","Strike_R","Strike_R","Defend_R","Defend_R","Defend_R","Bash","Uppercut+1","Flame Barrier+1","Iron Wave","Burning Pact","Anger","Sword Boomerang+1","Dropkick+1","Twin Strike+1","Juggernaut","Disarm+1","Wild Strike+1","Wild Strike+1","Sever Soul+1","Iron Wave+1","Pommel Strike+1","Infernal Blade+1","Armaments+1","Warcry+1","Shrug It Off+1"],"relics":["Burning Blood","Golden Idol","Potion Belt","Lantern","Medical Kit","Molten Egg 2","Meat on the Bone","Sozu","Question Card","Centennial Puzzle","White Beast Statue","Bronze Scales","Toxic Egg 2","Nunchaku"],"acts_visited":["Exordium","TheCity"],"potions_floor_usage":[33],"damage_taken":[{"damage":4.0,"enemies":"Jaw Worm","floor":1.0,"turns":5.0},{"damage":3.0,"enemies":"2 Louse","floor":3.0,"turns":4.0},{"damage":1.0,"enemies":"Small Slimes","floor":5.0,"turns":4.0},{"damage":8.0,"enemies":"Gremlin Nob","floor":6.0,"turns":3.0},{"damage":4.0,"enemies":"3 Louse","floor":7.0,"turns":5.0},{"damage":18.0,"enemies":"3 Sentries","floor":11.0,"turns":9.0},{"damage":20.0,"enemies":"Lagavulin","floor":13.0,"turns":6.0},{"damage":6.0,"enemies":"Lots of Slimes","floor":14.0,"turns":4.0},{"damage":27.0,"enemies":"Slime Boss","floor":16.0,"turns":8.0},{"damage":28.0,"enemies":"Shell Parasite","floor":18.0,"turns":5.0},{"damage":5.0,"enemies":"Chosen","floor":20.0,"turns":3.0},{"damage":34.0,"enemies":"Snecko","floor":21.0,"turns":6.0},{"damage":27.0,"enemies":"Cultist and Chosen","floor":24.0,"turns":6.0},{"damage":20.0,"enemies":"Slavers","floor":25.0,"turns":6.0},{"damage":24.0,"enemies":"Gremlin Leader","floor":27.0,"turns":3.0},{"damage":12.0,"enemies":"Snake Plant","floor":28.0,"turns":3.0},{"damage":18,"enemies":"Snecko","floor":30,"turns":4},{"damage":24,"enemies":"Slavers","floor":31,"turns":5},{"damage":80,"enemies":"Collector","floor":33,"turns":6}],"seed_played":"-3833873120837836221","potions_obtained":[{"floor":1.0,"key":"AttackPotion"},{"floor":3.0,"key":"BloodPotion"},{"floor":7.0,"key":"Swift Potion"},{"floor":13.0,"key":"BloodPotion"},{"floor":16.0,"key":"DistilledChaos"}],"is_trial":false,"path_per_floor":["M","?","M","?","M","E","M","R","T","$","E","?","E","M","R","B",null,"M","?","M","M","$","R","M","E","T","E","M","R","M","E","R","B"],"character_chosen":"IRONCLAD","items_purchased":["Medical Kit","Block Potion","Question Card","Centennial Puzzle","Sever Soul+1"],"campfire_rested":2,"item_purchase_floors":[10,10,22,22,22],"current_hp_per_floor":[70,63,66,40,45,43,45,45,45,45,33,22,8,20,20,26,63,53,26,39,23,23,23,29,27,27,21,27,49,49,43,65,0,0],"gold":190,"neow_bonus":"HUNDRED_GOLD","is_daily":false,"chose_seed":false,"campfire_upgraded":3,"win_rate":0.0,"timestamp":1609960216,"path_taken":["M","?","M","?","M","E","M","R","T","$","E","?","E","M","R","BOSS","M","?","?","M","$","R","M","E","T","E","M","R","M","E","R","BOSS"],"items_purchased_type":["Relic","Potion","Relic","Relic","Card"],"build_version":"2020-12-22","purchased_purges":2,"victory":false,"max_hp_per_floor":[75,75,75,75,75,75,75,75,75,75,75,75,75,75,75,75,75,75,75,75,75,75,75,75,75,75,75,75,75,75,75,75,75,75],"relic_stats":{"Sozu":6,"Centennial Puzzle":[21],"Nunchaku":[1],"counters":[19,95],"Golden Idol":95,"Bronze Scales":[74],"Medical Kit":[11],"Question Card":6,"obtain_stats":[{"Potion Belt":6,"Lantern":9,"Golden Idol":4,"Medical Kit":10,"Question Card":22,"Burning Blood":0,"White Beast Statue":25,"Sozu":17,"Centennial Puzzle":22,"Nunchaku":31,"Bronze Scales":26,"Molten Egg 2":11,"Toxic Egg 2":27,"Meat on the Bone":13},{"Potion Belt":4,"Lantern":5,"Golden Idol":2,"Medical Kit":5,"Question Card":12,"Burning Blood":0,"White Beast Statue":14,"Sozu":9,"Centennial Puzzle":12,"Nunchaku":18,"Bronze Scales":14,"Molten Egg 2":6,"Toxic Egg 2":15,"Meat on the Bone":7},{"Potion Belt":16,"Lantern":21,"Golden Idol":9,"Medical Kit":21,"Question Card":62,"Burning Blood":0,"White Beast Statue":74,"Sozu":48,"Centennial Puzzle":62,"Nunchaku":89,"Bronze Scales":74,"Molten Egg 2":30,"Toxic Egg 2":77,"Meat on the Bone":36}],"Burning Blood":108,"Meat on the Bone":132},"card_choices":[{"not_picked":["Fire Breathing","Iron Wave"],"picked":"Uppercut","floor":1.0},{"not_picked":["Armaments","Pummel"],"picked":"Flame Barrier","floor":3.0},{"not_picked":["Wild Strike","Pommel Strike"],"picked":"Iron Wave","floor":5.0},{"not_picked":["Sword Boomerang","Entrench"],"picked":"Burning Pact","floor":6.0},{"not_picked":["Bloodletting","Clash"],"picked":"Anger","floor":7.0},{"not_picked":["Cleave+1","Flex"],"picked":"Sword Boomerang+1","floor":11.0},{"not_picked":["Rupture","Armaments"],"picked":"Dropkick+1","floor":13.0},{"not_picked":["Heavy Blade+1","Entrench"],"picked":"Twin Strike+1","floor":14.0},{"not_picked":["Brutality","Barricade"],"picked":"Juggernaut","floor":16.0},{"not_picked":["Combust","Sword Boomerang+1"],"picked":"Disarm","floor":18.0},{"not_picked":["Anger+1","Blood for Blood+1"],"picked":"Wild Strike+1","floor":20.0},{"not_picked":["Clash+1","Anger+1"],"picked":"Wild Strike+1","floor":21.0},{"not_picked":["Dual Wield","Hemokinesis+1","Havoc"],"picked":"Iron Wave+1","floor":24.0},{"not_picked":["Burning Pact","Twin Strike+1","Hemokinesis+1"],"picked":"Pommel Strike+1","floor":25.0},{"not_picked":["Body Slam+1","Wild Strike+1","Bludgeon+1"],"picked":"Infernal Blade+1","floor":27.0},{"not_picked":["Anger+1","Havoc+1","Headbutt+1"],"picked":"Armaments+1","floor":28.0},{"not_picked":["Twin Strike+1","Headbutt+1","Body Slam+1"],"picked":"Warcry+1","floor":30},{"not_picked":["Uppercut+1","Hemokinesis+1","Flame Barrier+1"],"picked":"Shrug It Off+1","floor":31}],"player_experience":799301,"relics_obtained":[{"floor":6.0,"key":"Potion Belt"},{"floor":9.0,"key":"Lantern"},{"floor":11.0,"key":"Molten Egg 2"},{"floor":13.0,"key":"Meat on the Bone"},{"floor":25.0,"key":"White Beast Statue"},{"floor":26.0,"key":"Bronze Scales"},{"floor":27.0,"key":"Toxic Egg 2"},{"floor":31,"key":"Nunchaku"}],"event_choices":[{"cards_removed":["Strike_R"],"damage_healed":0.0,"max_hp_gain":0.0,"max_hp_loss":0.0,"gold_gain":0.0,"event_name":"Golden Wing","player_choice":"Card Removal","floor":2.0,"gold_loss":0.0,"damage_taken":7.0},{"damage_healed":0.0,"max_hp_gain":0.0,"max_hp_loss":0.0,"gold_gain":0.0,"event_name":"Golden Idol","player_choice":"Take Damage","floor":4.0,"gold_loss":0.0,"damage_taken":26.0,"relics_obtained":["Golden Idol"]},{"damage_healed":0.0,"max_hp_gain":0.0,"max_hp_loss":0.0,"gold_gain":75.0,"event_name":"World of Goop","player_choice":"Gather Gold","floor":12.0,"gold_loss":0.0,"damage_taken":11.0},{"damage_healed":0.0,"max_hp_gain":0.0,"max_hp_loss":0.0,"gold_gain":270.0,"event_name":"Knowing Skull","player_choice":"GOLD GOLD GOLD ","floor":19.0,"potions_obtained":[],"gold_loss":0.0,"damage_taken":27.0,"cards_obtained":[]}],"is_beta":false,"boss_relics":[{"not_picked":["Tiny House","Ectoplasm"],"picked":"Sozu"}],"items_purged_floors":[10,22],"is_endless":false,"potions_floor_spawned":[1,3,7,13,16,18,25,27,28,30,31],"killed_by":"Collector","ascension_level":17}}