{"host":"c3lc60y5x60jlt1y","time":1609945804,"event":{"mods":["AchievementEnabler","BaseMod","Bestiary","Colored Map","Minty Spire (QoL Compilation)","Quick Restart","StSLib","ojb\u0027s Info Mod"],"gold_per_floor":[111,38,113,113,128,159,3,23,23,23,23,43,70,90,90,192,192,202,221,221,232,157,157,157],"floor_reached":23,"playtime":2971,"items_purged":[],"score":237,"play_id":"147ad2c7-180b-4491-b0c9-85809eaeb206","local_time":"20210106171004","is_ascension_mode":true,"campfire_choices":[{"data":"Hello World","floor":11,"key":"SMITH"},{"floor":15,"key":"REST"}],"circlet_count":0,"master_deck":["Strike_B","Strike_B","Strike_B","Defend_B","Defend_B","Defend_B","Defend_B","Zap","Dualcast","Ball Lightning","Consume","White Noise","Hello World+1","Amplify","Heatsinks","Amplify","Chill","Creative AI","Force Field+1","Chill+1","Coolheaded"],"relics":["Cracked Core","NeowsBlessing","Mercury Hourglass","Bottled Lightning","Sundial","Ice Cream","Inserter"],"acts_visited":["Exordium","TheCity"],"potions_floor_usage":[13,21,21],"damage_taken":[{"damage":0,"enemies":"2 Louse","floor":1,"turns":1},{"damage":0,"enemies":"Small Slimes","floor":5,"turns":1},{"damage":0,"enemies":"Gremlin Nob","floor":6,"turns":1},{"damage":3,"enemies":"Jaw Worm","floor":8,"turns":4},{"damage":14,"enemies":"Blue Slaver","floor":12,"turns":3},{"damage":26,"enemies":"3 Sentries","floor":13,"turns":5},{"damage":15,"enemies":"Looter","floor":14,"turns":3},{"damage":19,"enemies":"Hexaghost","floor":16,"turns":11},{"damage":21,"enemies":"2 Thieves","floor":18,"turns":4},{"damage":25,"enemies":"Shell Parasite","floor":19,"turns":10},{"damage":6,"enemies":"Shelled Parasite and Fungi","floor":21,"turns":8},{"damage":10,"enemies":"Book of Stabbing","floor":23,"turns":1}],"seed_played":"1294087479959257127","potions_obtained":[{"floor":6,"key":"LiquidBronze"},{"floor":8,"key":"PowerPotion"},{"floor":12,"key":"SpeedPotion"},{"floor":14,"key":"FocusPotion"},{"floor":18,"key":"PowerPotion"}],"is_trial":false,"path_per_floor":["M","$","?","?","M","E","$","M","T","T","R","M","E","M","R","B",null,"M","M","?","M","?","E"],"character_chosen":"DEFECT","items_purchased":["Consume","Amplify"],"campfire_rested":1,"item_purchase_floors":[2,7],"current_hp_per_floor":[75,75,64,64,64,64,64,61,61,61,61,47,21,6,28,9,75,54,29,15,9,9,0,0],"gold":157,"neow_bonus":"THREE_ENEMY_KILL","is_daily":false,"chose_seed":false,"campfire_upgraded":1,"win_rate":0.0,"timestamp":1609945804,"path_taken":["M","$","?","?","M","E","?","M","T","?","R","M","E","M","R","BOSS","M","M","?","M","?","E"],"items_purchased_type":["Card","Card"],"build_version":"2020-12-22","purchased_purges":0,"victory":false,"max_hp_per_floor":[75,75,75,75,75,75,75,75,75,75,75,75,75,75,75,75,75,75,75,80,80,80,80,80],"card_choices":[{"not_picked":["Self Repair","Hologram"],"picked":"Ball Lightning","floor":1},{"not_picked":["Sweeping Beam","Undo"],"picked":"White Noise","floor":5},{"not_picked":["Cold Snap","Turbo"],"picked":"Hello World","floor":6},{"not_picked":["Sweeping Beam","Ball Lightning"],"picked":"Heatsinks","floor":8},{"not_picked":["Go for the Eyes","Conserve Battery","Stack"],"picked":"SKIP","floor":12},{"not_picked":["Force Field","Sweeping Beam"],"picked":"Amplify","floor":13},{"not_picked":["Conserve Battery","Leap"],"picked":"Chill","floor":14},{"not_picked":["Reboot","Echo Form"],"picked":"Creative AI","floor":16},{"not_picked":["Turbo","Gash"],"picked":"Force Field+1","floor":18},{"not_picked":["Steam","Steam Power"],"picked":"Chill+1","floor":19},{"not_picked":["Barrage","Rebound+1"],"picked":"Coolheaded","floor":21}],"player_experience":7599698,"relics_obtained":[{"floor":6,"key":"Mercury Hourglass"},{"floor":9,"key":"Bottled Lightning"},{"floor":10,"key":"Sundial"},{"floor":13,"key":"Ice Cream"}],"event_choices":[{"damage_healed":0,"gold_gain":75,"player_choice":"Gather Gold","damage_taken":11,"max_hp_gain":0,"max_hp_loss":0,"event_name":"World of Goop","floor":3,"gold_loss":0},{"damage_healed":0,"gold_gain":0,"player_choice":"Ignored","damage_taken":0,"max_hp_gain":0,"max_hp_loss":0,"event_name":"Liars Game","floor":4,"gold_loss":0},{"damage_healed":0,"gold_gain":0,"player_choice":"Shed Blood","damage_taken":19,"max_hp_gain":5,"max_hp_loss":0,"event_name":"Forgotten Altar","floor":20,"gold_loss":0},{"cards_removed":["Strike_B"],"damage_healed":0,"gold_gain":0,"player_choice":"Gave Gold","damage_taken":0,"max_hp_gain":0,"max_hp_loss":0,"event_name":"Beggar","floor":22,"gold_loss":75}],"is_beta":false,"boss_relics":[{"not_picked":["Black Star","FrozenCore"],"picked":"Inserter"}],"items_purged_floors":[],"is_endless":false,"potions_floor_spawned":[6,8,12,14,18],"killed_by":"Book of Stabbing","ascension_level":1}}