{"host":"k5ezbu40hxyit46v","time":1609975119,"event":{"mods":["Act Like it!","Aspiration","Astrologer","BaseMod","BetterRewards","Conspire","DeckTracker","Energized Spire","Gensokyo","Googly Eyes","Halation","HexUI Lib","Highlight Path","Hubris","Infinite Spire","Ironclad Rager","Jedi Mod","Mad Scientist","Marisa????????","Minty Spire (QoL Compilation)","Quarter Circle Forward PUNCH!","Quick Restart","Replay The Spire","Reworked Bosses","Shop Mod","Spikes Relics","StSLib","The Administrix","The Awakened One except there are too many feathers","The Bladedancer","The Cursed","The IronCluck","The Servant 0.9.4","The Wild Card","everything is the same but u backflip on backflip","slay the spire mod where everything is the same but ironclad has a cowboy hat","vexMod"],"gold_per_floor":[113,21,33,53,65,65,65,65,65,65,85,115,133,133,133],"floor_reached":14,"playtime":369,"items_purged":[],"score":174,"play_id":"505f8079-cd96-418b-b126-7dac4b18dd6d","local_time":"20210106181839","is_ascension_mode":true,"campfire_choices":[{"data":"Defend_R","floor":6,"key":"SMITH"},{"data":"Defend_R","floor":8,"key":"SMITH"},{"data":"Defend_R","floor":10,"key":"SMITH"}],"circlet_count":0,"master_deck":["AscendersBane","Strike_R","Strike_R","Strike_R","Strike_R","Strike_R","Defend_R","Defend_R+1","Defend_R+1","Defend_R+1","Bash","Reaper"],"relics":["Burning Blood","NeowsBlessing","MiniBlackHole","CaptainsWheel","jedi:angrymask","Replay:Ringing Soul"],"acts_visited":["Gensokyo:Gensokyo"],"potions_floor_usage":[5,12,13],"damage_taken":[{"damage":0,"enemies":"Gensokyo:Gryphon","floor":1,"turns":1},{"damage":3,"enemies":"Gensokyo:3_Fairies","floor":3,"turns":4},{"damage":8,"enemies":"Gensokyo:Python","floor":4,"turns":3},{"damage":17,"enemies":"Gensokyo:Kitsune","floor":5,"turns":5},{"damage":12,"enemies":"Gensokyo:VengefulSpirit","floor":11,"turns":8},{"damage":48,"enemies":"Gensokyo:Mamizou","floor":12,"turns":11},{"damage":13,"enemies":"Gensokyo:Python_and_Kodama","floor":13,"turns":7},{"damage":0,"enemies":"Gensokyo:Aya","floor":14,"turns":1}],"seed_played":"5924854868092341750","potions_obtained":[{"floor":4,"key":"Explosive Potion"},{"floor":11,"key":"Dexterity Potion"},{"floor":12,"key":"ColorlessPotion"},{"floor":13,"key":"Adrenaline Potion"}],"is_trial":false,"path_per_floor":["M","COS","M","M","M","R","$","R","T","R","M","E","M","E"],"character_chosen":"IRONCLAD","items_purchased":[],"campfire_rested":0,"item_purchase_floors":[],"current_hp_per_floor":[74,74,75,73,62,62,62,62,62,62,56,18,25,25,25],"gold":133,"neow_bonus":"THREE_ENEMY_KILL","is_daily":false,"chose_seed":false,"campfire_upgraded":3,"win_rate":0.0,"timestamp":1609975119,"path_taken":["M","COS","?","?","?","R","?","R","T","R","?","E","M","E"],"items_purchased_type":[],"build_version":"2020-12-22","purchased_purges":0,"victory":false,"max_hp_per_floor":[75,75,75,75,75,75,75,75,75,75,75,75,75,75,75],"card_choices":[{"not_picked":["Armaments","Iron Wave","Body Slam"],"picked":"SKIP","floor":1},{"not_picked":["Flex","Replay:Undeath\u0027s Touch","ReplayTheSpireMod:Strike From Hell"],"picked":"SKIP","floor":3},{"not_picked":["Thunderclap","Sword Boomerang","Massacre"],"picked":"SKIP","floor":4},{"not_picked":["jedi:fear","Dropkick","Clash"],"picked":"SKIP","floor":5},{"not_picked":["Rage","Havoc"],"picked":"Reaper","floor":11},{"not_picked":["infinitespire:OneForAll","Ghostly Armor","jedi:MakeshiftSword"],"picked":"SKIP","floor":12},{"not_picked":["True Grit","hubris:ReadiedAction","Heavy Blade"],"picked":"SKIP","floor":13}],"player_experience":1230359,"relics_obtained":[{"floor":9,"key":"jedi:angrymask"},{"floor":12,"key":"Replay:Ringing Soul"}],"event_choices":[],"is_beta":false,"boss_relics":[],"items_purged_floors":[],"is_endless":false,"potions_floor_spawned":[4,11,12,13],"killed_by":"Gensokyo:Aya","ascension_level":20}}