{"host":"ox77rn1xcurm2t5a","time":1609974178,"event":{"mods":["2.2 Compatiblity","AchievementEnabler","Act Like it!","Aspiration","BaseMod","Best Route Mod","Better Match","Better Note","Better Sensory Stone","Block Reminder","Colored Map","Colored Powertips","Conjunction","Conspire","Custom Start","Energized Spire","GifTheSpireLib","Gold Saver","Gremlin Skip","Halation","Highlight Path","Hubris","Infinite Spire","Minty Spire (QoL Compilation)","Pale of the Ancients","Quick Restart","Replay The Spire","Reworked Bosses","ShortenTheSpire","Spire Exporter","StSLib","Stuff the Spire","Wandering Minibosses","vexMod"],"gold_per_floor":[118,118,136,36,36,62,62,62,110,129,129,158,174,144,144,239,239,239,239,239,1405,1418,1418,1418,1418],"floor_reached":24,"playtime":1028,"items_purged":["Zap","Strike_B","Decay"],"score":363,"play_id":"b89114c4-07f3-415d-b558-3ae3b4f1763d","local_time":"20210107010258","is_ascension_mode":true,"campfire_choices":[{"floor":8,"key":"RECALL"},{"data":"Dualcast","floor":11,"key":"SMITH"},{"floor":15,"key":"REST"},{"floor":23,"key":"REST"}],"circlet_count":0,"master_deck":["AscendersBane","Strike_B","Strike_B","Strike_B","Defend_B","Defend_B","Defend_B","Defend_B","Dualcast+1","Coolheaded","Coolheaded","Cold Snap","Glacier","Glacier","Chill","Cold Snap","Storm","Glacier","Cold Snap"],"relics":["Cracked Core","NeowsBlessing","vexMod:InvisibilityCloak","Cables","energizedSpire:OgreHead","Replay:Ringing Soul","BargainBundle","halation:SelfBoilingWater"],"acts_visited":["Exordium","TheCity"],"potions_floor_usage":[12,14,18,22],"damage_taken":[{"damage":0,"enemies":"Small Slimes","floor":1,"turns":1},{"damage":0,"enemies":"Cultist","floor":3,"turns":1},{"damage":0,"enemies":"3 Sentries","floor":6,"turns":1},{"damage":0,"enemies":"2 Louse","floor":10,"turns":4},{"damage":45,"enemies":"Gremlin Nob","floor":12,"turns":10},{"damage":4,"enemies":"Exordium Thugs","floor":13,"turns":7},{"damage":3,"enemies":"Looter","floor":14,"turns":4},{"damage":30,"enemies":"The Guardian","floor":16,"turns":16},{"damage":22,"enemies":"3 Byrds","floor":18,"turns":9},{"damage":4,"enemies":"Spheric Guardian","floor":22,"turns":16},{"damage":19,"enemies":"Gremlin Leader","floor":24,"turns":6}],"seed_played":"5974652448388517585","potions_obtained":[{"floor":3,"key":"Weak Potion"},{"floor":12,"key":"Venom Potion"},{"floor":16,"key":"SmokeBomb"}],"is_trial":false,"path_per_floor":["M","?","M","$","?","E","$","R","T","M","R","E","M","M","R","B",null,"M","AVR","?","$","M","R","E"],"character_chosen":"DEFECT","items_purchased":["Cold Snap","Cold Snap","Storm","Glacier","BargainBundle","halation:SelfBoilingWater","DistilledChaos"],"campfire_rested":2,"item_purchase_floors":[4,21,21,21,21,21,21],"current_hp_per_floor":[68,68,68,68,68,68,68,68,68,68,68,23,19,16,38,8,58,36,36,36,39,38,62,43,43],"gold":1418,"neow_bonus":"THREE_ENEMY_KILL","is_daily":false,"chose_seed":false,"campfire_upgraded":1,"win_rate":0.0,"timestamp":1609974178,"path_taken":["M","?","M","$","?","E","$","R","T","M","R","E","M","?","R","BOSS","M","AVR","?","$","M","R","E"],"items_purchased_type":["Card","Card","Card","Card","Relic","Relic","Potion"],"build_version":"2020-12-22","purchased_purges":3,"victory":false,"max_hp_per_floor":[75,75,75,75,75,75,75,75,75,75,75,75,75,75,75,75,75,75,75,75,78,81,81,81,81],"card_choices":[{"not_picked":["Redo","Stack"],"picked":"Coolheaded","floor":1},{"not_picked":["Conserve Battery","Streamline"],"picked":"Coolheaded","floor":3},{"not_picked":["StuffTheSpire:Synthwave","StuffTheSpire:LoadUp"],"picked":"Glacier","floor":6},{"not_picked":["Leap","ReplayTheSpireMod:Fabricate Wheel","BasicCrystalCard"],"picked":"SKIP","floor":10},{"not_picked":["Buffer","Sweeping Beam","StuffTheSpire:ShieldGenerator"],"picked":"SKIP","floor":12},{"not_picked":["Panic Button","FIFO Queue"],"picked":"Glacier","floor":13},{"not_picked":["Recycle","Panic Button"],"picked":"Chill","floor":14},{"not_picked":["Barrage","Steam"],"picked":"Cold Snap","floor":22}],"player_experience":2946175,"relics_obtained":[{"floor":6,"key":"vexMod:InvisibilityCloak"},{"floor":12,"key":"Cables"}],"event_choices":[{"damage_healed":0,"gold_gain":0,"player_choice":"Disagree","damage_taken":0,"max_hp_gain":0,"max_hp_loss":0,"event_name":"conspire:LoneGhost","floor":2,"gold_loss":0},{"damage_healed":0,"gold_gain":0,"player_choice":"Cursed","damage_taken":0,"max_hp_gain":0,"max_hp_loss":0,"event_name":"Wheel of Change","floor":5,"gold_loss":0,"cards_obtained":["Decay"]},{"damage_healed":0,"gold_gain":0,"player_choice":"Ignored","damage_taken":0,"max_hp_gain":0,"max_hp_loss":0,"event_name":"Ghosts","floor":20,"gold_loss":0}],"is_beta":false,"boss_relics":[{"not_picked":["Abe\u0027s Treasure","Astrolabe"],"picked":"energizedSpire:OgreHead"}],"items_purged_floors":[4,19,21],"is_endless":false,"potions_floor_spawned":[3,12,16,18],"killed_by":"Gremlin Leader","ascension_level":12}}