{"host":"w5vfr18i2ft1pzo2","time":1609927295,"event":{"mods":["Act Like it!","Aspiration","BaseMod","Better Third Choice","BetterRewards","Colored Map","Colored Powertips","Conspire","Curses Come First","DNKmod","Defuse TimeMaze Blight","Dota2Spire","Energized Spire","Evolution","Force Act Four","Friendly Minions","Gensokyo","GifTheSpireLib","Gold Saver","Halation","Hubris","Hyrulean Relics","Infinite Spire","Jedi Mod","Marisa????????","Minty Spire (QoL Compilation)","MostiFishMod","Prisma Mod","Remilia??????","Replay The Spire","SacredBarkPlus","Small Relic Pack","Spicy Shops","Spikes Relics","StSLib","Stuff the Spire","SuperFastMode","Synergy Search","The Blue Laboratory","The Servant 0.9.4","TheWitcher","Trackpad","Treasure Hunter","Uncapped","Wandering Minibosses","Yakumo Yukari mod","noobMod","vexMod","??????REMEMod"],"gold_per_floor":[4336,4355,3688,3700,4018,4244,4261,4287,4287,4287,4344,4344,4357,4385,4385,4481,4581,4593,4642,4662,4677,4339,4339,4372,4372,4372,4405,4416,4430,4456,4472,4472,4571,4571,4588,4588,4634,4647,4037,4064,4076,4137,4189,4224,4237,4260,4260,4260,4260,4260,4260,4260,4185,4414,4415],"floor_reached":56,"playtime":1991,"items_purged":["Clumsy"],"score":2387,"play_id":"5ddd2654-bac6-416d-ab24-e5fb3b687be6","local_time":"20210106180135","is_ascension_mode":true,"campfire_choices":[{"floor":15,"key":"RECALL"},{"data":"MostiFishMod:StarLaLaLa","floor":23,"key":"SMITH"},{"data":"TalkToTheHand","floor":25,"key":"SMITH"},{"data":"Defend_P","floor":32,"key":"PURGE"},{"data":"REME_CRH","floor":47,"key":"SMITH"},{"data":"REME_FirmDetermination","floor":49,"key":"SMITH"},{"data":"Tantrum","floor":52,"key":"SMITH"}],"circlet_count":0,"master_deck":["Strike_P","Strike_P","Strike_P","Eruption","Vigilance","MostiFishMod:Speedup","CutThroughFate","Gensokyo:Taser","DevaForm+1","Nirvana","Consecrate","MostiFishMod:StarLaLaLa+1","TH:DeckOfManyThings","TalkToTheHand+1","WheelKick","TH:CursedSword","Wireheading","TH:CursedSword","TH:DeckOfManyThings","Replay:Cycle","Nirvana+1","TH:CursedSword","REME_CRH+1","TH:BikiniMail","MasterReality","Nirvana+1","TH:BikiniMail","PathToVictory+1","BowlingBash","Gensokyo:HAARP","Gensokyo:Taser","TH:DeckOfManyThings","Crescendo+1","TH:CursedSword","TH:ArmorSpikes","Tantrum+1","Consecrate+1","Wireheading+1","Nirvana+1","TH:DeckOfManyThings","WheelKick","TH:DeckOfManyThings","LessonLearned","MostiFishMod:Speedup+1","Wireheading+1","REME_Repentance+1","SandsOfTime","SandsOfTime+1","ReachHeaven+1","Gensokyo:TarnishedGold","Gensokyo:TurboGranny","Gensokyo:Taser","Master of Strategy","REME_FirmDetermination+1","MostiFishMod:Awakening","TH:DeckOfManyThings","MostiFishMod:PathToVictory+1","TH:DeckOfManyThings","ForeignInfluence+1","TH:CopperCoins","TH:CursedSword","WheelKick","Replay:Hum","TH:TreasureMap","TH:CopperCoins","Omniscience"],"relics":["PureWater","EVO:Axolotl","DaveBox","ice","REME_ComplimentaryCards","SynthV:TestCard","Ying","aspiration:Nostalgia","Replay:M_SmolderingBlood","HandDrill","halation:KoshaPiece","infinitespire:Eraser","HornCleat","Gensokyo:NagashiBinaDoll","Gremlin Food","Replay:Grab Bag","Replay:Wanted Poster","ExusiaiGun","halation:LoveArrow","Simple Rune","StuffTheSpire:SapphireSignet","hubris:Metronome","BionicSphere","Damaru","Astrolabe","Bag of Preparation","wanderingMiniBosses:Inkheart","ChiLing","Chi","Ling","ReplayTheSpireMod:ShopPack","Nunchaku","hubris:TenFootPole","Dream Catcher","SnafuTest:CatRelic","Replay:Rubber Ducky","Quantum Egg"],"acts_visited":["Gensokyo:Gensokyo","Gensokyo:Gensokyoer","Gensokyo:Gensokyoest","TheEnding"],"potions_floor_usage":[4,4,4,4,4,4,4,4,4,4,5,5,5,11,11,16,16,42,42],"damage_taken":[{"damage":0,"enemies":"Gensokyo:2_Kodama","floor":1,"turns":4},{"damage":0,"enemies":"Gensokyo:Python","floor":2,"turns":2},{"damage":0,"enemies":"Gensokyo:Gryphon","floor":4,"turns":3},{"damage":5,"enemies":"Gensokyo:CorruptedTreant","floor":5,"turns":2},{"damage":17,"enemies":"Gensokyo:Mamizou","floor":6,"turns":8},{"damage":13,"enemies":"Gensokyo:3_Kodama","floor":7,"turns":3},{"damage":5,"enemies":"Gensokyo:Aya","floor":8,"turns":3},{"damage":40,"enemies":"Gensokyo:Cirno","floor":11,"turns":6},{"damage":0,"enemies":"Gensokyo:Kitsune","floor":13,"turns":2},{"damage":12,"enemies":"Gensokyo:Mamizou","floor":14,"turns":6},{"damage":5,"enemies":"Gensokyo:Yukari","floor":16,"turns":13},{"damage":0,"enemies":"Gensokyo:2_Gloops","floor":18,"turns":1},{"damage":0,"enemies":"Gensokyo:Chomper","floor":20,"turns":2},{"damage":0,"enemies":"Gensokyo:Swordslinger","floor":21,"turns":1},{"damage":0,"enemies":"Gensokyo:Koishi","floor":24,"turns":2},{"damage":0,"enemies":"Nightmare","floor":27,"turns":1},{"damage":0,"enemies":"Gensokyo:Chomper_and_Gloop","floor":28,"turns":1},{"damage":3,"enemies":"Gensokyo:Wraith","floor":29,"turns":3},{"damage":0,"enemies":"Gensokyo:Slime_Group","floor":31,"turns":1},{"damage":0,"enemies":"Gensokyo:Eiki","floor":33,"turns":1},{"damage":0,"enemies":"Gensokyo:3_Boulders","floor":35,"turns":1},{"damage":7,"enemies":"Gensokyo:3_Bats","floor":37,"turns":5},{"damage":0,"enemies":"Gensokyo:Rafflesia","floor":38,"turns":1},{"damage":0,"enemies":"Gensokyo:Kasen","floor":40,"turns":1},{"damage":0,"enemies":"Gensokyo:Dusk_and_Dawn","floor":41,"turns":1},{"damage":0,"enemies":"Gensokyo:Marisa","floor":42,"turns":2},{"damage":1,"enemies":"Gensokyo:Doremy","floor":44,"turns":1},{"damage":1,"enemies":"Gensokyo:Sharpion","floor":45,"turns":1},{"damage":2,"enemies":"Gensokyo:AtlasGolem","floor":48,"turns":2},{"damage":0,"enemies":"Gensokyo:Yuyuko","floor":50,"turns":1},{"damage":0,"enemies":"Shield and Spear","floor":54,"turns":1},{"damage":5,"enemies":"The Heart","floor":55,"turns":4}],"seed_played":"60615507285636305","potions_obtained":[{"floor":2,"key":"ColorlessPotion"},{"floor":4,"key":"Toxic Potion"},{"floor":6,"key":"SpeedPotion"},{"floor":8,"key":"jedi:tentaclejuice"},{"floor":10,"key":"LiquidBronze"},{"floor":14,"key":"blueLaboratory:HorrorPotion"},{"floor":18,"key":"Block Potion"},{"floor":21,"key":"Venom Potion"},{"floor":28,"key":"SteroidPotion"},{"floor":33,"key":"blueLaboratory:FruitPunch"},{"floor":44,"key":"jedi:tentaclejuice"}],"is_trial":false,"path_per_floor":["M","M","COS","M","M","E","M","E","T","?","E","?","M","E","R","B",null,"M","T","M","M","COS","R","E","R","T","NM","M","M","T","M","R_BF","B",null,"M","?","M","M","COS","E","M","E","T","E","M","T","R","M","R","B",null,"R","$","E","B",null],"character_chosen":"WATCHER","items_purchased":[],"campfire_rested":0,"item_purchase_floors":[],"current_hp_per_floor":[65,65,65,65,60,43,30,25,25,25,52,52,52,40,40,35,76,76,76,76,76,76,76,76,76,76,76,76,73,73,73,73,73,88,88,73,68,68,68,68,68,70,70,69,68,68,68,66,66,66,93,93,93,93,90],"gold":4415,"neow_bonus":"REMOVE_CARD","is_daily":false,"chose_seed":false,"campfire_upgraded":5,"win_rate":0.0,"timestamp":1609927295,"path_taken":["M","M","COS","M","M","E","M","E","T","?","E","?","?","E","R","BOSS","M","?","M","M","COS","R","E","R","T","NM","?","M","?","M","R_BF","BOSS","M","?","M","M","COS","E","M","E","T","E","?","?","R","M","R","BOSS","R","$","E","BOSS"],"items_purchased_type":[],"build_version":"2020-12-22","purchased_purges":1,"victory":true,"max_hp_per_floor":[72,72,72,72,72,72,72,72,72,72,73,73,74,75,75,89,89,89,89,89,89,89,89,89,89,89,89,89,93,93,93,93,93,93,93,93,100,100,100,100,100,102,102,102,102,102,102,102,102,102,102,102,102,102,149],"card_choices":[{"not_picked":["Consecrate","REME_Repentance"],"picked":"MostiFishMod:Speedup","floor":1},{"not_picked":["Pray","FollowUp","Replay:ManipulateFuture","MentalFortress"],"picked":"CutThroughFate","floor":2},{"not_picked":["WheelKick+1","Worship+1","REME_MusicOfDeath+1","Protect+1"],"picked":"DevaForm+1","floor":4},{"not_picked":["Evaluate","Protect","EmptyBody","Consecrate"],"picked":"Nirvana","floor":4},{"not_picked":["Crescendo","MostiFishMod:FlowState","Headbutt","MostiFishMod:Clarity"],"picked":"Consecrate","floor":5},{"not_picked":["MostiFishMod:Dust","Omniscience","MostiFishMod:Disappear","MostiFishMod:StarOceanP"],"picked":"MostiFishMod:StarLaLaLa","floor":6},{"not_picked":["TH:Mimic","TH:PixieDust","TH:EnergyPotion"],"picked":"TH:DeckOfManyThings","floor":6},{"not_picked":["BowlingBash","Replay:Hum","ThirdEye","MostiFishMod:Minus"],"picked":"TalkToTheHand","floor":6},{"not_picked":["EmptyBody","Uppercut","FlyingSleeves","PathToVictory"],"picked":"WheelKick","floor":7},{"not_picked":["TH:TreasureMap","TH:ElvenBoots","TH:ArmorSpikes"],"picked":"TH:CursedSword","floor":8},{"not_picked":["Indignation","MostiFishMod:OutWit","JustLucky","BowlingBash"],"picked":"Wireheading","floor":8},{"not_picked":["TH:ArmorSpikes","TH:PixieDust","TH:BikiniMail"],"picked":"TH:CursedSword","floor":9},{"not_picked":["TH:EnergyPotion","TH:PixieDust","TH:Mimic"],"picked":"TH:DeckOfManyThings","floor":11},{"not_picked":["FlurryOfBlows","MentalFortress","ClearTheMind","Pray"],"picked":"Replay:Cycle","floor":11},{"not_picked":["Replay:BluntJabs","Evaluate","FlyingSleeves","WreathOfFlame"],"picked":"Nirvana","floor":13},{"not_picked":["TH:BikiniMail","TH:EnergyPotion","TH:ArmorSpikes"],"picked":"TH:CursedSword","floor":14},{"not_picked":["EmptyBody","Evaluate","Wallop","MostiFishMod:Clarity"],"picked":"REME_CRH","floor":14},{"not_picked":["TH:ElvenBoots","TH:Mimic","TH:CopperCoins"],"picked":"TH:BikiniMail","floor":16},{"not_picked":["MostiFishMod:Moonprays","MostiFishMod:Dust","Scrawl","Replay:LoomingThreat"],"picked":"MasterReality","floor":16},{"not_picked":["ClearTheMind","Consecrate+1","Replay:ManipulateFuture","Indignation"],"picked":"Nirvana","floor":18},{"not_picked":["TH:EnergyPotion","TH:ArmorSpikes","TH:CopperCoins"],"picked":"TH:BikiniMail","floor":19},{"not_picked":["Perseverance","Conclude","Evaluate","Prostrate+1"],"picked":"PathToVictory+1","floor":20},{"not_picked":["MostiFishMod:Clarity","Evaluate","Prostrate","ThirdEye"],"picked":"BowlingBash","floor":21},{"not_picked":["TH:TreasureMap","TH:EnergyPotion","TH:BikiniMail"],"picked":"TH:DeckOfManyThings","floor":24},{"not_picked":["Replay:BluntJabs+1","FollowUp","Vengeance","BowlingBash"],"picked":"Crescendo+1","floor":24},{"not_picked":["TH:CopperCoins","TH:Mimic","TH:TreasureMap"],"picked":"TH:CursedSword","floor":26},{"not_picked":["TH:EnergyPotion","TH:ElvenBoots","TH:CopperCoins"],"picked":"TH:ArmorSpikes","floor":27},{"not_picked":["SignatureMove+1","REME_MusicOfDeath","FearNoEvil","FlyingSleeves"],"picked":"Tantrum","floor":27},{"not_picked":["Evaluate","FlurryOfBlows","Pray","Crescendo"],"picked":"Consecrate+1","floor":28},{"not_picked":["JustLucky+1","Protect+1","Replay:BluntJabs+1","SashWhip+1"],"picked":"Wireheading+1","floor":29},{"not_picked":["JustLucky","Prostrate","Replay:Hum","REME_Repentance"],"picked":"Nirvana+1","floor":29},{"not_picked":["TH:ArmorSpikes","TH:CursedSword","TH:CopperCoins"],"picked":"TH:DeckOfManyThings","floor":30},{"not_picked":["ThirdEye","Weave","MostiFishMod:FlowState","Evaluate"],"picked":"WheelKick","floor":31},{"not_picked":["TH:PixieDust","TH:ArmorSpikes","TH:BikiniMail"],"picked":"TH:DeckOfManyThings","floor":33},{"not_picked":["REME_CRH","Replay:LoomingThreat","MostiFishMod:Dust","MostiFishMod:StarWish"],"picked":"LessonLearned","floor":33},{"not_picked":["CrushJoints+1","CutThroughFate","Fasting2+1","MostiFishMod:FlowState+1"],"picked":"SandsOfTime","floor":35},{"not_picked":["Replay:Anticipation","FearNoEvil+1","Protect","Replay:ManipulateFuture+1"],"picked":"SandsOfTime+1","floor":37},{"not_picked":["SashWhip+1","Indignation+1","ReachHeaven+1","ClearTheMind+1","WaveOfTheHand"],"picked":"SKIP","floor":38},{"not_picked":["SashWhip+1","Indignation+1","ClearTheMind+1","WaveOfTheHand"],"picked":"ReachHeaven+1","floor":38},{"not_picked":["TH:EnergyPotion","REME_WheelOfFate","Reforge","Violence"],"picked":"Master of Strategy","floor":39},{"not_picked":["Blind","MostiFishMod:SupremeArchaeology","Dark Shackles","hubris:Insight"],"picked":"REME_FirmDetermination","floor":39},{"not_picked":["ReplayTheSpireMod:Uncanny Aura","Deep Breath","Bandage Up","TH:ElvenBoots"],"picked":"MostiFishMod:Awakening","floor":39},{"not_picked":["TH:ArmorSpikes","TH:Mimic","TH:CopperCoins"],"picked":"TH:DeckOfManyThings","floor":40},{"not_picked":["MostiFishMod:Clarity+1","SashWhip","Consecrate+1","Evaluate+1"],"picked":"BattleHymn","floor":40},{"not_picked":["REME_Repentance","PathToVictory","BattleHymn","Replay:Battleflow"],"picked":"MostiFishMod:PathToVictory+1","floor":41},{"not_picked":["TH:BikiniMail","TH:CursedSword","TH:Mimic"],"picked":"TH:DeckOfManyThings","floor":42},{"not_picked":["ThirdEye+1","Consecrate+1","FlyingSleeves","ClearTheMind+1"],"picked":"ForeignInfluence+1","floor":42},{"not_picked":["TH:EnergyPotion","TH:PixieDust","TH:CursedSword"],"picked":"TH:CopperCoins","floor":43},{"not_picked":["TH:BikiniMail","TH:CopperCoins","TH:PixieDust"],"picked":"TH:CursedSword","floor":44},{"not_picked":["Replay:DivineShield","JustLucky+1","Replay:Vibes","Fasting2"],"picked":"WheelKick","floor":44},{"not_picked":["REME_Repentance","DeceiveReality","BowlingBash","Replay:AtTheReady+1"],"picked":"Replay:Hum","floor":45},{"not_picked":["TH:Mimic","TH:EnergyPotion","TH:PixieDust"],"picked":"TH:TreasureMap","floor":46},{"not_picked":["Replay:AtTheReady","TalkToTheHand+1","Perseverance+1","Replay:ManipulateFuture","ThirdEye"],"picked":"SKIP","floor":48},{"not_picked":["TH:ArmorSpikes","TH:PixieDust","TH:TreasureMap"],"picked":"TH:CopperCoins","floor":54},{"not_picked":["JustLucky","Replay:AtTheReady","SashWhip","Alpha"],"picked":"Omniscience","floor":54}],"player_experience":232437,"relics_obtained":[{"floor":1,"key":"SynthV:TestCard"},{"floor":6,"key":"halation:KoshaPiece"},{"floor":8,"key":"infinitespire:Eraser"},{"floor":11,"key":"HornCleat"},{"floor":14,"key":"Gremlin Food"},{"floor":19,"key":"Simple Rune"},{"floor":24,"key":"StuffTheSpire:SapphireSignet"},{"floor":26,"key":"hubris:Metronome"},{"floor":27,"key":"BionicSphere"},{"floor":30,"key":"Damaru"},{"floor":37,"key":"wanderingMiniBosses:Inkheart"},{"floor":40,"key":"Nunchaku"},{"floor":42,"key":"hubris:TenFootPole"},{"floor":43,"key":"Dream Catcher"},{"floor":44,"key":"SnafuTest:CatRelic"},{"floor":46,"key":"Replay:Rubber Ducky"},{"floor":54,"key":"Quantum Egg"}],"event_choices":[],"is_beta":false,"boss_relics":[{"not_picked":["Ring of Chaos","StuffTheSpire:Kangaroo"],"picked":"Replay:Grab Bag"},{"not_picked":["Cursed Key","vexMod:DeviousBotling"],"picked":"Replay:Wanted Poster"},{"not_picked":["hubris:Stopwatch","StuffTheSpire:RunicHypercube"],"picked":"ExusiaiGun"},{"not_picked":["REME_DemonsWealth","Snecko Eye"],"picked":"halation:LoveArrow"},{"not_picked":["GreenFoldingFan","NightmareShop"],"picked":"Astrolabe"}],"items_purged_floors":[53],"is_endless":false,"potions_floor_spawned":[2,4,6,8,14,18,21,28,33,37,44,48],"ascension_level":8}}