{"host":"51fyd6gkml7xavq8","time":1609958223,"event":{"mods":["BaseMod","BetterRewards","Colored Map","Energized Spire","Infinite Spire","Minty Spire (QoL Compilation)","Replay The Spire","Shop Mod","Spicy Shops","StSLib","The Blue Laboratory","[IsaacMod]????"],"gold_per_floor":[114,144,174,174,189,189,204,234,309,311,311,313,5,37,37,141,141,156,96,195,212,239,239,266,274,274],"floor_reached":25,"playtime":1622,"items_purged":["Doubt"],"score":232,"play_id":"62bd0ca2-fa2b-47f4-8590-6d7349e2b921","local_time":"20210106153703","daily_mods":["Cursed Run","Uncertain Future","Binary"],"is_ascension_mode":false,"campfire_choices":[{"data":"Crescendo","floor":6,"key":"SMITH"},{"data":"Eruption","floor":11,"key":"SMITH"},{"floor":15,"key":"REST"},{"data":"infinitespire:Menacing","floor":23,"key":"SMITH"}],"circlet_count":0,"master_deck":["Strike_P","Strike_P","Strike_P","Strike_P","Defend_P","Defend_P","Defend_P","Defend_P","Eruption+1","Vigilance","BettingIsNotGood","Replay:ManipulateFuture","SashWhip","Adaptation","Crescendo+1","SandsOfTime","infinitespire:Menacing+1","Madness","Regret","Establishment"],"relics":["Cursed Key","Darkstone Periapt","Du-Vu Doll","HushsDoor","BookofShadows","infinitespire:Cubic Diamond","infinitespire:Midas Blood","Anchor","MerchantsRug","Eternal Feather","energizedSpire:EnergizedDie"],"acts_visited":["Exordium","TheCity"],"potions_floor_usage":[5,7,18,21],"damage_taken":[{"damage":3.0,"enemies":"Small Slimes","floor":1.0,"turns":2.0},{"damage":0.0,"enemies":"2 Louse","floor":2.0,"turns":2.0},{"damage":2.0,"enemies":"Cultist","floor":3.0,"turns":3.0},{"damage":5,"enemies":"2 Fungi Beasts","floor":5,"turns":4},{"damage":23,"enemies":"Blue Slaver","floor":7,"turns":3},{"damage":6,"enemies":"Exordium Wildlife","floor":8,"turns":3},{"damage":3,"enemies":"Gremlin Nob","floor":14,"turns":3},{"damage":9,"enemies":"Fading Forest","floor":16,"turns":11},{"damage":0,"enemies":"Chosen","floor":18,"turns":2},{"damage":7,"enemies":"2 Thieves","floor":19,"turns":4},{"damage":3,"enemies":"Centurion and Healer","floor":21,"turns":4},{"damage":29,"enemies":"Snake Plant","floor":22,"turns":4},{"damage":60,"enemies":"Chosen and Byrds","floor":24,"turns":10},{"damage":22,"enemies":"Cultist and Chosen","floor":25,"turns":6}],"seed_played":"-5218424555718163201","potions_obtained":[{"floor":2.0,"key":"Regen Potion"},{"floor":3.0,"key":"Block Potion"},{"floor":8,"key":"Dexterity Potion"},{"floor":16,"key":"Swift Potion"},{"floor":19,"key":"ColorlessPotion"},{"floor":22,"key":"Toxic Potion"}],"is_trial":false,"path_per_floor":["M","M","M","?","M","R","M","M","T","?","R","?","$","E","R","B",null,"M","M","?","M","M","R","M","M"],"character_chosen":"WATCHER","items_purchased":["MerchantsRug","Madness"],"campfire_rested":1,"item_purchase_floors":[13,13],"current_hp_per_floor":[69,69,67,67,67,67,53,47,53,38,38,19,19,16,48,55,84,84,77,77,74,50,62,7,0,0],"gold":274,"neow_bonus":"","is_daily":true,"chose_seed":false,"campfire_upgraded":3,"win_rate":0.0,"timestamp":1609958223,"path_taken":["M","M","M","?","M","R","M","M","T","?","R","?","$","E","R","BOSS","M","M","?","M","?","R","M","M"],"items_purchased_type":["Relic","Card"],"build_version":"2020-12-22","purchased_purges":1,"victory":false,"max_hp_per_floor":[72,72,72,72,72,72,72,72,78,78,78,78,78,78,78,84,84,84,84,84,84,84,84,84,84,84],"card_choices":[{"not_picked":[],"picked":"BettingIsNotGood","floor":0.0},{"not_picked":["FollowUp"],"picked":"Replay:ManipulateFuture","floor":1.0},{"not_picked":["Worship"],"picked":"SashWhip","floor":2.0},{"not_picked":["Swivel"],"picked":"Adaptation","floor":3.0},{"not_picked":["JustLucky"],"picked":"Crescendo","floor":5},{"not_picked":["JustLucky"],"picked":"SandsOfTime","floor":7},{"not_picked":["Conclude","Replay:ManipulateFuture"],"picked":"SKIP","floor":8},{"not_picked":["infinitespire:Fortify","infinitespire:Gouge"],"picked":"infinitespire:Menacing","floor":12},{"not_picked":["Replay:LoomingThreat","BowlingBash"],"picked":"SKIP","floor":14},{"not_picked":["LessonLearned"],"picked":"Establishment","floor":16},{"not_picked":["EmptyFist","CrushJoints+1"],"picked":"SKIP","floor":18},{"not_picked":["CutThroughFate+1","EmptyMind"],"picked":"SKIP","floor":19},{"not_picked":["Replay:Anticipation","Vengeance"],"picked":"SKIP","floor":21},{"not_picked":["Protect","Prostrate"],"picked":"SKIP","floor":22},{"not_picked":["FlurryOfBlows","PathToVictory"],"picked":"SKIP","floor":24}],"player_experience":457382,"relics_obtained":[{"floor":9,"key":"infinitespire:Midas Blood"},{"floor":14,"key":"Eternal Feather"}],"event_choices":[{"damage_healed":0,"gold_gain":99,"player_choice":"Stole From Cult","damage_taken":0,"max_hp_gain":0,"max_hp_loss":0,"event_name":"Nest","floor":20,"gold_loss":0}],"is_beta":false,"boss_relics":[{"not_picked":["energizedSpire:NeverEndingSparkler","Black Star"],"picked":"energizedSpire:EnergizedDie"},{"not_picked":[]}],"items_purged_floors":[13],"is_endless":false,"potions_floor_spawned":[2,3,8,16,19,22,24],"killed_by":"Cultist and Chosen","ascension_level":0}}