{"host":"raaimkojny05jekw","time":1609909724,"event":{"mods":["AchievementEnabler","BaseMod","Colored Map","Colored Powertips","DeckTracker","Minty Spire (QoL Compilation)","Quick Restart","Rare Cards Sparkle","everything is the same but u backflip on backflip"],"gold_per_floor":[112,127,140,46,46,46,61,61,61,79,93,108,165,165,165,165,165],"floor_reached":16,"playtime":465,"items_purged":[],"score":188,"play_id":"fa8b0e25-0c23-4c36-9ea4-d26a46b668ca","local_time":"20210106140844","is_ascension_mode":true,"campfire_choices":[{"data":"Neutralize","floor":6,"key":"SMITH"},{"data":"Noxious Fumes","floor":8,"key":"SMITH"},{"floor":15,"key":"REST"}],"circlet_count":0,"master_deck":["AscendersBane","Strike_G","Strike_G","Strike_G","Strike_G","Strike_G","Defend_G","Defend_G","Defend_G","Defend_G","Defend_G","Survivor","Neutralize+1","Dagger Spray","Bouncing Flask","Noxious Fumes+1","Good Instincts","Escape Plan","PiercingWail","PiercingWail","Crippling Poison+1","Corpse Explosion"],"relics":["Ring of the Snake","Boot","The Courier"],"acts_visited":["Exordium"],"potions_floor_usage":[11,11,12],"damage_taken":[{"damage":7,"enemies":"Cultist","floor":1,"turns":5},{"damage":5,"enemies":"Jaw Worm","floor":2,"turns":5},{"damage":12,"enemies":"Small Slimes","floor":3,"turns":3},{"damage":4,"enemies":"Looter","floor":7,"turns":4},{"damage":8,"enemies":"3 Louse","floor":10,"turns":3},{"damage":17,"enemies":"Exordium Thugs","floor":11,"turns":5},{"damage":0,"enemies":"Lots of Slimes","floor":12,"turns":2},{"damage":17,"enemies":"3 Sentries","floor":13,"turns":6},{"damage":33,"enemies":"The Guardian","floor":16,"turns":5}],"seed_played":"-4889950674317685883","potions_obtained":[{"floor":2,"key":"DuplicationPotion"},{"floor":7,"key":"SkillPotion"},{"floor":11,"key":"Energy Potion"},{"floor":12,"key":"FairyPotion"}],"is_trial":false,"path_per_floor":["M","M","M","$","?","R","M","R","T","M","M","M","?","?","R","B"],"character_chosen":"THE_SILENT","items_purchased":["Good Instincts"],"campfire_rested":1,"item_purchase_floors":[4],"current_hp_per_floor":[49,44,32,32,32,32,28,28,28,20,3,3,10,10,33,0,0],"gold":165,"neow_bonus":"TWENTY_PERCENT_HP_BONUS","is_daily":false,"chose_seed":false,"campfire_upgraded":2,"win_rate":0.0,"timestamp":1609909724,"path_taken":["M","?","M","$","?","R","M","R","T","M","M","M","?","?","R","BOSS"],"items_purchased_type":["Card"],"build_version":"2020-12-22","purchased_purges":0,"victory":false,"max_hp_per_floor":[78,78,78,78,78,78,78,78,78,78,78,78,78,78,78,78,78],"card_choices":[{"not_picked":["Outmaneuver","Dagger Throw"],"picked":"Dagger Spray","floor":1},{"not_picked":["Dodge and Roll","Escape Plan"],"picked":"Bouncing Flask","floor":2},{"not_picked":["Backflip","Slice"],"picked":"Noxious Fumes","floor":3},{"not_picked":["Flying Knee","Dagger Throw"],"picked":"Escape Plan","floor":7},{"not_picked":["Flying Knee","Choke"],"picked":"PiercingWail","floor":10},{"not_picked":["Sucker Punch","Quick Slash"],"picked":"PiercingWail","floor":11},{"not_picked":["PiercingWail","Dagger Spray"],"picked":"Crippling Poison","floor":12},{"not_picked":["Outmaneuver","Well Laid Plans"],"picked":"Corpse Explosion","floor":13}],"player_experience":718398,"relics_obtained":[{"floor":9,"key":"Boot"},{"floor":13,"key":"The Courier"}],"event_choices":[{"damage_healed":0,"gold_gain":0,"player_choice":"Ignored","damage_taken":0,"max_hp_gain":0,"max_hp_loss":0,"event_name":"Shining Light","floor":5,"gold_loss":0},{"damage_healed":0,"gold_gain":0,"player_choice":"Searched \u00271\u0027 times","damage_taken":0,"max_hp_gain":0,"max_hp_loss":0,"event_name":"Dead Adventurer","floor":13,"gold_loss":0},{"damage_healed":0,"gold_gain":0,"player_choice":"Grow","damage_taken":0,"max_hp_gain":0,"max_hp_loss":0,"event_name":"Living Wall","floor":14,"gold_loss":0,"cards_upgraded":["Crippling Poison"]}],"is_beta":false,"boss_relics":[],"items_purged_floors":[],"is_endless":false,"potions_floor_spawned":[2,7,10,11,12],"killed_by":"The Guardian","ascension_level":20}}