{"host":"d1za9dvx43o9v494","time":1609967776,"event":{"mods":["2.2 Compatiblity","BaseMod","Better-Laid Plans","Colored Map","Downfall","Emptier Cage","Minty Spire (QoL Compilation)","Permanent Neow","StSLib"],"gold_per_floor":[99,113,113,113,126,126,126,140,175,275,175,12,12,24,42,147,147,47,66,83,93,109,194,221,221,254,271,271,282,299,299,309,410,410,310,328,344,329,329,354,379,406,406,423,436,691,718,732,743,743,743,768,175,175,175,175],"floor_reached":57,"playtime":7600,"items_purged":["bronze:Strike","bronze:Strike"],"score":1500,"play_id":"2ced4926-b27d-4afa-bb67-0cb4a7417e39","local_time":"20210107001616","is_ascension_mode":true,"campfire_choices":[{"data":"bronze:Replicate","floor":1,"key":"SMITH"},{"data":"bronze:Overload","floor":6,"key":"SMITH"},{"floor":11,"key":"RECALL"},{"data":"bronze:HardenedForm","floor":13,"key":"SMITH"},{"data":"bronze:HardenedForm","floor":18,"key":"SMITH"},{"data":"bronze:CloningBeam","floor":35,"key":"SMITH"},{"data":"bronze:Shell","floor":43,"key":"SMITH"},{"data":"expansioncontent:Chronoboost","floor":54,"key":"SMITH"}],"circlet_count":0,"master_deck":["bronze:Strike","bronze:Defend","bronze:Defend","bronze:Defend","bronze:Defend","bronze:Replicate+1","bronze:Goto","bronze:Overload+1","bronze:Branch","bronze:Iterate","bronze:DelayedGuard","bronze:HardenedForm+1","bronze:Branch","bronze:HardenedForm+1","bronze:Shell+1","bronze:Iterate","bronze:DelayedGuard","bronze:CloningBeam+1","bronze:FineTuning+1","bronze:Virus+1","bronze:ForceShield+1","bronze:InfiniteBeams+1","bronze:ThunderWave","bronze:Shell+1","bronze:HardenedForm","expansioncontent:Chronoboost+1"],"relics":["bronze:BronzeCore","White Beast Statue","Guardian:PocketSentry","Lantern","Potion Belt","downfall:HeartBlessingGreen","Chemical X","sneckomod:SneckoTalon","downfall:HeartBlessingRed","Art of War","hexamod:BolsterEngine","Coffee Dripper","downfall:HeartBlessingBlue","downfall:TeleportStone","Shuriken","MealTicket","Bronze Scales","Vajra","Centennial Puzzle","Mummified Hand","Nunchaku"],"acts_visited":["Exordium","TheCity","TheBeyond","TheEnding"],"potions_floor_usage":[12,16,16,20,22,26,27,33,38,38,40,42,52,56,56,56,56,56,56,56,56,56],"damage_taken":[{"damage":0,"enemies":"2 Louse","floor":2,"turns":3},{"damage":0,"enemies":"Cultist","floor":5,"turns":3},{"damage":0,"enemies":"Small Slimes","floor":8,"turns":3},{"damage":0,"enemies":"Gremlin Nob","floor":9,"turns":3},{"damage":7,"enemies":"downfall:LadyInBlue","floor":10,"turns":5},{"damage":0,"enemies":"downfall:FleeingMerchant","floor":12,"turns":4},{"damage":0,"enemies":"3 Louse","floor":14,"turns":2},{"damage":0,"enemies":"2 Fungi Beasts","floor":15,"turns":3},{"damage":16,"enemies":"downfall:Defect","floor":16,"turns":9},{"damage":0,"enemies":"Spheric Guardian","floor":19,"turns":3},{"damage":0,"enemies":"Cultist and Chosen","floor":20,"turns":6},{"damage":0,"enemies":"Centurion and Healer","floor":21,"turns":4},{"damage":0,"enemies":"Chosen and Byrds","floor":22,"turns":4},{"damage":0,"enemies":"Book of Stabbing","floor":26,"turns":5},{"damage":0,"enemies":"3 Cultists","floor":27,"turns":5},{"damage":0,"enemies":"Snake Plant","floor":29,"turns":4},{"damage":8,"enemies":"Shelled Parasite and Fungi","floor":30,"turns":5},{"damage":0,"enemies":"Chosen and Byrds","floor":32,"turns":4},{"damage":7,"enemies":"downfall:Silent","floor":33,"turns":18},{"damage":0,"enemies":"3 Shapes","floor":36,"turns":5},{"damage":0,"enemies":"Orb Walker","floor":37,"turns":3},{"damage":0,"enemies":"downfall:FleeingMerchant","floor":38,"turns":4},{"damage":9,"enemies":"Reptomancer","floor":40,"turns":5},{"damage":0,"enemies":"Nemesis","floor":42,"turns":6},{"damage":1,"enemies":"Maw","floor":44,"turns":6},{"damage":0,"enemies":"Transient","floor":45,"turns":5},{"damage":0,"enemies":"downfall:FleeingMerchant","floor":46,"turns":2},{"damage":0,"enemies":"Reptomancer","floor":47,"turns":5},{"damage":0,"enemies":"3 Darklings","floor":48,"turns":1},{"damage":0,"enemies":"Writhing Mass","floor":49,"turns":1},{"damage":0,"enemies":"downfall:Watcher","floor":50,"turns":10},{"damage":22,"enemies":"downfall:CharBossMerchant","floor":52,"turns":6},{"damage":42,"enemies":"downfall:NeowBoss","floor":55,"turns":12},{"damage":33,"enemies":"downfall:NeowBossFinal","floor":56,"turns":7}],"seed_played":"881364626778763017","potions_obtained":[{"floor":2,"key":"champ:CounterPotion"},{"floor":5,"key":"bronze:FreeFunctionsPotion"},{"floor":8,"key":"sneckomod:MuddlingPotion"},{"floor":9,"key":"DistilledChaos"},{"floor":10,"key":"Dexterity Potion"},{"floor":10,"key":"Explosive Potion"},{"floor":10,"key":"ColorlessPotion"},{"floor":12,"key":"Ancient Potion"},{"floor":15,"key":"EntropicBrew"},{"floor":16,"key":"FearPotion"},{"floor":19,"key":"champ:CounterPotion"},{"floor":20,"key":"Fire Potion"},{"floor":22,"key":"SkillPotion"},{"floor":26,"key":"DuplicationPotion"},{"floor":27,"key":"FearPotion"},{"floor":28,"key":"CultistPotion"},{"floor":29,"key":"Guardian:BlockOnCardUsePotion"},{"floor":30,"key":"Fire Potion"},{"floor":33,"key":"DistilledChaos"},{"floor":38,"key":"AttackPotion"},{"floor":40,"key":"AttackPotion"},{"floor":42,"key":"SpeedPotion"},{"floor":44,"key":"FearPotion"},{"floor":48,"key":"ColorlessPotion"},{"floor":52,"key":"GamblersBrew"}],"is_trial":false,"path_per_floor":["R","M","?","?","M","R","T","M","E","?","R","$","R","M","M","B",null,"R","M","M","M","M","?","T","?","E","M","?","M","M","?","M","B",null,"R","M","M","$","?","E","T","E","R","M","M","$","E","M","M","B",null,"E","$","R","B","B",null],"character_chosen":"THE_AUTOMATON","items_purchased":["Chemical X","Mummified Hand","Nunchaku","expansioncontent:Chronoboost"],"campfire_rested":0,"item_purchase_floors":[12,53,53,53],"current_hp_per_floor":[63,63,60,60,60,60,60,60,60,53,53,53,53,53,53,37,84,84,84,84,84,84,70,70,70,70,70,70,70,71,71,71,64,84,94,94,94,94,94,85,85,85,85,84,84,94,94,94,94,94,94,72,87,87,85,52],"gold":175,"neow_bonus":"TWENTY_PERCENT_HP_BONUS","is_daily":false,"chose_seed":false,"campfire_upgraded":7,"win_rate":0.0,"timestamp":1609967776,"path_taken":["R","M","?","?","M","R","T","M","E","?","R","$","R","?","M","BOSS","R","M","M","?","M","?","T","?","E","M","?","M","M","?","M","BOSS","R","M","M","$","?","E","T","E","R","?","M","$","E","M","M","BOSS","E","$","R","BOSS","BOSS"],"items_purchased_type":["Relic","Relic","Relic","Card"],"build_version":"2020-12-22","purchased_purges":2,"victory":true,"max_hp_per_floor":[84,84,84,84,84,84,84,84,84,84,84,84,84,84,84,84,84,84,84,84,84,84,84,84,84,84,84,84,84,84,84,84,84,84,94,94,94,94,94,94,94,94,94,94,94,94,94,94,94,94,94,94,94,94,94,94],"card_choices":[{"not_picked":["bronze:NullPointer","bronze:CutThrough"],"picked":"bronze:Overload","floor":2},{"not_picked":["bronze:Safeguard","bronze:Return"],"picked":"bronze:Branch","floor":5},{"not_picked":["bronze:Invalidate","bronze:BugBarrage"],"picked":"bronze:Iterate","floor":8},{"not_picked":["bronze:ForceShield","bronze:Backtrace","bronze:ItsAFeature"],"picked":"SKIP","floor":9},{"not_picked":["bronze:BugBarrage","bronze:Assembly"],"picked":"bronze:DelayedGuard","floor":10},{"not_picked":["bronze:Shield","bronze:Overheat"],"picked":"bronze:HardenedForm","floor":12},{"not_picked":["bronze:BuggyMess","bronze:Philosophize","bronze:Turbo"],"picked":"SKIP","floor":14},{"not_picked":["bronze:BugBarrage","bronze:ForceShield"],"picked":"bronze:Branch","floor":15},{"not_picked":["bronze:ShipIt","bronze:ThunderWave"],"picked":"bronze:HardenedForm","floor":16},{"not_picked":["bronze:DarkDash+1","bronze:Separator+1"],"picked":"bronze:Shell","floor":19},{"not_picked":["bronze:DelayedSlice","bronze:Terminator"],"picked":"bronze:Iterate","floor":20},{"not_picked":["bronze:WhirlingStrike","bronze:Branch"],"picked":"bronze:DelayedGuard","floor":21},{"not_picked":["bronze:NullPointer","bronze:Iterate","bronze:CutThrough+1"],"picked":"SKIP","floor":22},{"not_picked":["bronze:FollowUp","bronze:Terminator+1","bronze:Backtrace"],"picked":"SKIP","floor":26},{"not_picked":["bronze:WhirlingStrike","bronze:BuggyMess+1","bronze:WildBeam"],"picked":"SKIP","floor":27},{"not_picked":["bronze:Shield","bronze:Branch","bronze:FollowUp"],"picked":"SKIP","floor":29},{"not_picked":["bronze:BugBarrage+1","bronze:Turbo","bronze:ChosenStrike"],"picked":"SKIP","floor":30},{"not_picked":["bronze:WildBeam","bronze:BuggyMess"],"picked":"bronze:FineTuning+1","floor":32},{"not_picked":["bronze:CutThrough+1","bronze:ChildClass+1","bronze:WildBeam+1"],"picked":"SKIP","floor":36},{"not_picked":["bronze:Constructor+1","bronze:Boost"],"picked":"bronze:Virus+1","floor":37},{"not_picked":["bronze:DelayedSlice","bronze:CutThrough+1","bronze:Turbo+1"],"picked":"SKIP","floor":38},{"not_picked":["bronze:FindAndReplace","bronze:Philosophize+1"],"picked":"bronze:ForceShield+1","floor":40},{"not_picked":["bronze:DelayedSlice","bronze:Fortify","bronze:BuggyMess"],"picked":"SKIP","floor":42},{"not_picked":["bronze:Virus+1","bronze:DelayedGuard","bronze:Branch"],"picked":"SKIP","floor":44},{"not_picked":["bronze:DelayedSlice+1","bronze:Shell"],"picked":"bronze:InfiniteBeams+1","floor":45},{"not_picked":["bronze:Refactor+1","bronze:Virus","bronze:OilSpill+1"],"picked":"SKIP","floor":46},{"not_picked":["bronze:MaxOutput+1","bronze:ForLoop"],"picked":"bronze:ThunderWave","floor":47},{"not_picked":["bronze:BugBarrage","bronze:Branch"],"picked":"bronze:Shell+1","floor":48},{"not_picked":["bronze:DelayedSlice+1","bronze:Boost+1","bronze:DelayedGuard+1"],"picked":"SKIP","floor":49},{"not_picked":["bronze:Invalidate","bronze:Virus+1"],"picked":"bronze:HardenedForm","floor":52}],"player_experience":674384,"relics_obtained":[{"floor":7,"key":"Guardian:PocketSentry"},{"floor":9,"key":"Lantern"},{"floor":10,"key":"Potion Belt"},{"floor":26,"key":"Art of War"},{"floor":40,"key":"Shuriken"},{"floor":41,"key":"MealTicket"},{"floor":42,"key":"Bronze Scales"},{"floor":47,"key":"Vajra"},{"floor":52,"key":"Centennial Puzzle"}],"event_choices":[{"damage_healed":0,"gold_gain":0,"player_choice":"Success","damage_taken":3,"relics_obtained":["White Beast Statue"],"max_hp_gain":0,"max_hp_loss":0,"event_name":"Scrap Ooze","floor":3,"gold_loss":0},{"damage_healed":0,"gold_gain":0,"player_choice":"Read","damage_taken":0,"max_hp_gain":0,"max_hp_loss":0,"event_name":"The Library","floor":25,"gold_loss":0,"cards_obtained":["bronze:CloningBeam"]}],"is_beta":false,"boss_relics":[{"not_picked":["Runic Pyramid","SacredBark"],"picked":"sneckomod:SneckoTalon"},{"not_picked":["bronze:PlatinumCore","Snecko Eye"],"picked":"Coffee Dripper"}],"items_purged_floors":[46,53],"is_endless":false,"potions_floor_spawned":[2,5,8,9,10,12,14,15,16,19,20,21,22,26,27,29,30,32,33,36,37,38,40,42,44,45,46,47,48,49,52],"ascension_level":1}}