{"host":"raaimkojny05jekw","time":1609955588,"event":{"mods":["AchievementEnabler","BaseMod","Colored Map","Colored Powertips","DeckTracker","Minty Spire (QoL Compilation)","Quick Restart","Rare Cards Sparkle","everything is the same but u backflip on backflip"],"gold_per_floor":[112,131,19,33,33,33,50,68,68,68,79,91,91,116,116,187,187,187,32,32,32,32,32,32,32,32,32,32,32,32,32,32,32,32,32,32,32,32,32,32,32,32,32,32,32,32,32,32,32,32,32],"floor_reached":50,"playtime":2818,"items_purged":[],"score":1127,"play_id":"28b531d0-1b9c-4781-945b-7dfb83c36f06","local_time":"20210107025308","is_ascension_mode":true,"campfire_choices":[{"data":"Terror","floor":6,"key":"SMITH"},{"data":"Blade Dance","floor":10,"key":"SMITH"},{"data":"Finisher","floor":13,"key":"SMITH"},{"data":"Bullet Time","floor":15,"key":"SMITH"},{"data":"Tools of the Trade","floor":29,"key":"SMITH"},{"data":"Blade Dance","floor":32,"key":"SMITH"},{"data":"Accuracy","floor":40,"key":"SMITH"},{"data":"Storm of Steel","floor":42,"key":"SMITH"},{"data":"After Image","floor":49,"key":"SMITH"}],"circlet_count":0,"master_deck":["AscendersBane","Strike_G+1","Strike_G+1","Strike_G+1","Strike_G+1","Defend_G+1","Defend_G+1","Defend_G+1","Defend_G+1","Defend_G+1","Survivor","Neutralize","Dash","Escape Plan","Infinite Blades","All Out Attack","Terror+1","Finisher+1","Blade Dance+1","Backflip","Deflect","Bullet Time+1","Tools of the Trade+1","Blur","Adrenaline","Cloak And Dagger+1","Leg Sweep","Blade Dance+1","Backflip","Storm of Steel+1","Acrobatics","Predator+1","Accuracy+1","Prepared+1","Acrobatics","Dodge and Roll+1","After Image+1","Deep Breath"],"relics":["Ring of the Snake","NeowsBlessing","Bottled Tornado","Ornamental Fan","Ectoplasm","Mercury Hourglass","Pantograph","Sozu","Pocketwatch","Dead Branch","Pen Nib","Orichalcum","Pear"],"acts_visited":["Exordium","TheCity","TheBeyond"],"potions_floor_usage":[12,16,23,24,31,33,33,37],"damage_taken":[{"damage":0,"enemies":"Cultist","floor":1,"turns":1},{"damage":0,"enemies":"2 Louse","floor":2,"turns":1},{"damage":0,"enemies":"Small Slimes","floor":4,"turns":1},{"damage":0,"enemies":"Blue Slaver","floor":7,"turns":4},{"damage":4,"enemies":"Looter","floor":8,"turns":3},{"damage":5,"enemies":"Large Slime","floor":11,"turns":3},{"damage":0,"enemies":"Red Slaver","floor":12,"turns":1},{"damage":11,"enemies":"Gremlin Nob","floor":14,"turns":3},{"damage":25,"enemies":"Slime Boss","floor":16,"turns":10},{"damage":0,"enemies":"3 Byrds","floor":18,"turns":5},{"damage":0,"enemies":"Chosen","floor":21,"turns":3},{"damage":23,"enemies":"Book of Stabbing","floor":23,"turns":5},{"damage":11,"enemies":"Shelled Parasite and Fungi","floor":24,"turns":4},{"damage":0,"enemies":"3 Cultists","floor":28,"turns":5},{"damage":0,"enemies":"Snake Plant","floor":30,"turns":5},{"damage":2,"enemies":"Shelled Parasite and Fungi","floor":31,"turns":5},{"damage":44,"enemies":"Collector","floor":33,"turns":9},{"damage":0,"enemies":"3 Shapes","floor":35,"turns":5},{"damage":0,"enemies":"Mind Bloom Boss Battle","floor":36,"turns":4},{"damage":8,"enemies":"3 Darklings","floor":37,"turns":6},{"damage":6,"enemies":"Jaw Worm Horde","floor":39,"turns":4},{"damage":8,"enemies":"2 Orb Walkers","floor":41,"turns":4},{"damage":14,"enemies":"Nemesis","floor":44,"turns":3},{"damage":0,"enemies":"Sphere and 2 Shapes","floor":45,"turns":3},{"damage":0,"enemies":"Giant Head","floor":46,"turns":4},{"damage":0,"enemies":"Maw","floor":47,"turns":4},{"damage":88,"enemies":"Time Eater","floor":50,"turns":10}],"seed_played":"6056767113308646858","potions_obtained":[{"floor":1,"key":"Dexterity Potion"},{"floor":7,"key":"Explosive Potion"},{"floor":11,"key":"Regen Potion"},{"floor":21,"key":"LiquidMemories"},{"floor":23,"key":"Swift Potion"},{"floor":27,"key":"Block Potion"},{"floor":27,"key":"Energy Potion"},{"floor":31,"key":"CunningPotion"},{"floor":33,"key":"DistilledChaos"}],"is_trial":false,"path_per_floor":["M","M","$","M","?","R","M","M","T","R","M","M","R","E","R","B",null,"M","$","?","M","$","E","M","?","T","?","M","R","M","M","R","B",null,"M","?","M","?","M","R","?","R","T","E","M","E","M","?","R","B"],"character_chosen":"THE_SILENT","items_purchased":["Infinite Blades","All Out Attack","Adrenaline"],"campfire_rested":0,"item_purchase_floors":[3,3,19],"current_hp_per_floor":[59,59,59,59,59,59,59,55,55,55,50,50,50,39,39,29,57,57,57,57,57,57,34,23,23,23,23,23,23,23,21,21,2,50,50,66,58,58,52,52,44,44,44,30,30,40,40,40,40,0,0],"gold":32,"neow_bonus":"THREE_ENEMY_KILL","is_daily":false,"chose_seed":false,"campfire_upgraded":9,"win_rate":0.0,"timestamp":1609955588,"path_taken":["M","?","$","?","?","R","M","M","T","R","M","M","R","E","R","BOSS","M","$","?","?","$","E","M","?","T","?","M","R","?","M","R","BOSS","M","?","M","?","M","R","?","R","T","E","M","E","M","?","R","BOSS"],"items_purchased_type":["Card","Card","Card"],"build_version":"2020-12-22","purchased_purges":0,"victory":false,"max_hp_per_floor":[66,66,66,66,66,66,66,66,66,66,66,66,66,66,66,66,66,66,66,66,66,66,66,66,66,66,66,66,66,66,66,66,66,66,66,66,66,63,63,63,63,63,63,63,63,73,73,73,73,73,73],"card_choices":[{"not_picked":["Endless Agony","Dodge and Roll"],"picked":"Dash","floor":1},{"not_picked":["Underhanded Strike","Slice"],"picked":"Escape Plan","floor":2},{"not_picked":["Poisoned Stab","All Out Attack"],"picked":"Terror","floor":4},{"not_picked":["PiercingWail","Flying Knee"],"picked":"Finisher","floor":7},{"not_picked":["PiercingWail","Sucker Punch"],"picked":"Blade Dance","floor":8},{"not_picked":["Dash","Grand Finale"],"picked":"Backflip","floor":11},{"not_picked":["Poisoned Stab","Concentrate"],"picked":"Deflect","floor":12},{"not_picked":["All Out Attack","Noxious Fumes"],"picked":"Bullet Time","floor":14},{"not_picked":["Corpse Explosion","Unload"],"picked":"Tools of the Trade","floor":16},{"not_picked":["Cloak And Dagger","PiercingWail"],"picked":"Blur","floor":18},{"not_picked":["Prepared","Quick Slash","Bane"],"picked":"SKIP","floor":21},{"not_picked":["Dagger Throw","Finisher"],"picked":"Cloak And Dagger+1","floor":23},{"not_picked":["Bane","Wraith Form v2"],"picked":"Leg Sweep","floor":24},{"not_picked":["Dagger Throw","Expertise"],"picked":"Blade Dance","floor":28},{"not_picked":["Prepared","Deflect","Flechettes"],"picked":"SKIP","floor":30},{"not_picked":["Escape Plan","Dagger Spray"],"picked":"Backflip","floor":31},{"not_picked":["Die Die Die","Unload"],"picked":"Storm of Steel","floor":33},{"not_picked":["Deflect","Expertise"],"picked":"Acrobatics","floor":35},{"not_picked":["Cloak And Dagger+1","Bane"],"picked":"Predator+1","floor":36},{"not_picked":["Bouncing Flask","Underhanded Strike+1"],"picked":"Accuracy","floor":37},{"not_picked":["Underhanded Strike+1","Slice"],"picked":"Prepared+1","floor":39},{"not_picked":["Catalyst","Calculated Gamble"],"picked":"Acrobatics","floor":41},{"not_picked":["Deflect","Crippling Poison+1","Blade Dance"],"picked":"SKIP","floor":44},{"not_picked":["Deadly Poison","Backflip"],"picked":"Dodge and Roll+1","floor":45},{"not_picked":["Noxious Fumes","All Out Attack+1"],"picked":"After Image","floor":46},{"not_picked":["Dagger Throw+1","Deadly Poison+1","Dodge and Roll"],"picked":"SKIP","floor":47},{"not_picked":["Trip","Blind"],"picked":"Deep Breath","floor":48}],"player_experience":726054,"relics_obtained":[{"floor":9,"key":"Bottled Tornado"},{"floor":14,"key":"Ornamental Fan"},{"floor":23,"key":"Mercury Hourglass"},{"floor":26,"key":"Pantograph"},{"floor":36,"key":"Pocketwatch"},{"floor":41,"key":"Dead Branch"},{"floor":43,"key":"Pen Nib"},{"floor":44,"key":"Orichalcum"},{"floor":46,"key":"Pear"}],"event_choices":[{"damage_healed":0,"gold_gain":0,"player_choice":"Ignored","damage_taken":0,"max_hp_gain":0,"max_hp_loss":0,"event_name":"Shining Light","floor":5,"gold_loss":0},{"cards_removed":["Strike_G"],"damage_healed":0,"gold_gain":0,"player_choice":"Purged","damage_taken":0,"max_hp_gain":0,"max_hp_loss":0,"event_name":"Purifier","floor":20,"gold_loss":0},{"damage_healed":0,"gold_gain":0,"player_choice":"Simplicity","damage_taken":0,"max_hp_gain":0,"max_hp_loss":0,"event_name":"Back to Basics","floor":25,"gold_loss":0,"cards_upgraded":["Strike_G","Strike_G","Strike_G","Strike_G","Defend_G","Defend_G","Defend_G","Defend_G","Defend_G"]},{"damage_healed":0,"gold_gain":0,"player_choice":"Got Potions","damage_taken":0,"max_hp_gain":0,"max_hp_loss":0,"event_name":"Lab","floor":27,"gold_loss":0},{"damage_healed":0,"gold_gain":0,"player_choice":"Fight","damage_taken":0,"max_hp_gain":0,"max_hp_loss":0,"event_name":"MindBloom","floor":36,"gold_loss":0},{"damage_healed":0,"gold_gain":0,"player_choice":"Max HP","damage_taken":0,"max_hp_gain":0,"max_hp_loss":3,"event_name":"Winding Halls","floor":38,"gold_loss":0},{"damage_healed":0,"gold_gain":0,"player_choice":"Fight","damage_taken":0,"max_hp_gain":0,"max_hp_loss":0,"event_name":"Mysterious Sphere","floor":41,"gold_loss":0},{"damage_healed":0,"gold_gain":0,"player_choice":"Memory 1","damage_taken":0,"max_hp_gain":0,"max_hp_loss":0,"event_name":"SensoryStone","floor":48,"gold_loss":0}],"is_beta":false,"boss_relics":[{"not_picked":["Black Star","Busted Crown"],"picked":"Ectoplasm"},{"not_picked":["Fusion Hammer","Astrolabe"],"picked":"Sozu"}],"items_purged_floors":[],"is_endless":false,"potions_floor_spawned":[1,7,8,11,21,23,30,31,33,36,41,44,46,47],"killed_by":"Time Eater","ascension_level":20}}