{"host":"9vecvdjkx64cw9bo","time":1609950582,"event":{"mods":["Ascension Unlocker","BaseMod","Custom Start","Keyboard Shortcuts","Minty Spire (QoL Compilation)","Quick Restart","StSLib","SuperFastMode"],"gold_per_floor":[112,112,128,146,158,158,174,205,281,206,206,226,226,226,226,299,299,314,333,333,333,333],"floor_reached":21,"playtime":618,"items_purged":["Defend_P"],"score":362,"play_id":"540a445a-b4bb-404a-9d82-944c828e9a21","local_time":"20210107012942","is_ascension_mode":true,"campfire_choices":[{"data":"Eruption","floor":6.0,"key":"SMITH"},{"data":"WindmillStrike","floor":11.0,"key":"SMITH"},{"data":"Omniscience","floor":13.0,"key":"SMITH"},{"data":"EmptyFist","floor":15.0,"key":"SMITH"}],"circlet_count":0,"master_deck":["AscendersBane","Strike_P","Defend_P","Defend_P","Eruption+1","Vigilance","WindmillStrike+1","Omniscience+1","EmptyFist+1","EmptyBody","Indignation","WindmillStrike"],"relics":["HolyWater","FaceOfCleric","MealTicket","Sundial"],"acts_visited":["Exordium","TheCity"],"potions_floor_usage":[21],"damage_taken":[{"damage":3.0,"enemies":"2 Louse","floor":1.0,"turns":5.0},{"damage":6.0,"enemies":"Cultist","floor":3.0,"turns":5.0},{"damage":0.0,"enemies":"Jaw Worm","floor":4.0,"turns":3.0},{"damage":9.0,"enemies":"3 Louse","floor":5.0,"turns":4.0},{"damage":12.0,"enemies":"Exordium Thugs","floor":7.0,"turns":5.0},{"damage":8.0,"enemies":"Gremlin Nob","floor":8.0,"turns":3.0},{"damage":4.0,"enemies":"Gremlin Gang","floor":12.0,"turns":4.0},{"damage":18.0,"enemies":"Slime Boss","floor":16.0,"turns":7.0},{"damage":10.0,"enemies":"2 Thieves","floor":18.0,"turns":4.0},{"damage":15.0,"enemies":"3 Byrds","floor":19.0,"turns":6.0},{"damage":37,"enemies":"Shelled Parasite and Fungi","floor":21,"turns":4}],"seed_played":"8603874193129765270","potions_obtained":[{"floor":3.0,"key":"DistilledChaos"},{"floor":4.0,"key":"DuplicationPotion"},{"floor":12.0,"key":"FearPotion"},{"floor":16.0,"key":"SteroidPotion"},{"floor":18.0,"key":"Dexterity Potion"},{"floor":19.0,"key":"Fruit Juice"}],"is_trial":false,"path_per_floor":["M","?","M","M","M","R","M","E","T","$","R","M","R","?","R","B",null,"M","M","?","M"],"character_chosen":"WATCHER","items_purchased":[],"campfire_rested":0,"item_purchase_floors":[],"current_hp_per_floor":[58,58,53,54,46,46,35,28,28,43,43,40,40,40,40,23,58,49,35,35,3,3],"gold":333,"neow_bonus":"TRANSFORM_TWO_CARDS","is_daily":false,"chose_seed":false,"campfire_upgraded":4,"win_rate":0.0,"timestamp":1609950582,"path_taken":["M","?","M","M","M","R","M","E","T","$","R","?","R","?","R","BOSS","M","M","?","M"],"items_purchased_type":[],"build_version":"2020-12-22","purchased_purges":1,"victory":false,"max_hp_per_floor":[62,62,63,64,65,65,66,67,67,67,67,68,68,68,68,69,69,70,71,71,76,76],"card_choices":[{"not_picked":["EmptyBody","PathToVictory","Halt"],"picked":"SKIP","floor":1.0},{"not_picked":["CutThroughFate","Evaluate"],"picked":"EmptyFist","floor":3.0},{"not_picked":["FlyingSleeves","Crescendo","Protect"],"picked":"SKIP","floor":4.0},{"not_picked":["Consecrate","CutThroughFate","Weave"],"picked":"SKIP","floor":5.0},{"not_picked":["Protect","FlyingSleeves","JustLucky"],"picked":"SKIP","floor":7.0},{"not_picked":["Ragnarok","Collect","Blasphemy"],"picked":"SKIP","floor":8.0},{"not_picked":["Evaluate","JustLucky","EmptyBody"],"picked":"SKIP","floor":12.0},{"not_picked":["Indignation","FearNoEvil"],"picked":"EmptyBody","floor":18.0},{"not_picked":["Consecrate","Crescendo","FollowUp"],"picked":"SKIP","floor":19.0}],"player_experience":779245,"relics_obtained":[{"floor":8.0,"key":"MealTicket"},{"floor":9.0,"key":"Sundial"}],"event_choices":[{"damage_healed":0.0,"max_hp_gain":0.0,"max_hp_loss":0.0,"gold_gain":0.0,"event_name":"FaceTrader","player_choice":"Trade","floor":2.0,"gold_loss":0.0,"damage_taken":0.0,"relics_obtained":["FaceOfCleric"]},{"damage_healed":0.0,"max_hp_gain":0.0,"max_hp_loss":0.0,"gold_gain":0.0,"event_name":"Liars Game","player_choice":"Ignored","floor":14.0,"gold_loss":0.0,"damage_taken":0.0},{"damage_healed":0.0,"max_hp_gain":0.0,"max_hp_loss":0.0,"gold_gain":0.0,"cards_transformed":["Strike_P","Defend_P"],"event_name":"Drug Dealer","player_choice":"Became Test Subject","floor":20.0,"gold_loss":0.0,"damage_taken":0.0,"cards_obtained":["Indignation","WindmillStrike"]}],"is_beta":false,"boss_relics":[{"not_picked":["Ectoplasm","SlaversCollar"],"picked":"HolyWater"}],"items_purged_floors":[10],"is_endless":false,"potions_floor_spawned":[3,4,12,16,18,19],"killed_by":"Shelled Parasite and Fungi","ascension_level":20}}