{"host":"a0paspe0zwqgzttz","time":1609904749,"event":{"mods":["AchievementEnabler","Act Like it!","BaseMod","BetterRewards","Colored Powertips","Conspire","Downfall","GifTheSpireLib","Hermit","Highlight Path","Lobotomy","Marisa????????","Minty Spire (QoL Compilation)","Quick Restart","Replay The Spire","Robot Space Explorer","Shop Mod","StSLib","SuperFastMode","The Bug Knight","The Construct","The Cursed","The Hierophant","The Jungle","The Mystic","The Necromancer","The Runesmith","The Senshi","The Servant 0.9.4"],"gold_per_floor":[216,231,253,266,286,326,326,142,142,142,142,142,169,185,185,281,281,296,296,256,179,168,168,187,207,232,243,51,86,98,113,113,210,210,221,241,241,154,154,172,172,189,240,240,250,250,260,280,280,280],"floor_reached":51,"playtime":2459,"items_purged":[],"score":898,"play_id":"5b6930e5-9f43-47ad-8842-9f98d8840fba","local_time":"20210105224549","is_ascension_mode":false,"campfire_choices":[{"data":"Replay:SS_hec_4","floor":7,"key":"SMITH"},{"data":"expansioncontent:Corrupt","floor":11,"key":"SMITH"},{"floor":15,"key":"REST"},{"data":"hermit:EternalForm","floor":23,"key":"SMITH"},{"floor":32,"key":"REST"},{"floor":41,"key":"REST"},{"floor":44,"key":"REST"},{"data":"hermit:Roughhouse","floor":46,"key":"SMITH"},{"floor":49,"key":"REST"}],"circlet_count":0,"master_deck":["hermit:Strike_Hermit+1","hermit:Strike_Hermit","hermit:Strike_Hermit","hermit:Strike_Hermit","hermit:Defend_Hermit","hermit:Defend_Hermit","hermit:Defend_Hermit","hermit:Defend_Hermit","hermit:Snapshot","hermit:Covet+1","hermit:GhostlyPresence","hermit:Coalescence","Writhe","hermit:Manifest+1","Replay:SS_hec_4+1","hermit:Feint","hermit:Manifest","hermit:Grudge","expansioncontent:Corrupt+1","Pain","hermit:Manifest","hermit:EternalForm+1","hermit:RoundhouseKick","hermit:FlashPowder","Shame","hermit:NoHoldsBarred","hermit:Dive+1","hermit:BodyArmor","hermit:GhostlyPresence","hermit:Brawl+1","hermit:LuckOfTheDraw+1","hermit:ShadowCloak","hermit:Deadeye+1","hermit:GoldenBullet+1","hermit:Roughhouse","hermit:Snipe+1","hermit:ShadowCloak+1","expansioncontent:CaCaw","hermit:Strike_Hermit+1","hermit:Strike_Hermit","hermit:Strike_Hermit","hermit:Strike_Hermit","hermit:Defend_Hermit","hermit:Defend_Hermit","hermit:Defend_Hermit","hermit:Defend_Hermit","hermit:Snapshot","hermit:Covet+1","hermit:GhostlyPresence","hermit:Coalescence","Writhe","hermit:Manifest+1","Replay:SS_hec_4+1","hermit:Feint","hermit:Manifest","hermit:Grudge","expansioncontent:Corrupt+1","Pain","hermit:Manifest","hermit:EternalForm+1","hermit:RoundhouseKick","hermit:FlashPowder","Shame","hermit:NoHoldsBarred","hermit:Dive+1","hermit:BodyArmor","hermit:GhostlyPresence","hermit:Brawl+1","hermit:LuckOfTheDraw+1","hermit:ShadowCloak","hermit:Deadeye+1","hermit:GoldenBullet+1","hermit:Roughhouse+1","hermit:Snipe+1","hermit:ShadowCloak+1","expansioncontent:CaCaw","hermit:Glare+1","hermit:WideOpen+1","Injury","hermit:BodyArmor","hermit:Dive+1","Parasite","hermit:EyeOfTheStorm+1"],"relics":["hermit:Momento","ReplayTheSpireMod:CursedCoin","hermit:Spyglass","Orichalcum","Runesmith:Nanobots","hermit:BartenderGlass","Onion Ring","Blue Doll","Sling","ReplayTheSpireMod:Lightbulb","Cursed Key","Ring of Panic","Ring of Misfortune","Replay:Mystery Machine"],"acts_visited":["Exordium","TheCity","TheBeyond"],"potions_floor_usage":[6,16,16,27,27,30,30,33,33,33,33,33,36,36,40,40,42,42,42,45,45,47,47,48,48,50,50,50,50],"damage_taken":[{"damage":0,"enemies":"Small Slimes","floor":1,"turns":2},{"damage":1,"enemies":"Jaw Worm","floor":2,"turns":5},{"damage":4,"enemies":"2 Louse","floor":4,"turns":3},{"damage":0,"enemies":"Red Slaver","floor":5,"turns":4},{"damage":20,"enemies":"conspire:MimicChest","floor":6,"turns":12},{"damage":15,"enemies":"3 Sentries","floor":13,"turns":5},{"damage":1,"enemies":"Blue Slaver","floor":14,"turns":4},{"damage":48,"enemies":"The Guardian","floor":16,"turns":12},{"damage":27,"enemies":"3 Byrds","floor":18,"turns":5},{"damage":5,"enemies":"2 Thieves","floor":22,"turns":4},{"damage":6,"enemies":"Centurion and Healer","floor":24,"turns":7},{"damage":3,"enemies":"Cultist and Chosen","floor":25,"turns":4},{"damage":5,"enemies":"Snake Plant","floor":27,"turns":4},{"damage":7,"enemies":"Gremlin Leader","floor":29,"turns":6},{"damage":0,"enemies":"Shelled Parasite and Fungi","floor":30,"turns":9},{"damage":0,"enemies":"Centurion and Healer","floor":31,"turns":3},{"damage":36,"enemies":"Automaton","floor":33,"turns":11},{"damage":19,"enemies":"3 Shapes","floor":35,"turns":4},{"damage":26,"enemies":"Orb Walker","floor":36,"turns":6},{"damage":11,"enemies":"Sphere and 2 Shapes","floor":40,"turns":1},{"damage":12,"enemies":"Maw","floor":42,"turns":9},{"damage":0,"enemies":"4 Shapes","floor":45,"turns":5},{"damage":0,"enemies":"Sphere and 2 Shapes","floor":47,"turns":5},{"damage":0,"enemies":"Writhing Mass","floor":48,"turns":6},{"damage":45,"enemies":"Awakened One","floor":50,"turns":13}],"seed_played":"-4986939279970640787","potions_obtained":[{"floor":1,"key":"Milkshake"},{"floor":2,"key":"Weak Potion"},{"floor":5,"key":"hexamod:EctoCoolerPotion"},{"floor":14,"key":"hermit:BlackBile"},{"floor":24,"key":"Adrenaline Potion"},{"floor":29,"key":"hermit:Tonic"},{"floor":30,"key":"champ:CounterPotion"},{"floor":33,"key":"Death Potion"},{"floor":35,"key":"Strength Potion"},{"floor":36,"key":"Reflective Coating"},{"floor":42,"key":"Energy Potion"}],"is_trial":false,"path_per_floor":["M","M","$","M","M","?","R","$","T","?","R","?","E","M","R","B",null,"M","?","?","$","M","R","M","M","T","M","$","E","M","M","R","B",null,"M","M","?","$","?","M","R","M","T","R","M","R","M","M","R","B",null],"character_chosen":"HERMIT","items_purchased":["ReplayTheSpireMod:CursedCoin","hermit:Manifest+1","Replay:SS_hec_4","expansioncontent:Corrupt","hermit:NoHoldsBarred","hermit:LuckOfTheDraw+1","Sling","expansioncontent:CaCaw"],"campfire_rested":5,"item_purchase_floors":[3,3,3,8,21,28,28,38],"current_hp_per_floor":[75,74,74,70,70,50,50,50,50,50,50,50,35,34,56,8,75,48,48,48,48,43,43,37,34,34,29,29,22,22,22,44,8,75,56,30,30,30,30,19,41,29,29,51,51,51,51,51,73,28],"gold":280,"neow_bonus":"HUNDRED_GOLD","is_daily":false,"chose_seed":false,"campfire_upgraded":4,"win_rate":0.0,"timestamp":1609904749,"path_taken":["M","M","$","M","M","?","R","$","T","?","R","?","E","M","R","BOSS","M","?","?","$","?","R","M","M","T","M","$","E","M","M","R","BOSS","M","M","?","$","?","M","R","?","T","R","M","R","M","M","R","BOSS"],"items_purchased_type":["Relic","Card","Card","Card","Card","Card","Relic","Card"],"build_version":"2020-12-22","purchased_purges":0,"victory":true,"max_hp_per_floor":[75,75,75,75,75,75,75,75,75,75,75,75,75,75,75,75,75,75,75,75,75,75,75,75,75,75,75,75,75,75,75,75,75,75,75,75,75,75,75,75,75,75,75,75,75,75,75,75,75,75],"card_choices":[{"not_picked":["hermit:Shortfuse","hermit:Gestalt"],"picked":"hermit:GhostlyPresence","floor":1},{"not_picked":["hermit:Dive","hermit:Misfire"],"picked":"hermit:Coalescence","floor":2},{"not_picked":["hermit:DeadMansHand","hermit:Grudge"],"picked":"hermit:Feint","floor":4},{"not_picked":["hermit:Misfire","hermit:Determination"],"picked":"hermit:Manifest","floor":5},{"not_picked":["hermit:Deadeye","hermit:HighCaliber"],"picked":"hermit:Grudge","floor":6},{"not_picked":["hermit:HighCaliber","hermit:PistolWhip"],"picked":"hermit:Manifest","floor":13},{"not_picked":["hermit:TrackingShot","hermit:WideOpen"],"picked":"hermit:EternalForm","floor":14},{"not_picked":["hermit:EternalForm","hermit:DeadOrAlive"],"picked":"hermit:RoundhouseKick","floor":16},{"not_picked":["hermit:LuckOfTheDraw","hermit:Roulette+1"],"picked":"hermit:FlashPowder","floor":18},{"not_picked":["hermit:Shortfuse","hermit:Roulette"],"picked":"hermit:Dive+1","floor":22},{"not_picked":["hermit:ItchyTrigger","hermit:TrackingShot"],"picked":"hermit:BodyArmor","floor":24},{"not_picked":["hermit:Cheat","hermit:Horror"],"picked":"hermit:GhostlyPresence","floor":25},{"not_picked":["hermit:Ricochet","hermit:Horror"],"picked":"hermit:Brawl+1","floor":27},{"not_picked":["hermit:CalledShot","hermit:Enervate"],"picked":"hermit:ShadowCloak","floor":29},{"not_picked":["hermit:WideOpen","hermit:NoHoldsBarred"],"picked":"hermit:Deadeye+1","floor":30},{"not_picked":["hermit:TrackingShot+1","hermit:Quickdraw"],"picked":"hermit:GoldenBullet+1","floor":31},{"not_picked":["hermit:DeadOrAlive","hermit:Purgatory"],"picked":"hermit:Roughhouse","floor":33},{"not_picked":["hermit:EyeOfTheStorm","hermit:BodyArmor"],"picked":"hermit:Snipe+1","floor":35},{"not_picked":["hermit:TakeAim","hermit:BigShot+1"],"picked":"hermit:ShadowCloak+1","floor":36},{"not_picked":["hermit:WideOpen","hermit:Desperado+1"],"picked":"hermit:Glare+1","floor":40},{"not_picked":["hermit:BodyArmor","hermit:Purgatory"],"picked":"hermit:WideOpen+1","floor":42},{"not_picked":["hermit:SprayPray+1","hermit:Misfire+1"],"picked":"hermit:BodyArmor","floor":45},{"not_picked":["hermit:Feint","hermit:Ricochet+1"],"picked":"hermit:Dive+1","floor":47},{"not_picked":["hermit:HighCaliber","hermit:LuckOfTheDraw+1"],"picked":"hermit:EyeOfTheStorm+1","floor":48}],"player_experience":388298,"relics_obtained":[{"floor":6,"key":"hermit:Spyglass"},{"floor":9,"key":"Orichalcum"},{"floor":13,"key":"Runesmith:Nanobots"},{"floor":26,"key":"Blue Doll"},{"floor":29,"key":"ReplayTheSpireMod:Lightbulb"},{"floor":37,"key":"Ring of Panic"},{"floor":37,"key":"Ring of Misfortune"},{"floor":43,"key":"Replay:Mystery Machine"}],"event_choices":[{"damage_healed":0,"gold_gain":0,"player_choice":"Ignored","damage_taken":0,"max_hp_gain":0,"max_hp_loss":0,"event_name":"NoteForYourself","floor":12,"gold_loss":0},{"damage_healed":0,"gold_gain":0,"player_choice":"Stole Relic","damage_taken":0,"relics_obtained":["Onion Ring"],"max_hp_gain":0,"max_hp_loss":0,"event_name":"Addict","floor":19,"gold_loss":0,"cards_obtained":["Shame"]},{"damage_healed":0,"gold_gain":0,"player_choice":"Upgraded Two","damage_taken":0,"max_hp_gain":0,"max_hp_loss":0,"event_name":"Designer","floor":20,"gold_loss":40,"cards_upgraded":["hermit:Strike_Hermit","hermit:Covet"]}],"is_beta":false,"boss_relics":[{"not_picked":["Runic Dome","Replay:Wanted Poster"],"picked":"hermit:BartenderGlass"},{"not_picked":["Calling Bell","conspire:SpecialSausage"],"picked":"Cursed Key"}],"items_purged_floors":[],"is_endless":false,"potions_floor_spawned":[1,2,5,14,24,29,30,31,33,35,36,42,47],"ascension_level":0}}