{"host":"qswkx8hggytna0kc","time":1609925888,"event":{"mods":["Aspiration","BaseMod","BetterRewards","Colored Map","Colored Powertips","Highlight Path","Hubris","Mimic Mod","Minty Spire (QoL Compilation)","Quick Restart","Replay The Spire","StSLib","SuperFastMode"],"gold_per_floor":[111,127,141,141,91,91,107,122,122,222,242,253,106,121,121,224,224,238,222,235,260,260,290,301,321,397,410,410,436,436,436,436,537,637,649,659,659,409,409,436,385,397,428,428,457,457,476,488,488,488,488],"floor_reached":50,"playtime":2281,"items_purged":["Strike_G","Pain"],"score":644,"play_id":"bfd5b60e-ff98-4861-b5fe-48c0c59a6b52","local_time":"20210106173808","is_ascension_mode":true,"campfire_choices":[{"data":"Neutralize","floor":6,"key":"SMITH"},{"data":"Prepared","floor":15,"key":"SMITH"},{"data":"ReplayTheSpireMod:Scrap Shanks","floor":28,"key":"SMITH"},{"data":"Storm of Steel","floor":30,"key":"SMITH"},{"floor":32,"key":"REST"},{"data":"Envenom","floor":44,"key":"SMITH"},{"data":"Blade Dance","floor":46,"key":"SMITH"},{"data":"ReplayTheSpireMod:Scrap Shanks","floor":49,"key":"SMITH"}],"circlet_count":0,"master_deck":["Strike_G","Strike_G","Defend_G","Defend_G","Defend_G","Defend_G","Defend_G","Survivor","Neutralize+1","Blade Dance","Blade Dance","Escape Plan","Blade Dance+1","Prepared+1","Hidden Blade","ReplayTheSpireMod:Scrap Shanks+1","Glass Knife+1","ReplayTheSpireMod:Scrap Shanks+1","Acrobatics+1","Deflect+1","Expertise+1","Storm of Steel+1","Endless Agony+1","Phantasmal Killer","Eviscerate+1","Madness","Madness","Envenom+1","Escape Plan","Escape Plan","Acrobatics+1","Concentrate+1","Acrobatics","Backstab+1"],"relics":["Ring of the Snake","aspiration:BabyByrd","Molten Egg 2","aspiration:SecretTechniqueScroll","Red Mask","Byrd Skull","Pantograph","Meat on the Bone","MutagenicStrength","Replay:Wanted Poster","WarpedTongs","Replay:Baseball","Akabeko","Replay:Towering Pillar of Hats","aspiration:VileToxins"],"acts_visited":["Exordium","TheCity","TheBeyond"],"potions_floor_usage":[21,50],"damage_taken":[{"damage":0,"enemies":"Small Slimes","floor":1,"turns":3},{"damage":0,"enemies":"2 Louse","floor":2,"turns":2},{"damage":0,"enemies":"Cultist","floor":3,"turns":3},{"damage":0,"enemies":"Exordium Wildlife","floor":7,"turns":2},{"damage":0,"enemies":"Blue Slaver","floor":8,"turns":3},{"damage":0,"enemies":"Lots of Slimes","floor":11,"turns":4},{"damage":0,"enemies":"Large Slime","floor":12,"turns":4},{"damage":0,"enemies":"3 Louse","floor":14,"turns":3},{"damage":12,"enemies":"The Guardian","floor":16,"turns":19},{"damage":0,"enemies":"Chosen","floor":18,"turns":4},{"damage":17,"enemies":"2 Thieves","floor":19,"turns":4},{"damage":12,"enemies":"Shelled Parasite and Fungi","floor":20,"turns":5},{"damage":19,"enemies":"Masked Bandits","floor":21,"turns":5},{"damage":11,"enemies":"Book of Stabbing","floor":23,"turns":6},{"damage":0,"enemies":"Chosen and Byrds","floor":24,"turns":4},{"damage":3,"enemies":"3 Cultists","floor":25,"turns":5},{"damage":9,"enemies":"Sentry and Sphere","floor":27,"turns":4},{"damage":15,"enemies":"Gremlin Leader","floor":29,"turns":5},{"damage":40,"enemies":"Automaton","floor":33,"turns":7},{"damage":0,"enemies":"Orb Walker","floor":35,"turns":2},{"damage":0,"enemies":"3 Darklings","floor":36,"turns":2},{"damage":0,"enemies":"Giant Head","floor":40,"turns":3},{"damage":0,"enemies":"Jaw Worm Horde","floor":42,"turns":2},{"damage":1,"enemies":"Maw","floor":43,"turns":6},{"damage":0,"enemies":"Nemesis","floor":45,"turns":3},{"damage":0,"enemies":"Maw","floor":47,"turns":3},{"damage":0,"enemies":"Writhing Mass","floor":48,"turns":2},{"damage":76,"enemies":"Time Eater","floor":50,"turns":4}],"seed_played":"4559594979359470624","potions_obtained":[{"floor":1,"key":"Languid Potion"},{"floor":7,"key":"FearPotion"},{"floor":8,"key":"Ancient Potion"},{"floor":18,"key":"Block Potion"},{"floor":21,"key":"Elixir"},{"floor":24,"key":"LiquidBronze"},{"floor":40,"key":"Venom Potion"},{"floor":47,"key":"SteroidPotion"}],"is_trial":false,"path_per_floor":["M","M","M","?","?","R","M","M","T","?","M","M","$","M","R","B",null,"M","M","M","?","?","E","M","M","T","M","R","E","R","?","R_BF","B",null,"M","M","?","$","?","E","$","M","MIM","R","E","R","M","M","R","B"],"character_chosen":"THE_SILENT","items_purchased":["ReplayTheSpireMod:Scrap Shanks","Replay:Baseball","Escape Plan"],"campfire_rested":1,"item_purchase_floors":[13,38,41],"current_hp_per_floor":[70,70,70,70,70,70,70,70,70,70,70,70,70,70,70,58,70,70,53,41,22,70,59,59,56,56,47,47,32,32,32,53,42,70,70,70,70,70,61,61,61,61,60,60,60,60,60,60,60,0,0],"gold":488,"neow_bonus":"TRANSFORM_CARD","is_daily":false,"chose_seed":false,"campfire_upgraded":7,"win_rate":0.0,"timestamp":1609925888,"path_taken":["M","M","M","?","?","R","M","M","T","?","M","?","$","M","R","BOSS","M","M","M","?","?","E","M","M","T","?","R","E","R","?","R_BF","BOSS","M","M","?","?","?","E","?","M","MIM","R","E","R","?","M","R","BOSS"],"items_purchased_type":["Card","Relic","Card"],"build_version":"2020-12-22","purchased_purges":2,"victory":false,"max_hp_per_floor":[70,70,70,70,70,70,70,70,70,70,70,70,70,70,70,70,70,70,70,70,70,70,70,70,70,70,70,70,70,70,70,70,70,70,70,70,70,70,70,70,70,70,70,70,70,70,70,70,70,70,70],"card_choices":[{"not_picked":["Dash","PiercingWail"],"picked":"Blade Dance","floor":1},{"not_picked":["Bane","Well Laid Plans"],"picked":"Escape Plan","floor":2},{"not_picked":["Bane","Dodge and Roll","Outmaneuver"],"picked":"SKIP","floor":3},{"not_picked":["Blur","Dagger Throw","PiercingWail"],"picked":"SKIP","floor":7},{"not_picked":["Bullet Time","Footwork"],"picked":"Blade Dance","floor":8},{"not_picked":["Acrobatics","Flying Knee+1"],"picked":"Prepared","floor":11},{"not_picked":["PiercingWail","Dagger Throw+1"],"picked":"Hidden Blade","floor":12},{"not_picked":["Poisoned Stab+1","Deflect","Footwork"],"picked":"SKIP","floor":14},{"not_picked":["Wraith Form v2","ReplayTheSpireMod:From All Sides+1"],"picked":"Glass Knife+1","floor":16},{"not_picked":["Dagger Throw+1","Blade Dance"],"picked":"ReplayTheSpireMod:Scrap Shanks","floor":18},{"not_picked":["Skewer+1","Deflect+1"],"picked":"Acrobatics+1","floor":19},{"not_picked":["Dagger Spray+1","Quick Slash+1"],"picked":"Infinite Blades","floor":20},{"not_picked":["Hidden Blade","hubris:SlightOfHand"],"picked":"Deflect+1","floor":21},{"not_picked":["Blade Dance","Slice+1"],"picked":"Expertise+1","floor":23},{"not_picked":["Draining Mist+1","Dodge and Roll+1"],"picked":"Storm of Steel","floor":24},{"not_picked":["ReplayTheSpireMod:Scrap Shanks","Bane+1","ReplayTheSpireMod:Speed Training+1"],"picked":"SKIP","floor":25},{"not_picked":["Replay:Poison Smokescreen+1","Dodge and Roll"],"picked":"Endless Agony+1","floor":27},{"not_picked":["Deadly Poison","Blur","Predator+1"],"picked":"SKIP","floor":29},{"not_picked":["Die Die Die+1","aspiration:Lunge+1"],"picked":"Phantasmal Killer","floor":33},{"not_picked":["Slice+1","hubris:SlightOfHand","Outmaneuver"],"picked":"SKIP","floor":35},{"not_picked":["hubris:SlightOfHand+1","hubris:Counter+1"],"picked":"Eviscerate+1","floor":36},{"not_picked":["Deadly Poison","Dagger Throw+1"],"picked":"Envenom","floor":40},{"not_picked":["Underhanded Strike+1","Predator+1"],"picked":"Acrobatics+1","floor":42},{"not_picked":["Dodge and Roll","PiercingWail"],"picked":"Concentrate+1","floor":43},{"not_picked":["PiercingWail+1","Dash+1","Predator+1"],"picked":"SKIP","floor":45},{"not_picked":["Dagger Spray+1","Riddle With Holes+1"],"picked":"Acrobatics","floor":47},{"not_picked":["All Out Attack+1","Flechettes+1"],"picked":"Backstab+1","floor":48}],"player_experience":245885,"relics_obtained":[{"floor":9,"key":"Molten Egg 2"},{"floor":21,"key":"Red Mask"},{"floor":23,"key":"Byrd Skull"},{"floor":26,"key":"Pantograph"},{"floor":29,"key":"Meat on the Bone"},{"floor":40,"key":"Akabeko"},{"floor":43,"key":"Replay:Towering Pillar of Hats"},{"floor":45,"key":"aspiration:VileToxins"}],"event_choices":[{"cards_removed":["Strike_G"],"damage_healed":0,"gold_gain":0,"player_choice":"Card Removal","damage_taken":0,"max_hp_gain":0,"max_hp_loss":0,"event_name":"The Cleric","floor":5,"gold_loss":50},{"damage_healed":0,"gold_gain":100,"player_choice":"Pray","damage_taken":0,"max_hp_gain":0,"max_hp_loss":0,"event_name":"Golden Shrine","floor":10,"gold_loss":0},{"damage_healed":0,"gold_gain":0,"player_choice":"Fought Bandits","damage_taken":0,"max_hp_gain":0,"max_hp_loss":0,"event_name":"Masked Bandits","floor":21,"gold_loss":0},{"cards_removed":["Infinite Blades"],"damage_healed":48,"gold_gain":0,"player_choice":"Offered Uncommon","damage_taken":0,"max_hp_gain":0,"max_hp_loss":0,"event_name":"Bonfire Elementals","floor":22,"gold_loss":0},{"damage_healed":0,"gold_gain":0,"player_choice":"Inject Mutagens","damage_taken":0,"relics_obtained":["MutagenicStrength"],"max_hp_gain":0,"max_hp_loss":0,"event_name":"Drug Dealer","floor":31,"gold_loss":0},{"damage_healed":0,"gold_gain":0,"player_choice":"Rummage","damage_taken":0,"relics_obtained":["WarpedTongs"],"max_hp_gain":0,"max_hp_loss":0,"event_name":"Accursed Blacksmith","floor":37,"gold_loss":0,"cards_obtained":["Pain"]},{"damage_healed":0,"gold_gain":0,"player_choice":"Embrace Madness","damage_taken":9,"max_hp_gain":0,"max_hp_loss":0,"event_name":"Winding Halls","floor":39,"gold_loss":0,"cards_obtained":["Madness","Madness"]}],"is_beta":false,"boss_relics":[{"not_picked":["Painkiller Herb","Kintsugi"],"picked":"aspiration:SecretTechniqueScroll"},{"not_picked":["Philosopher\u0027s Stone","hubris:HollowSoul"],"picked":"Replay:Wanted Poster"}],"items_purged_floors":[13,38],"is_endless":false,"potions_floor_spawned":[1,7,8,16,18,21,24,35,40,47,48],"killed_by":"Time Eater","ascension_level":1}}