{"host":"mtg945c5jssv10ty","time":1609938535,"event":{"mods":["Ascension Unlocker","BaseMod","Downfall","Minty Spire (QoL Compilation)","StSLib","SuperFastMode"],"gold_per_floor":[99,114,126,136,236,251,275,303,371,368,380,12,12,23,35,130,130,130,144,144,229,245,245,245,262,294,305,305,339,339,339,355,457,457,457,467,484,484,502,169,247,347,347,83,100,100,132,143,153,153,153,153],"floor_reached":50,"playtime":2126,"items_purged":["champ:Strike","champ:Strike","champ:Strike"],"score":765,"play_id":"5fe3a89d-0a60-413a-8e7b-24083db016f7","local_time":"20210106080855","is_ascension_mode":true,"campfire_choices":[{"data":"champ:Execute","floor":1,"key":"SMITH"},{"floor":11,"key":"REST"},{"data":"champ:VampiricStrike","floor":18,"key":"SMITH"},{"data":"champ:Duel","floor":23,"key":"SMITH"},{"floor":28,"key":"REST"},{"data":"champ:CalledShot","floor":30,"key":"SMITH"},{"data":"champ:VampiricStrike","floor":35,"key":"SMITH"},{"floor":43,"key":"REST"}],"circlet_count":0,"master_deck":["champ:Execute+1","champ:Taunt","champ:BerserkersShout","champ:ArenaPreparation","champ:FanOfKnives","champ:BerserkerStyle","champ:RecklessLeap","champ:EnragedBash","champ:SwordSigil","champ:CrookedStrike","champ:PreciseThrust","champ:FanOfKnives","champ:BringItOn","champ:ShieldWall","champ:Duel+1","champ:BringItOn","champ:Duel","champ:VampiricStrike+1","champ:CalledShot+1","champ:CrownThrow","champ:BerserkersShout","champ:SwordSigil+1","champ:ShieldSlam+1","champ:CrownThrow","champ:SwordSigil","champ:IronFortress+1","champ:VampiricStrike+1","champ:FaceSlap","champ:ArenaPreparation+1","expansioncontent:DarkVoid","champ:CrownThrow+1","champ:FancyFootwork","downfall:Icky","downfall:Haunted","Shame","Shame","champ:HoldFirm+1","downfall:Bewildered","champ:FancyFootwork+1","champ:ShieldSigil+1","champ:EnchantCrown+1","champ:EndlessRage","expansioncontent:QuickStudy+1","champ:EnchantCrown+1","champ:RapidStrikes+1","champ:StanceDance+1","champ:ArenaPreparation+1","champ:SwordSigil+1","champ:BerserkersShout+1","Normality","champ:GutPunch+1","champ:ShieldSlam+1"],"relics":["champ:ChampionCrown","WristBlade","Orichalcum","MawBank","Dream Catcher","Membership Card","Strawberry","Empty Cage","champ:FightingForDummies","Bronze Scales","Mummified Hand","Black Star","champ:DefensiveTrainingManual","Mercury Hourglass","OrangePellets","Toxic Egg 2","Du-Vu Doll","HornCleat","Pocketwatch","Orrery","Gremlin Horn","Regal Pillow"],"acts_visited":["Exordium","TheCity","TheBeyond"],"potions_floor_usage":[5,5,8,16,16,26,26,26,26,27,50,50,50],"damage_taken":[{"damage":5,"enemies":"Cultist","floor":2,"turns":4},{"damage":26,"enemies":"Small Slimes","floor":3,"turns":4},{"damage":6,"enemies":"2 Louse","floor":4,"turns":2},{"damage":59,"enemies":"2 Louse","floor":5,"turns":3},{"damage":43,"enemies":"Exordium Thugs","floor":6,"turns":5},{"damage":37,"enemies":"Gremlin Nob","floor":8,"turns":3},{"damage":36,"enemies":"3 Sentries","floor":9,"turns":5},{"damage":37,"enemies":"downfall:FleeingMerchant","floor":10,"turns":4},{"damage":56,"enemies":"downfall:FleeingMerchant","floor":12,"turns":4},{"damage":17,"enemies":"Blue Slaver","floor":14,"turns":2},{"damage":15,"enemies":"2 Fungi Beasts","floor":15,"turns":2},{"damage":67,"enemies":"downfall:Defect","floor":16,"turns":6},{"damage":26,"enemies":"Chosen","floor":19,"turns":4},{"damage":26,"enemies":"Spheric Guardian","floor":22,"turns":2},{"damage":26,"enemies":"Chosen and Byrds","floor":25,"turns":6},{"damage":83,"enemies":"Book of Stabbing","floor":26,"turns":4},{"damage":45,"enemies":"Snake Plant","floor":27,"turns":3},{"damage":119,"enemies":"Gremlin Leader","floor":29,"turns":5},{"damage":35,"enemies":"Snecko","floor":32,"turns":4},{"damage":94,"enemies":"downfall:Silent","floor":33,"turns":7},{"damage":63,"enemies":"3 Shapes","floor":36,"turns":7},{"damage":34,"enemies":"Orb Walker","floor":37,"turns":3},{"damage":75,"enemies":"Spire Growth","floor":39,"turns":4},{"damage":82,"enemies":"downfall:FleeingMerchant","floor":40,"turns":4},{"damage":54,"enemies":"downfall:FleeingMerchant","floor":44,"turns":2},{"damage":17,"enemies":"Writhing Mass","floor":45,"turns":3},{"damage":86,"enemies":"Giant Head","floor":47,"turns":6},{"damage":54,"enemies":"4 Shapes","floor":48,"turns":2},{"damage":51,"enemies":"Sphere and 2 Shapes","floor":49,"turns":2},{"damage":91,"enemies":"ArchetypeAct3BlockNewAge","floor":50,"turns":6}],"seed_played":"8309718287529270909","potions_obtained":[{"floor":2,"key":"Explosive Potion"},{"floor":3,"key":"Energy Potion"},{"floor":6,"key":"BlessingOfTheForge"},{"floor":9,"key":"Guardian:BlockOnCardUsePotion"},{"floor":15,"key":"Slimebound:ThreeZeroPotion"},{"floor":16,"key":"Fire Potion"},{"floor":19,"key":"EntropicBrew"},{"floor":25,"key":"Strength Potion"},{"floor":33,"key":"champ:OpenerPotion"},{"floor":39,"key":"BlessingOfTheForge"},{"floor":47,"key":"SpeedPotion"}],"is_trial":false,"path_per_floor":["R","M","M","M","?","M","T","E","?","$","R","$","?","M","M","B",null,"R","M","?","?","M","R","T","M","E","M","R","E","R","?","M","B",null,"R","M","M","?","M","$","T","?","R","$","M","?","E","M","M","B"],"character_chosen":"THE_CHAMP","items_purchased":["Membership Card","Strawberry","champ:BringItOn","champ:ShieldWall","champ:Duel","champ:DefensiveTrainingManual","Mercury Hourglass","OrangePellets","HornCleat","champ:EnchantCrown+1","Pocketwatch","champ:EndlessRage","expansioncontent:QuickStudy+1","Orrery"],"campfire_rested":3,"item_purchase_floors":[12,12,12,12,12,40,40,40,44,44,44,44,44,44],"current_hp_per_floor":[99,99,93,92,60,48,48,40,28,28,57,54,39,37,37,9,106,106,101,101,83,83,83,83,76,71,62,93,81,81,81,72,48,106,106,100,99,99,71,71,71,76,109,99,93,93,92,86,86,0,0,0],"gold":153,"neow_bonus":"TEN_PERCENT_HP_BONUS","is_daily":false,"chose_seed":false,"campfire_upgraded":5,"win_rate":0.0,"timestamp":1609938535,"path_taken":["R","M","M","M","?","M","T","E","?","$","R","$","?","?","M","BOSS","R","M","?","?","M","R","T","?","E","M","R","E","R","?","M","BOSS","R","M","M","?","M","$","T","?","R","$","M","?","E","?","M","BOSS"],"items_purchased_type":["Relic","Relic","Card","Card","Card","Relic","Relic","Relic","Relic","Card","Relic","Card","Card","Relic"],"build_version":"2020-12-22","purchased_purges":3,"victory":false,"max_hp_per_floor":[99,99,99,99,99,99,99,99,99,99,99,106,106,106,106,106,106,106,106,106,106,106,106,106,106,106,106,106,106,106,106,106,106,106,106,106,106,106,106,106,106,111,111,111,111,111,111,111,111,111,111,111],"card_choices":[{"not_picked":["champ:Encircle","champ:EnGarde"],"picked":"champ:BerserkersShout","floor":2},{"not_picked":["champ:FlashCut","champ:Endure"],"picked":"champ:ArenaPreparation","floor":3},{"not_picked":["champ:EnGarde","champ:Shatter"],"picked":"champ:FanOfKnives","floor":4},{"not_picked":["champ:Backstep","champ:ShieldSigil"],"picked":"champ:BerserkerStyle","floor":5},{"not_picked":["champ:Circumvent","champ:ShieldSigil"],"picked":"champ:RecklessLeap","floor":6},{"not_picked":["champ:ShieldThrow","champ:StanceDance"],"picked":"champ:EnragedBash","floor":8},{"not_picked":["champ:FalseCounter","champ:DefensiveStyle"],"picked":"champ:SwordSigil","floor":9},{"not_picked":["champ:FocusedDefense","champ:AdrenalArmor"],"picked":"champ:CrookedStrike","floor":10},{"not_picked":["champ:SkillfulDodge","champ:TornadoPunch"],"picked":"champ:PreciseThrust","floor":11},{"not_picked":["champ:DefensiveStyle","champ:GladiatorStyle"],"picked":"champ:FanOfKnives","floor":12},{"not_picked":["champ:GladiatorStyle","champ:Shatter"],"picked":"champ:BringItOn","floor":14},{"not_picked":["champ:EnGarde","champ:FlashCut"],"picked":"champ:Duel","floor":15},{"not_picked":["champ:SteelEdge","champ:HeavySlash"],"picked":"champ:VampiricStrike","floor":16},{"not_picked":["champ:EnGarde","champ:AdrenalArmor"],"picked":"champ:CalledShot","floor":19},{"not_picked":["champ:Shatter","champ:HeartStrike"],"picked":"champ:CrownThrow","floor":22},{"not_picked":["champ:Devastate","champ:FanOfKnives"],"picked":"champ:BerserkersShout","floor":25},{"not_picked":["champ:DefensiveShout","champ:SkillfulDodge"],"picked":"champ:SwordSigil+1","floor":26},{"not_picked":["champ:EnGarde","champ:FlashCut"],"picked":"champ:ShieldSlam+1","floor":27},{"not_picked":["champ:DeathBlow","champ:DefensiveShout"],"picked":"champ:CrownThrow","floor":28},{"not_picked":["champ:CrookedStrike","champ:BladeFlurry"],"picked":"champ:SwordSigil","floor":29},{"not_picked":["champ:RageSigil","champ:Improvising"],"picked":"champ:IronFortress+1","floor":32},{"not_picked":["champ:StrikeOfGenius","champ:Improvising"],"picked":"champ:VampiricStrike","floor":33},{"not_picked":["champ:BerserkersShout+1","champ:GutPunch+1"],"picked":"champ:FaceSlap","floor":36},{"not_picked":["champ:AdrenalArmor","champ:FocusedDefense"],"picked":"champ:ArenaPreparation+1","floor":37},{"not_picked":["expansioncontent:Chronoboost","expansioncontent:PrepareCrush"],"picked":"expansioncontent:DarkVoid","floor":38},{"not_picked":["champ:RageSigil+1","champ:ShieldSigil"],"picked":"champ:CrownThrow+1","floor":39},{"not_picked":["champ:Circumvent+1","champ:DefensiveStyle"],"picked":"champ:FancyFootwork","floor":40},{"not_picked":["champ:BerserkersShout+1","champ:Endure+1"],"picked":"champ:FancyFootwork+1","floor":43},{"not_picked":["champ:BringItOn+1","champ:CrownThrow"],"picked":"champ:ShieldSigil+1","floor":44},{"not_picked":["champ:BerserkerStyle+1","champ:StanceDance+1"],"picked":"champ:EnchantCrown+1","floor":44},{"not_picked":["champ:DeathBlow","champ:ShieldSigil+1"],"picked":"champ:RapidStrikes+1","floor":44},{"not_picked":["champ:Shatter+1","champ:BerserkersShout+1"],"picked":"champ:StanceDance+1","floor":44},{"not_picked":["champ:BerserkersShout+1","champ:Circumvent+1"],"picked":"champ:ArenaPreparation+1","floor":44},{"not_picked":["champ:HeavySlash","champ:GutPunch+1"],"picked":"champ:SwordSigil+1","floor":44},{"not_picked":["champ:Encircle+1","champ:BladeFlurry"],"picked":"champ:BerserkersShout+1","floor":45},{"not_picked":["champ:FalseCounter+1","champ:SwordSigil+1"],"picked":"champ:GutPunch+1","floor":47},{"not_picked":["champ:SwordSigil+1","champ:Duel"],"picked":"champ:ShieldSlam+1","floor":48},{"not_picked":["champ:EnragedBash","champ:BladeFlurry","champ:PerfectedStrike"],"picked":"SKIP","floor":49}],"player_experience":193610,"relics_obtained":[{"floor":5,"key":"WristBlade"},{"floor":7,"key":"Orichalcum"},{"floor":8,"key":"MawBank"},{"floor":9,"key":"Dream Catcher"},{"floor":24,"key":"champ:FightingForDummies"},{"floor":26,"key":"Bronze Scales"},{"floor":29,"key":"Mummified Hand"},{"floor":41,"key":"Toxic Egg 2"},{"floor":47,"key":"Gremlin Horn"},{"floor":47,"key":"Regal Pillow"}],"event_choices":[{"damage_healed":0,"gold_gain":0,"player_choice":"Ignored","damage_taken":0,"max_hp_gain":0,"max_hp_loss":0,"event_name":"Ghosts","floor":31,"gold_loss":0}],"is_beta":false,"boss_relics":[{"not_picked":["Tiny House","Calling Bell"],"picked":"Empty Cage"},{"not_picked":["SacredBark","Runic Dome"],"picked":"Black Star"}],"items_purged_floors":[12,40,44],"is_endless":false,"potions_floor_spawned":[2,3,6,9,15,16,19,25,33,39,45,47,48],"killed_by":"ArchetypeAct3BlockNewAge","ascension_level":1}}