{"host":"oy4pyvr762z5n0bb","time":1609905492,"event":{"mods":["AchievementEnabler","BaseMod","Colored Map","Colored Powertips","Googly Eyes","Key Reminder","Minty Spire (QoL Compilation)","Quick Restart","Relic Sorter","StSLib","SuperFastMode","Unceasing Turn Reminder","slay the spire mod where everything is the same but ironclad has a cowboy hat"],"gold_per_floor":[109,125,75,250,267,267,301,301,328,346,311,342,342,342,342,342,342],"floor_reached":16,"playtime":305,"items_purged":[],"score":140,"play_id":"812f331b-c717-48d8-bba4-01e20867e183","local_time":"20210105195812","is_ascension_mode":true,"campfire_choices":[{"data":"Anger","floor":6,"key":"SMITH"},{"floor":8,"key":"REST"},{"floor":13,"key":"REST"},{"floor":15,"key":"REST"}],"circlet_count":0,"master_deck":["Strike_R","Strike_R","Strike_R","Strike_R","Strike_R","Defend_R","Defend_R","Defend_R","Defend_R","Bash+1","Heavy Blade","Anger+1","Headbutt","Doubt","Perfected Strike+1","Battle Trance","Cleave","Feed"],"relics":["Burning Blood","MealTicket","Bag of Marbles","Tiny Chest","Kunai"],"acts_visited":["Exordium"],"potions_floor_usage":[],"damage_taken":[{"damage":10,"enemies":"Jaw Worm","floor":1,"turns":6},{"damage":5,"enemies":"2 Louse","floor":2,"turns":4},{"damage":4,"enemies":"Small Slimes","floor":5,"turns":3},{"damage":40,"enemies":"3 Sentries","floor":7,"turns":7},{"damage":39,"enemies":"Exordium Thugs","floor":10,"turns":6},{"damage":32,"enemies":"Gremlin Nob","floor":12,"turns":4},{"damage":89,"enemies":"The Guardian","floor":16,"turns":10}],"seed_played":"5937666270134019768","potions_obtained":[{"floor":2,"key":"SkillPotion"},{"floor":10,"key":"Weak Potion"}],"is_trial":false,"path_per_floor":["M","M","$","?","M","R","E","R","T","M","?","E","R","?","R","B"],"character_chosen":"IRONCLAD","items_purchased":["Headbutt"],"campfire_rested":3,"item_purchase_floors":[3],"current_hp_per_floor":[68,69,80,80,80,80,46,70,70,37,57,31,55,39,63,0,0],"gold":342,"neow_bonus":"RANDOM_COMMON_RELIC","is_daily":false,"chose_seed":false,"campfire_upgraded":1,"win_rate":0.0,"timestamp":1609905492,"path_taken":["M","M","$","?","M","R","E","R","T","M","?","E","R","?","R","BOSS"],"items_purchased_type":["Card"],"build_version":"2020-12-22","purchased_purges":0,"victory":false,"max_hp_per_floor":[80,80,80,80,80,80,80,80,80,80,80,80,80,80,80,80,80],"card_choices":[{"not_picked":["Twin Strike","Burning Pact"],"picked":"Heavy Blade","floor":1},{"not_picked":["Armaments","Clothesline"],"picked":"Anger","floor":2},{"not_picked":["Infernal Blade","Armaments"],"picked":"Perfected Strike","floor":5},{"not_picked":["Intimidate","Spot Weakness"],"picked":"Battle Trance","floor":7},{"not_picked":["Sword Boomerang","Armaments"],"picked":"Cleave","floor":10},{"not_picked":["Perfected Strike","Clash"],"picked":"Feed","floor":12}],"player_experience":635683,"relics_obtained":[{"floor":7,"key":"Bag of Marbles"},{"floor":9,"key":"Tiny Chest"},{"floor":12,"key":"Kunai"}],"event_choices":[{"damage_healed":0,"gold_gain":175,"player_choice":"AGREE","damage_taken":0,"max_hp_gain":0,"max_hp_loss":0,"event_name":"Liars Game","floor":4,"gold_loss":0,"cards_obtained":["Doubt"]},{"damage_healed":20,"gold_gain":0,"player_choice":"Healed","damage_taken":0,"max_hp_gain":0,"max_hp_loss":0,"event_name":"The Cleric","floor":11,"gold_loss":35},{"damage_healed":0,"gold_gain":0,"player_choice":"Entered Light","damage_taken":16,"max_hp_gain":0,"max_hp_loss":0,"event_name":"Shining Light","floor":14,"gold_loss":0,"cards_upgraded":["Bash","Perfected Strike"]}],"is_beta":false,"boss_relics":[],"items_purged_floors":[],"is_endless":false,"potions_floor_spawned":[2,10],"killed_by":"The Guardian","ascension_level":6}}