{"host":"n4oa921u88t6jog9","time":1609939576,"event":{"mods":["AchievementEnabler","BaseMod","DeckTracker","Keyboard Shortcuts","Minty Spire (QoL Compilation)","Quick Restart","StSLib","SuperFastMode"],"gold_per_floor":[114,114,126,175,191,220,62,62,62],"floor_reached":8,"playtime":295,"items_purged":["Defend_G"],"score":109,"play_id":"099f5d35-b0ae-4b8f-98fd-6547a6b3b85a","local_time":"20210106222616","is_ascension_mode":true,"campfire_choices":[],"circlet_count":0,"master_deck":["AscendersBane","Strike_G","Strike_G","Strike_G","Strike_G","Strike_G","Defend_G","Defend_G","Defend_G","Survivor","Neutralize","Adrenaline","Flying Knee","Blur","Slice","Footwork","Dagger Spray","Acrobatics"],"relics":["Ring of the Snake","Smiling Mask","Blue Candle"],"acts_visited":["Exordium"],"potions_floor_usage":[],"damage_taken":[{"damage":7.0,"enemies":"Jaw Worm","floor":1.0,"turns":8.0},{"damage":1.0,"enemies":"2 Louse","floor":3.0,"turns":3.0},{"damage":0.0,"enemies":"Cultist","floor":5.0,"turns":4.0},{"damage":19.0,"enemies":"3 Sentries","floor":6.0,"turns":10.0},{"damage":26,"enemies":"Gremlin Nob","floor":8,"turns":3}],"seed_played":"5329144254465584601","potions_obtained":[{"floor":3.0,"key":"SpeedPotion"},{"floor":5.0,"key":"Strength Potion"},{"floor":6.0,"key":"Fire Potion"}],"is_trial":false,"path_per_floor":["M","?","M","T","M","E","$","E"],"character_chosen":"THE_SILENT","items_purchased":["Dagger Spray","Acrobatics"],"campfire_rested":0,"item_purchase_floors":[7,7],"current_hp_per_floor":[52,45,44,44,44,25,25,0,0],"gold":62,"neow_bonus":"ONE_RANDOM_RARE_CARD","is_daily":false,"chose_seed":false,"campfire_upgraded":0,"win_rate":0.0,"timestamp":1609939576,"path_taken":["M","?","M","?","M","E","$","E"],"items_purchased_type":["Card","Card"],"build_version":"2020-12-22","purchased_purges":1,"victory":false,"max_hp_per_floor":[66,66,66,66,66,66,66,66,66],"card_choices":[{"not_picked":["PiercingWail","Outmaneuver"],"picked":"Flying Knee","floor":1.0},{"not_picked":["Slice","Outmaneuver"],"picked":"Blur","floor":3.0},{"not_picked":["Infinite Blades","Deflect"],"picked":"Slice","floor":5.0},{"not_picked":["Calculated Gamble","Backstab"],"picked":"Footwork","floor":6.0}],"player_experience":385456,"relics_obtained":[{"floor":4.0,"key":"Smiling Mask"},{"floor":6.0,"key":"Blue Candle"}],"event_choices":[{"cards_removed":["Defend_G"],"damage_healed":0.0,"max_hp_gain":0.0,"max_hp_loss":0.0,"gold_gain":0.0,"event_name":"Golden Wing","player_choice":"Card Removal","floor":2.0,"gold_loss":0.0,"damage_taken":7.0}],"is_beta":false,"boss_relics":[],"items_purged_floors":[7],"is_endless":false,"potions_floor_spawned":[3,5,6],"killed_by":"Gremlin Nob","ascension_level":19}}