{"host":"2lo6hma6kymb0g9i","time":1609959440,"event":{"mods":["BaseMod","Colored Map","DeckTracker","Minty Spire (QoL Compilation)"],"gold_per_floor":[111,131,148,158,176,176,210,210,287,314,314,339,403,436,436,535,535,555,555,581,581,496,496,496,496],"floor_reached":24,"playtime":1604,"items_purged":[],"score":254,"play_id":"a184fde3-3711-4559-a000-a90d8401fc0e","local_time":"20210107035720","is_ascension_mode":true,"campfire_choices":[{"data":"Dualcast","floor":6,"key":"SMITH"},{"data":"Redo","floor":11,"key":"SMITH"},{"floor":15,"key":"REST"},{"data":"Hologram","floor":23,"key":"SMITH"}],"circlet_count":0,"master_deck":["Strike_B","Strike_B","Defend_B","Defend_B","Defend_B","Defend_B","Zap","Dualcast+1","Electrodynamics","Rip and Tear","BootSequence","Melter","Redo+1","Hologram+1","Conserve Battery","Go for the Eyes+1","Loop","Ball Lightning+1","Echo Form"],"relics":["Cracked Core","Juzu Bracelet","Molten Egg 2","Odd Mushroom","Unceasing Top","MealTicket","Dream Catcher","Busted Crown","Red Mask","Omamori"],"acts_visited":["Exordium","TheCity"],"potions_floor_usage":[5,13,16,20,24],"damage_taken":[{"damage":0,"enemies":"Cultist","floor":1,"turns":3},{"damage":2,"enemies":"Jaw Worm","floor":2,"turns":2},{"damage":0,"enemies":"2 Louse","floor":3,"turns":2},{"damage":8,"enemies":"Blue Slaver","floor":4,"turns":4},{"damage":7,"enemies":"Gremlin Gang","floor":5,"turns":3},{"damage":10,"enemies":"3 Sentries","floor":7,"turns":3},{"damage":6,"enemies":"The Mushroom Lair","floor":10,"turns":3},{"damage":30,"enemies":"Lagavulin","floor":12,"turns":4},{"damage":13,"enemies":"3 Sentries","floor":13,"turns":3},{"damage":24,"enemies":"Gremlin Nob","floor":14,"turns":4},{"damage":3,"enemies":"The Guardian","floor":16,"turns":9},{"damage":23,"enemies":"2 Thieves","floor":18,"turns":3},{"damage":30,"enemies":"Masked Bandits","floor":20,"turns":3},{"damage":26,"enemies":"Book of Stabbing","floor":24,"turns":3}],"seed_played":"-6773426020299368435","potions_obtained":[{"floor":1,"key":"Fire Potion"},{"floor":3,"key":"BlessingOfTheForge"},{"floor":5,"key":"Strength Potion"},{"floor":7,"key":"EssenceOfSteel"},{"floor":10,"key":"Ancient Potion"},{"floor":18,"key":"SpeedPotion"},{"floor":19,"key":"PowerPotion"},{"floor":19,"key":"GamblersBrew"}],"is_trial":false,"path_per_floor":["M","M","M","M","M","R","E","?","T","?","R","E","?","E","R","B",null,"M","?","?","?","?","R","E"],"character_chosen":"DEFECT","items_purchased":[],"campfire_rested":1,"item_purchase_floors":[],"current_hp_per_floor":[75,73,73,65,58,58,48,75,75,69,69,39,26,2,24,21,75,52,52,22,22,22,22,0,0],"gold":496,"neow_bonus":"TRANSFORM_CARD","is_daily":false,"chose_seed":false,"campfire_upgraded":3,"win_rate":0.0,"timestamp":1609959440,"path_taken":["M","M","?","M","M","R","E","?","T","?","R","E","?","E","R","BOSS","M","?","?","?","?","R","E"],"items_purchased_type":[],"build_version":"2020-12-22","purchased_purges":0,"victory":false,"max_hp_per_floor":[75,75,75,75,75,75,75,75,75,75,75,75,75,75,75,75,75,75,75,75,75,75,75,75,75],"card_choices":[{"not_picked":["Heatsinks","Scrape"],"picked":"Rip and Tear","floor":1},{"not_picked":["Steam Power","Gash"],"picked":"BootSequence","floor":2},{"not_picked":["Steam","Cold Snap"],"picked":"Melter","floor":3},{"not_picked":["Gash","Melter","Steam Power"],"picked":"SKIP","floor":4},{"not_picked":["Streamline","Coolheaded"],"picked":"Redo","floor":5},{"not_picked":["Sweeping Beam","Scrape"],"picked":"Hologram","floor":7},{"not_picked":["Turbo","Barrage+1"],"picked":"Conserve Battery","floor":10},{"not_picked":["Hello World","Chill"],"picked":"Go for the Eyes+1","floor":12},{"not_picked":["Streamline+1","Creative AI"],"picked":"Loop","floor":13},{"not_picked":["Glacier","Amplify"],"picked":"Ball Lightning+1","floor":14},{"not_picked":["Seek","Amplify"],"picked":"Echo Form","floor":16},{"not_picked":["Compile Driver+1"],"picked":"SKIP","floor":18}],"player_experience":932366,"relics_obtained":[{"floor":7,"key":"Juzu Bracelet"},{"floor":9,"key":"Molten Egg 2"},{"floor":10,"key":"Odd Mushroom"},{"floor":12,"key":"Unceasing Top"},{"floor":13,"key":"MealTicket"},{"floor":14,"key":"Dream Catcher"},{"floor":20,"key":"Red Mask"}],"event_choices":[{"damage_healed":27,"gold_gain":0,"player_choice":"Full Heal","damage_taken":0,"max_hp_gain":0,"max_hp_loss":0,"event_name":"Wheel of Change","floor":8,"gold_loss":0},{"damage_healed":0,"gold_gain":0,"player_choice":"Fought Mushrooms","damage_taken":0,"max_hp_gain":0,"max_hp_loss":0,"event_name":"Mushrooms","floor":10,"gold_loss":0},{"damage_healed":0,"gold_gain":0,"player_choice":"Searched \u00272\u0027 times","damage_taken":0,"max_hp_gain":0,"max_hp_loss":0,"event_name":"Dead Adventurer","floor":13,"gold_loss":0},{"damage_healed":0,"gold_gain":0,"player_choice":"Got Potions","damage_taken":0,"max_hp_gain":0,"max_hp_loss":0,"event_name":"Lab","floor":19,"gold_loss":0},{"damage_healed":0,"gold_gain":0,"player_choice":"Fought Bandits","damage_taken":0,"max_hp_gain":0,"max_hp_loss":0,"event_name":"Masked Bandits","floor":20,"gold_loss":0},{"cards_removed":["Strike_B"],"damage_healed":0,"gold_gain":0,"player_choice":"Purged","damage_taken":0,"max_hp_gain":0,"max_hp_loss":0,"event_name":"Purifier","floor":21,"gold_loss":0},{"damage_healed":0,"gold_gain":0,"player_choice":"Obtained Relic","damage_taken":0,"relics_obtained":["Omamori"],"max_hp_gain":0,"max_hp_loss":0,"event_name":"Addict","floor":22,"gold_loss":85}],"is_beta":false,"boss_relics":[{"not_picked":["SacredBark","FrozenCore"],"picked":"Busted Crown"}],"items_purged_floors":[],"is_endless":false,"potions_floor_spawned":[1,3,5,7,10,18],"killed_by":"Book of Stabbing","ascension_level":4}}