{"host":"h23hlq20ir8sps7h","time":1609945510,"event":{"mods":["Act Like it!","Aspiration","BaseMod","BetterRewards","Colored Map","Conspire","Energized Spire","Friendly Minions","GifTheSpireLib","Halation","Hubris","Ironclad Rager","Minty Spire (QoL Compilation)","Permanent Neow","Prisma Mod","Quarter Circle Forward PUNCH!","Quick Restart","Railgun Mod","Remilia??????","Replay The Spire","SCP261 Mod","Shop Mod","Spikes Relics","StSLib","Stuff the Spire","The Animator","The Hierophant","The Problem Sleuth","The Runesmith","The Sage","Trackpad","Wandering Minibosses","vexMod"],"gold_per_floor":[116,126,151,165,185,185,217,231,255,269,286,316,328,328,328,429,429,448,448,388,388],"floor_reached":20,"playtime":1545,"items_purged":[],"score":215,"play_id":"5454e06f-9ce5-4972-bc54-1ff7275eb9e5","local_time":"20210106070510","is_ascension_mode":false,"campfire_choices":[{"floor":6.0,"key":"RECALL"},{"data":"TheRailgun:Heroinism","floor":15.0,"key":"SMITH"}],"circlet_count":0,"master_deck":["PrismaMod:IllyaCommonAttack","PrismaMod:IllyaCommonDefend","PrismaMod:IllyaCommonAttack","PrismaMod:IllyaCommonDefend","PrismaMod:IllyaCommonAttack","PrismaMod:IllyaCommonDefend","PrismaMod:IllyaCommonAttack","PrismaMod:IllyaCommonDefend","PrismaMod:IllyaCommonAttack","PrismaMod:IllyaCommonDefend","PrismaMod:IllyaUncommonAttack","PrismaMod:IllyaUncommonDefend","TheRailgun:Electrical_Fire","TheRailgun:Heroinism+1","PrismaMod:IllyaBlindPoisonToss","TheRailgun:Positive_Field","PrismaMod:IllyaHassanGift","PrismaMod:MiyuUberAttack","PrismaMod:IllyaInstallMoonCancer","TheRailgun:Battery_Pack","PrismaMod:IllyaPartialInstallAssassin","PrismaMod:IllyaCarnivalOrbs","PrismaMod:IllyaStunPoison","Regret","PrismaMod:IllyaCarnivalDefend","PrismaMod:IllyaHassanGift+1","PrismaMod:IllyaGun"],"relics":["PrismaMod:PrismaRuby","Runesmith:AutoHammer","conspire:DecoderRing","Nunchaku","hubris:TinFlute","StuffTheSpire:RedRose","SlaversCollar","PrismaticShard"],"acts_visited":["Exordium","TheCity"],"potions_floor_usage":[],"damage_taken":[{"damage":1.0,"enemies":"2 Louse","floor":1.0,"turns":4.0},{"damage":0.0,"enemies":"conspire:RoseBush","floor":2.0,"turns":2.0},{"damage":18.0,"enemies":"conspire:MimicChest","floor":3.0,"turns":5.0},{"damage":0.0,"enemies":"Cultist","floor":4.0,"turns":4.0},{"damage":5.0,"enemies":"conspire:2 RoseBushes","floor":5.0,"turns":5.0},{"damage":0.0,"enemies":"Lagavulin","floor":7.0,"turns":8.0},{"damage":3.0,"enemies":"3 Louse","floor":8.0,"turns":4.0},{"damage":7.0,"enemies":"Blue Slaver","floor":10.0,"turns":5.0},{"damage":11.0,"enemies":"Looter","floor":11.0,"turns":4.0},{"damage":16.0,"enemies":"Gremlin Nob","floor":12.0,"turns":4.0},{"damage":3.0,"enemies":"Red Slaver","floor":13.0,"turns":3.0},{"damage":21.0,"enemies":"The Guardian","floor":16.0,"turns":8.0},{"damage":17,"enemies":"Spheric Guardian","floor":18,"turns":5},{"damage":30,"enemies":"2 Thieves","floor":20,"turns":4}],"seed_played":"-2361295985106419767","potions_obtained":[{"floor":2.0,"key":"LiquidMemories"},{"floor":4.0,"key":"Adrenaline Potion"},{"floor":5.0,"key":"Block Potion"},{"floor":11.0,"key":"Weak Potion"}],"is_trial":false,"path_per_floor":["M","M","?","M","M","R","E","M","T","M","M","E","M","?","R","B",null,"M","?","M"],"character_chosen":"ILLYA","items_purchased":[],"campfire_rested":0,"item_purchase_floors":[],"current_hp_per_floor":[74,74,56,56,51,51,51,52,52,49,42,30,31,31,31,14,75,62,54,24,24],"gold":388,"neow_bonus":"RANDOM_COMMON_RELIC","is_daily":false,"chose_seed":false,"campfire_upgraded":1,"win_rate":0.0,"timestamp":1609945510,"path_taken":["M","M","?","M","M","R","E","?","T","M","M","E","M","?","R","BOSS","M","?","M"],"items_purchased_type":[],"build_version":"2020-12-22","purchased_purges":0,"victory":false,"max_hp_per_floor":[75,75,75,75,75,75,75,75,75,75,75,75,75,75,75,75,75,75,75,75,75],"card_choices":[{"not_picked":["PrismaMod:IllyaUpgradeOrbs","PrismaMod:IllyaAOECommonAttack"],"picked":"TheRailgun:Electrical_Fire","floor":1.0},{"not_picked":["TheRailgun:Coin_Flip","PrismaMod:IllyaUberPoisonBlock"],"picked":"TheRailgun:Heroinism","floor":2.0},{"not_picked":["TheRailgun:Coin_Flip","PrismaMod:MiyuMaid"],"picked":"PrismaMod:IllyaBlindPoisonToss","floor":3.0},{"not_picked":["PrismaMod:MiyuCheapChannelWeak","PrismaMod:IllyaAssassinRevenge"],"picked":"TheRailgun:Positive_Field","floor":4.0},{"not_picked":["TheRailgun:Positive_Field","PrismaMod:IllyaCheapChannelAttack"],"picked":"PrismaMod:IllyaHassanGift","floor":5.0},{"not_picked":["TheRailgun:Static","PrismaMod:IllyaGun"],"picked":"PrismaMod:MiyuUberAttack","floor":7.0},{"not_picked":["PrismaMod:IllyaEvokeAll","PrismaMod:MiyuMaid"],"picked":"PrismaMod:IllyaInstallMoonCancer","floor":8.0},{"not_picked":["PrismaMod:MiyuCheapChannelRandom","PrismaMod:IllyaCommonEvoke"],"picked":"TheRailgun:Battery_Pack","floor":10.0},{"not_picked":["PrismaMod:MiyuCheapChannelWeak","TheRailgun:Iron_Dust_Vial"],"picked":"PrismaMod:IllyaPartialInstallAssassin","floor":11.0},{"not_picked":["PrismaMod:IllyaRussianRoulette","PrismaMod:MiyuCommonAOEAttack"],"picked":"PrismaMod:IllyaCarnivalOrbs","floor":12.0},{"not_picked":["PrismaMod:IllyaCheapDefend","PrismaMod:IllyaRussianRoulette"],"picked":"PrismaMod:IllyaStunPoison","floor":13.0},{"not_picked":["PrismaMod:IllyaZwei","PrismaMod:IllyaCarnivalAttack"],"picked":"PrismaMod:IllyaCarnivalDefend","floor":16.0},{"not_picked":["PrismaMod:IllyaGrailKun","PrismaMod:IllyaUncommonAttack"],"picked":"PrismaMod:IllyaHassanGift+1","floor":18},{"not_picked":["TheRailgun:Thunderjolt","PrismaMod:MiyuUncommonDefend"],"picked":"PrismaMod:IllyaGun","floor":19}],"player_experience":254445,"relics_obtained":[{"floor":3.0,"key":"conspire:DecoderRing"},{"floor":7.0,"key":"Nunchaku"},{"floor":12.0,"key":"hubris:TinFlute"},{"floor":19,"key":"PrismaticShard"}],"event_choices":[],"is_beta":false,"boss_relics":[{"not_picked":["halation:Yufonium","Cursed Key"],"picked":"SlaversCollar"}],"items_purged_floors":[],"is_endless":false,"potions_floor_spawned":[2,4,5,11,13],"killed_by":"2 Thieves","ascension_level":0}}