{"host":"fevvm7bbzuh4s1jc","time":1609904118,"event":{"mods":["BaseMod","Highlight Path","Minty Spire (QoL Compilation)","Relic Stats"],"gold_per_floor":[111,386,397,417,12,12,25,25,80,80,80,108,120,150,150,221,221,233,233,247,52,0,25,43,43,43,53,53,81,81,95,95,95,95],"floor_reached":33,"playtime":1673,"items_purged":["Regret"],"score":640,"play_id":"d7c2dbcd-cc7e-48d2-9cfc-d7cd0bb49d81","local_time":"20210105223518","is_ascension_mode":true,"campfire_choices":[{"data":"Dagger Spray","floor":6.0,"key":"SMITH"},{"data":"Neutralize","floor":8.0,"key":"SMITH"},{"data":"Cloak And Dagger","floor":10.0,"key":"SMITH"},{"data":"Deadly Poison","floor":15.0,"key":"SMITH"},{"data":"Doppelganger","floor":25.0,"key":"SMITH"},{"data":"Cloak And Dagger","floor":28.0,"key":"SMITH"},{"data":"Sucker Punch","floor":30.0,"key":"SMITH"},{"data":"Dodge and Roll","floor":32.0,"key":"SMITH"}],"circlet_count":0,"master_deck":["AscendersBane","Strike_G","Strike_G","Strike_G","Strike_G","Defend_G","Defend_G","Defend_G","Defend_G","Defend_G","Survivor","Neutralize+1","Sucker Punch+1","Deadly Poison+1","Bouncing Flask","Dagger Spray+1","Cloak And Dagger+1","Dagger Throw","Dodge and Roll+1","Doppelganger+1","Cloak And Dagger+1","Concentrate+1","PiercingWail","Underhanded Strike","Terror","Endless Agony"],"relics":["Ring of the Snake","PreservedInsect","Anchor","Oddly Smooth Stone","Vajra","Bronze Scales","Runic Pyramid","Sling","Centennial Puzzle","Bag of Preparation","Ornamental Fan","Regal Pillow"],"acts_visited":["Exordium","TheCity"],"potions_floor_usage":[33],"damage_taken":[{"damage":2.0,"enemies":"Jaw Worm","floor":1.0,"turns":6.0},{"damage":5.0,"enemies":"Cultist","floor":3.0,"turns":5.0},{"damage":5.0,"enemies":"Small Slimes","floor":4.0,"turns":4.0},{"damage":1.0,"enemies":"Blue Slaver","floor":7.0,"turns":3.0},{"damage":2.0,"enemies":"Lagavulin","floor":12.0,"turns":3.0},{"damage":0.0,"enemies":"Exordium Thugs","floor":13.0,"turns":3.0},{"damage":1.0,"enemies":"3 Sentries","floor":14.0,"turns":4.0},{"damage":34.0,"enemies":"The Guardian","floor":16.0,"turns":10.0},{"damage":0.0,"enemies":"3 Byrds","floor":18.0,"turns":2.0},{"damage":3.0,"enemies":"2 Thieves","floor":20.0,"turns":4.0},{"damage":19.0,"enemies":"Gremlin Leader","floor":23.0,"turns":6.0},{"damage":0.0,"enemies":"Snake Plant","floor":24.0,"turns":4.0},{"damage":0.0,"enemies":"Snecko","floor":27.0,"turns":5.0},{"damage":0.0,"enemies":"Book of Stabbing","floor":29.0,"turns":4.0},{"damage":0.0,"enemies":"Chosen and Byrds","floor":31.0,"turns":4.0},{"damage":28,"enemies":"Champ","floor":33,"turns":12}],"seed_played":"6352466454448051099","potions_obtained":[{"floor":12.0,"key":"Dexterity Potion"},{"floor":14.0,"key":"ColorlessPotion"},{"floor":20.0,"key":"SpeedPotion"},{"floor":23.0,"key":"Weak Potion"},{"floor":29.0,"key":"Strength Potion"}],"is_trial":false,"path_per_floor":["M","?","M","M","$","R","M","R","T","R","?","E","M","E","R","B",null,"M","?","M","$","?","E","M","R","T","M","R","E","R","M","R","B"],"character_chosen":"THE_SILENT","items_purchased":["Anchor","Dagger Spray","Fire Potion","SteroidPotion","Sling","PiercingWail"],"campfire_rested":0,"item_purchase_floors":[5,5,5,5,21,21],"current_hp_per_floor":[57,57,52,47,47,47,46,46,46,46,39,37,37,36,36,2,50,50,50,47,47,47,28,28,28,28,28,28,28,28,28,28,0,0],"gold":95,"neow_bonus":"RANDOM_COMMON_RELIC","is_daily":false,"chose_seed":false,"campfire_upgraded":8,"win_rate":0.0,"timestamp":1609904118,"path_taken":["M","?","M","?","$","R","M","R","T","R","?","E","M","E","R","BOSS","M","?","M","$","?","E","?","R","T","M","R","E","R","M","R","BOSS"],"items_purchased_type":["Relic","Card","Potion","Potion","Relic","Card"],"build_version":"2020-12-22","purchased_purges":1,"victory":false,"max_hp_per_floor":[66,66,66,66,66,66,66,66,66,66,66,66,66,66,66,66,66,66,66,66,66,66,66,66,66,66,66,66,66,66,66,66,66,66],"relic_stats":{"Centennial Puzzle":[6],"Regal Pillow":0,"counters":[16,79],"Ornamental Fan":[68],"Bronze Scales":[213],"PreservedInsect":150,"Bag of Preparation":[10],"obtain_stats":[{"Anchor":5,"Centennial Puzzle":22,"Regal Pillow":29,"Ornamental Fan":26,"Bronze Scales":14,"Oddly Smooth Stone":9,"Vajra":12,"PreservedInsect":0,"Bag of Preparation":23,"Sling":21,"Ring of the Snake":0,"Runic Pyramid":17},{"Anchor":3,"Centennial Puzzle":10,"Regal Pillow":14,"Ornamental Fan":12,"Bronze Scales":7,"Oddly Smooth Stone":4,"Vajra":5,"PreservedInsect":0,"Bag of Preparation":11,"Sling":10,"Ring of the Snake":0,"Runic Pyramid":8},{"Anchor":15,"Centennial Puzzle":44,"Regal Pillow":63,"Ornamental Fan":54,"Bronze Scales":28,"Oddly Smooth Stone":18,"Vajra":21,"PreservedInsect":0,"Bag of Preparation":50,"Sling":44,"Ring of the Snake":0,"Runic Pyramid":38}],"Ring of the Snake":[33]},"card_choices":[{"not_picked":["Cloak And Dagger","Underhanded Strike"],"picked":"Sucker Punch","floor":1.0},{"not_picked":["Acrobatics","Bane"],"picked":"Deadly Poison","floor":3.0},{"not_picked":["Bullet Time","Prepared"],"picked":"Bouncing Flask","floor":4.0},{"not_picked":["Underhanded Strike","Acrobatics"],"picked":"Cloak And Dagger","floor":7.0},{"not_picked":["Backflip","Expertise"],"picked":"Dagger Throw","floor":12.0},{"not_picked":["Concentrate","Setup"],"picked":"Dodge and Roll","floor":13.0},{"not_picked":["Sucker Punch","Eviscerate","Bane"],"picked":"SKIP","floor":14.0},{"not_picked":["Sucker Punch","Eviscerate","Bane"],"picked":"SKIP","floor":14.0},{"not_picked":["Night Terror","Grand Finale"],"picked":"Doppelganger","floor":16.0},{"not_picked":["Terror","Prepared"],"picked":"Cloak And Dagger","floor":18.0},{"not_picked":["Flechettes","Deflect"],"picked":"Concentrate+1","floor":20.0},{"not_picked":["Acrobatics","Flying Knee+1"],"picked":"Underhanded Strike","floor":23.0},{"not_picked":["Distraction","Skewer"],"picked":"Terror","floor":24.0},{"not_picked":["Acrobatics","Reflex"],"picked":"Endless Agony","floor":27.0},{"not_picked":["Deflect","Underhanded Strike","Dagger Spray"],"picked":"SKIP","floor":29.0},{"not_picked":["Acrobatics","Flying Knee","Dodge and Roll"],"picked":"SKIP","floor":31.0}],"player_experience":2661144,"relics_obtained":[{"floor":9.0,"key":"Oddly Smooth Stone"},{"floor":12.0,"key":"Vajra"},{"floor":14.0,"key":"Bronze Scales"},{"floor":23.0,"key":"Bag of Preparation"},{"floor":26.0,"key":"Ornamental Fan"},{"floor":29.0,"key":"Regal Pillow"}],"event_choices":[{"damage_healed":0.0,"max_hp_gain":0.0,"max_hp_loss":0.0,"gold_gain":275.0,"event_name":"Golden Shrine","player_choice":"Desecrate","floor":2.0,"gold_loss":0.0,"damage_taken":0.0,"cards_obtained":["Regret"]},{"cards_removed":["Strike_G"],"damage_healed":0.0,"max_hp_gain":0.0,"max_hp_loss":0.0,"gold_gain":0.0,"event_name":"Golden Wing","player_choice":"Card Removal","floor":11.0,"gold_loss":0.0,"damage_taken":7.0},{"damage_healed":0.0,"max_hp_gain":0.0,"max_hp_loss":0.0,"gold_gain":0.0,"event_name":"The Mausoleum","player_choice":"Ignored","floor":19.0,"gold_loss":0.0,"damage_taken":0.0},{"damage_healed":0.0,"max_hp_gain":0.0,"max_hp_loss":0.0,"gold_gain":0.0,"event_name":"WeMeetAgain","player_choice":"Paid Gold","floor":22.0,"gold_loss":52.0,"damage_taken":0.0,"relics_obtained":["Centennial Puzzle"]}],"is_beta":false,"boss_relics":[{"not_picked":["Ring of the Serpent","Pandora\u0027s Box"],"picked":"Runic Pyramid"}],"items_purged_floors":[5],"is_endless":false,"potions_floor_spawned":[7,12,14,20,23,29],"killed_by":"Champ","ascension_level":20}}