{"host":"b0l902yh1rk3g5bq","time":1609901019,"event":{"mods":["AchievementEnabler","Act Like it!","Aspiration","BaseMod","Better Match","Better Sensory Stone","Better Skull","Better Third Choice","BetterRewards","Challenge The Spire","Colored Map","Colored Powertips","Conspire","Downfall","Energized Spire","GifTheSpireLib","Halation","Hubris","Infinite Spire","Minty Spire (QoL Compilation)","Quick Restart","Rare Cards Sparkle","Replay The Spire","StSLib","Stuff the Spire","Trackpad","Virulent Crown","Wandering Minibosses","egg","everything is the same but u backflip on backflip","vexMod"],"gold_per_floor":[113,113,113,113,113,152,77,121,173,214,214,255,291,334,334,457,457,481,481,517,553,303,346,346,377,400,444,7,7,7,38,38,164,164,189,189,189,115,115,115,115,115],"floor_reached":41,"playtime":1675,"items_purged":["Dagger Throw","Hidden Blade","Deadly Poison","PiercingWail","Flying Knee"],"score":778,"play_id":"bbc29be5-cd17-44f8-b6af-bddc5f048cac","local_time":"20210106034339","daily_mods":["Draft","Heirloom","Flight","DeadlyEvents","Elite Swarm"],"is_ascension_mode":true,"campfire_choices":[{"floor":11,"key":"REST"},{"data":"Noxious Fumes","floor":15,"key":"SMITH"},{"data":"Envenom","floor":24,"key":"SMITH"},{"data":"infinitespire:Gouge","floor":30,"key":"SMITH"},{"data":"Adrenaline","floor":32,"key":"SMITH"}],"circlet_count":0,"master_deck":["Noxious Fumes+1","Poisoned Stab","Cloak And Dagger","Backstab","Dagger Spray","Deflect","Accuracy","Accuracy","Footwork","infinitespire:Gouge+1","infinitespire:Neurotoxin","Adrenaline+1","After Image","Leg Sweep","Die Die Die","Envenom+1","Corpse Explosion","Infinite Blades","infinitespire:Oblivion"],"relics":["Ring of the Snake","Counterbalance","Golden Idol","StuffTheSpire:Experiment12","ReplayFunnel","trackpad:ByrdBGone","halation:AfternoonTea","Sundial","infinitespire:Satchel","hubris:PeanutButter","Lantern","aspiration:PoetsPen_weak","Bronze Scales","StuffTheSpire:Barrel","StuffTheSpire:WitherSkull","Replay:Kaleidoscope","conspire:GiftBox","Tiny Chest","hubris:Metronome","halation:OrihimeAndHikoboshiSamaAndTears","trackpad:WindUpAutoDealer","Replay:Ringing Soul","trackpad:Trackpad","hexamod:BolsterEngine"],"acts_visited":["Exordium","TheCity","TheBeyond"],"potions_floor_usage":[],"damage_taken":[{"damage":0,"enemies":"Cultist","floor":1,"turns":3},{"damage":7,"enemies":"Lagavulin","floor":6,"turns":4},{"damage":12,"enemies":"3 Sentries","floor":8,"turns":5},{"damage":10,"enemies":"Gremlin Nob","floor":10,"turns":3},{"damage":3,"enemies":"Lagavulin","floor":12,"turns":4},{"damage":0,"enemies":"Gremlin Nob","floor":13,"turns":3},{"damage":0,"enemies":"3 Sentries","floor":14,"turns":4},{"damage":0,"enemies":"Slime Boss","floor":16,"turns":6},{"damage":0,"enemies":"3 Byrds","floor":18,"turns":3},{"damage":2,"enemies":"Book of Stabbing","floor":20,"turns":4},{"damage":8,"enemies":"Slavers","floor":21,"turns":4},{"damage":0,"enemies":"Gremlin Leader","floor":23,"turns":3},{"damage":6,"enemies":"Slavers","floor":25,"turns":4},{"damage":0,"enemies":"Book of Stabbing","floor":27,"turns":4},{"damage":10,"enemies":"Slavers","floor":31,"turns":3},{"damage":0,"enemies":"Champ","floor":33,"turns":5},{"damage":0,"enemies":"3 Darklings","floor":35,"turns":2},{"damage":0,"enemies":"Giant Head","floor":41,"turns":1}],"seed_played":"-50490989919334683","potions_obtained":[{"floor":6,"key":"Languid Potion"},{"floor":8,"key":"champ:CounterPotion"},{"floor":12,"key":"Strength Potion"},{"floor":18,"key":"PowerPotion"},{"floor":25,"key":"Regen Potion"}],"is_trial":true,"path_per_floor":["M","?","?","?","T","E","$","E","T","E","R","E","E","E","R","B",null,"M","?","E","E","$","E","R","E","T","E","$","AVR","R","E","R","B",null,"M","HB","?","$","?","AVR","E"],"character_chosen":"THE_SILENT","items_purchased":["StuffTheSpire:WitherSkull","halation:OrihimeAndHikoboshiSamaAndTears","Infinite Blades"],"campfire_rested":1,"item_purchase_floors":[22,28,38],"current_hp_per_floor":[70,53,53,53,53,46,46,34,34,24,43,54,54,54,54,54,65,65,65,63,55,55,55,55,49,49,49,49,49,49,50,50,58,68,68,34,34,37,37,40,40,40],"gold":115,"neow_bonus":"","is_daily":false,"chose_seed":false,"campfire_upgraded":4,"win_rate":0.0,"timestamp":1609901019,"path_taken":["M","?","?","?","?","E","$","E","T","E","R","E","E","E","R","BOSS","M","?","?","?","$","E","R","E","T","E","$","AVR","R","E","R","BOSS","M","HB","?","$","?","AVR","E"],"items_purchased_type":["Relic","Relic","Card"],"build_version":"2020-12-22","purchased_purges":5,"victory":false,"max_hp_per_floor":[70,70,70,65,65,65,65,65,65,65,65,65,65,65,65,65,65,65,65,65,65,65,65,65,65,65,65,65,65,65,68,68,68,68,68,34,34,37,37,40,40,40],"card_choices":[{"not_picked":["Quick Slash","Cloak And Dagger"],"picked":"Noxious Fumes","floor":0},{"not_picked":["Backflip","Predator"],"picked":"Poisoned Stab","floor":0},{"not_picked":["StuffTheSpire:ClusterCrunch","Blade Dance"],"picked":"Deadly Poison","floor":0},{"not_picked":["Fluid Movement","Backflip"],"picked":"Cloak And Dagger","floor":0},{"not_picked":["Masterful Stab","hubris:TrickCloak"],"picked":"Hidden Blade","floor":0},{"not_picked":["Outmaneuver","ReplayTheSpireMod:Tripwire"],"picked":"Dagger Throw","floor":0},{"not_picked":["StuffTheSpire:Injection","Underhanded Strike"],"picked":"Flying Knee","floor":0},{"not_picked":["PiercingWail","Outmaneuver"],"picked":"Backstab","floor":0},{"not_picked":["StuffTheSpire:BumpUp","Underhanded Strike"],"picked":"PiercingWail","floor":0},{"not_picked":["Slice","Flying Knee"],"picked":"Dagger Spray","floor":0},{"not_picked":["Poisoned Stab","Blade Dance"],"picked":"Deflect","floor":0},{"not_picked":["Eviscerate","StuffTheSpire:BumpUp"],"picked":"Accuracy","floor":0},{"not_picked":["Setup","StuffTheSpire:Incantation"],"picked":"Hidden Blade","floor":0},{"not_picked":["Dagger Spray","StuffTheSpire:Repulse"],"picked":"Accuracy","floor":0},{"not_picked":["Reflex","Bane"],"picked":"Footwork","floor":0},{"not_picked":["Acrobatics","Deadly Poison","Slice"],"picked":"SKIP","floor":1},{"not_picked":["infinitespire:Menacing","infinitespire:DeathsTouch"],"picked":"infinitespire:Gouge","floor":2},{"not_picked":["Adrenaline","Grand Finale"],"picked":"infinitespire:Neurotoxin","floor":6},{"not_picked":["Venomology","aspiration:Lunge","Grand Finale"],"picked":"SKIP","floor":8},{"not_picked":["ReplayTheSpireMod:From All Sides","Burst"],"picked":"Adrenaline","floor":10},{"not_picked":["Wraith Form v2","Bullet Time","Replay:Bag of Tricks"],"picked":"SKIP","floor":12},{"not_picked":["Unload","StuffTheSpire:FinalStruggle","Poison Darts"],"picked":"SKIP","floor":13},{"not_picked":["Wraith Form v2","StuffTheSpire:FinalStruggle"],"picked":"After Image","floor":14},{"not_picked":["Slice","Poisoned Stab"],"picked":"Leg Sweep","floor":18},{"not_picked":["ReplayTheSpireMod:Necrosis","infinitespire:Neurotoxin","Unload"],"picked":"SKIP","floor":20},{"not_picked":["StuffTheSpire:FinalStruggle","ReplayTheSpireMod:Necrosis"],"picked":"Die Die Die","floor":21},{"not_picked":["Corpse Explosion","Wraith Form v2"],"picked":"Envenom","floor":23},{"not_picked":["A Thousand Cuts","Die Die Die","Unload"],"picked":"SKIP","floor":25},{"not_picked":["Bullet Time","Night Terror","Atom Bomb"],"picked":"SKIP","floor":27},{"not_picked":["Doppelganger","Poison Darts"],"picked":"Corpse Explosion","floor":31},{"not_picked":["StuffTheSpire:Injection","Outmaneuver+1","StuffTheSpire:ClusterCrunch+1"],"picked":"SKIP","floor":35}],"player_experience":621284,"relics_obtained":[{"floor":5,"key":"StuffTheSpire:Experiment12"},{"floor":6,"key":"ReplayFunnel"},{"floor":8,"key":"trackpad:ByrdBGone"},{"floor":9,"key":"halation:AfternoonTea"},{"floor":10,"key":"Sundial"},{"floor":12,"key":"infinitespire:Satchel"},{"floor":13,"key":"hubris:PeanutButter"},{"floor":14,"key":"Lantern"},{"floor":20,"key":"Bronze Scales"},{"floor":21,"key":"StuffTheSpire:Barrel"},{"floor":23,"key":"Replay:Kaleidoscope"},{"floor":25,"key":"conspire:GiftBox"},{"floor":26,"key":"Tiny Chest"},{"floor":27,"key":"hubris:Metronome"},{"floor":31,"key":"Replay:Ringing Soul"}],"event_choices":[{"damage_healed":0,"gold_gain":0,"player_choice":"Lose Max HP","damage_taken":0,"relics_obtained":["Golden Idol"],"max_hp_gain":0,"max_hp_loss":5,"event_name":"Golden Idol","floor":4,"gold_loss":0},{"cards_removed":["Hidden Blade"],"damage_healed":5,"gold_gain":0,"player_choice":"Offered Common","damage_taken":0,"max_hp_gain":0,"max_hp_loss":0,"event_name":"Bonfire Elementals","floor":19,"gold_loss":0},{"cards_removed":["Hidden Blade"],"damage_healed":5,"gold_gain":0,"player_choice":"Offered Special","damage_taken":0,"max_hp_gain":0,"max_hp_loss":0,"event_name":"Bonfire Elementals","floor":19,"gold_loss":0},{"damage_healed":0,"gold_gain":0,"player_choice":"Ignored","damage_taken":0,"max_hp_gain":0,"max_hp_loss":0,"event_name":"Tomb of Lord Red Mask","floor":37,"gold_loss":0},{"damage_healed":0,"gold_gain":0,"player_choice":"Leave","damage_taken":0,"max_hp_gain":0,"max_hp_loss":0,"event_name":"conspire:Investor","floor":39,"gold_loss":0}],"is_beta":false,"boss_relics":[{"not_picked":["Kintsugi","conspire:RoyalGoblet"],"picked":"aspiration:PoetsPen_weak"},{"not_picked":["hubris:GrandSneckoEye","hubris:Stopwatch"],"picked":"trackpad:Trackpad"}],"items_purged_floors":[7,22,28,29,40],"is_endless":false,"potions_floor_spawned":[6,8,12,14,18,20,25,35],"killed_by":"Giant Head","ascension_level":1}}