{"host":"exhp4inpfmbngj23","time":1609946654,"event":{"mods":["Abigail Mod","BaseMod","Friendly Minions","Gremlin Mod","Kiyohime????","Minty Spire (QoL Compilation)","StSLib","The Alterego"],"gold_per_floor":[118,128,147,147,7,34,34,109,163,104,118,150,150,167,167,265,265,284,284,303,303,321,321,57,57,57,72,72,105,55,73,73,173,223,234,249,249,259,70,70,83,83,109,109,127,161,211,211,211,211,211],"floor_reached":50,"playtime":3988,"items_purged":[],"score":545,"play_id":"85f79eb6-d5a7-4989-9f56-6e2fe814db64","local_time":"20210106072414","is_ascension_mode":false,"campfire_choices":[{"floor":7,"key":"REST"},{"floor":13,"key":"REST"},{"data":"Gremlin:ShadowShiv","floor":15,"key":"SMITH"},{"floor":25,"key":"REST"},{"floor":32,"key":"REST"},{"floor":42,"key":"REST"},{"floor":44,"key":"REST"}],"circlet_count":0,"master_deck":["Gremlin:Strike","Gremlin:Strike","Gremlin:Strike","Gremlin:Strike","Gremlin:Defend","Gremlin:Defend","Gremlin:Defend","Gremlin:Defend+1","Gremlin:TagTeam","Gremlin:GremlinDance","Gremlin:BulkUp","Gremlin:GremlinArms","Gremlin:CatScratch","Gremlin:ShadowShiv+1","Gremlin:Mockery","Gremlin:Pinprick","Gremlin:CounterStrike","Gremlin:Heckle","Gremlin:Nob","Gremlin:Pinprick","Gremlin:ToeStub","Gremlin:Pretaliation","Panache","Dramatic Entrance","Gremlin:GremlinArms","Gremlin:Jeer","Gremlin:Fury","Gremlin:Polish","Gremlin:Changeo","Gremlin:DaggerDance","Gremlin:Irritability+1","Gremlin:PourSalt","Gremlin:Glimmer","Gremlin:Jeer+1","Gremlin:BurlyBlow+1","Writhe"],"relics":["Gremlin:GremlinKnob","Gremlin:SupplyScroll","Art of War","Oddly Smooth Stone","Busted Crown","Gremlin:WizardStaff","Bird Faced Urn","Tiny House","Bag of Marbles","Mummified Hand","FossilizedHelix"],"acts_visited":["Exordium","TheCity","TheBeyond"],"potions_floor_usage":[6,12,22,23,31,33,38,39,41,46,47],"damage_taken":[{"damage":5,"enemies":"Cultist","floor":1,"turns":4},{"damage":0,"enemies":"Jaw Worm","floor":2,"turns":5},{"damage":8,"enemies":"2 Louse","floor":3,"turns":4},{"damage":17,"enemies":"Lagavulin","floor":6,"turns":7},{"damage":1,"enemies":"Red Slaver","floor":11,"turns":6},{"damage":2,"enemies":"3 Sentries","floor":12,"turns":5},{"damage":3,"enemies":"Exordium Wildlife","floor":14,"turns":4},{"damage":10,"enemies":"The Guardian","floor":16,"turns":18},{"damage":0,"enemies":"Spheric Guardian","floor":18,"turns":4},{"damage":0,"enemies":"Chosen","floor":20,"turns":5},{"damage":8,"enemies":"Shelled Parasite and Fungi","floor":22,"turns":5},{"damage":0,"enemies":"Book of Stabbing","floor":23,"turns":1},{"damage":0,"enemies":"Snecko","floor":27,"turns":4},{"damage":4,"enemies":"Gremlin Leader","floor":29,"turns":6},{"damage":8,"enemies":"Centurion and Healer","floor":31,"turns":5},{"damage":7,"enemies":"Champ","floor":33,"turns":12},{"damage":4,"enemies":"Orb Walker","floor":35,"turns":5},{"damage":4,"enemies":"3 Shapes","floor":36,"turns":3},{"damage":42,"enemies":"Writhing Mass","floor":38,"turns":9},{"damage":25,"enemies":"Transient","floor":41,"turns":5},{"damage":13,"enemies":"3 Darklings","floor":45,"turns":6},{"damage":72,"enemies":"Reptomancer","floor":46,"turns":6},{"damage":33,"enemies":"Mind Bloom Boss Battle","floor":47,"turns":10},{"damage":89,"enemies":"Donu and Deca","floor":50,"turns":6}],"seed_played":"3276693448857045718","potions_obtained":[{"floor":3,"key":"LiquidMemories"},{"floor":6,"key":"DistilledChaos"},{"floor":11,"key":"SmokeBomb"},{"floor":16,"key":"ColorlessPotion"},{"floor":18,"key":"SpeedPotion"},{"floor":22,"key":"LiquidBronze"},{"floor":34,"key":"Fire Potion"},{"floor":35,"key":"Weak Potion"},{"floor":41,"key":"DuplicationPotion"},{"floor":46,"key":"AttackPotion"}],"is_trial":false,"path_per_floor":["M","M","M","?","$","E","R","?","T","?","M","E","R","M","R","B",null,"M","?","M","?","M","E","$","R","T","M","?","E","?","M","R","B",null,"M","M","?","M","$","R","M","R","T","R","M","E","?","?","R","B"],"character_chosen":"GREMLIN","items_purchased":["Gremlin:ShadowShiv","Panache","Dramatic Entrance","Gremlin:PourSalt","Gremlin:Glimmer","Fruit Juice"],"campfire_rested":6,"item_purchase_floors":[5,24,24,39,39,39],"current_hp_per_floor":[16,21,16,17,17,17,22,19,19,19,13,19,22,22,22,4,22,22,22,22,22,14,14,14,20,20,20,20,22,22,18,22,17,23,23,19,19,23,24,23,2,8,8,14,20,22,6,12,12,0,0],"gold":211,"neow_bonus":"TEN_PERCENT_HP_BONUS","is_daily":false,"chose_seed":false,"campfire_upgraded":1,"win_rate":0.0,"timestamp":1609946654,"path_taken":["M","?","M","?","$","E","R","?","T","?","M","E","R","M","R","BOSS","M","?","M","?","M","E","$","R","T","M","?","E","?","?","R","BOSS","M","?","?","?","$","R","M","R","T","R","M","E","?","?","R","BOSS"],"items_purchased_type":["Card","Card","Card","Card","Card","Potion"],"build_version":"2020-12-22","purchased_purges":0,"victory":false,"max_hp_per_floor":[21,21,21,22,22,22,22,22,22,22,22,22,22,22,22,22,22,22,22,22,22,22,22,22,22,22,22,22,22,22,22,22,22,23,23,23,23,23,24,23,23,23,23,23,23,23,23,23,22,22,22],"card_choices":[{"not_picked":["Gremlin:Scatter","Gremlin:GremlinMeal"],"picked":"Gremlin:BulkUp","floor":1},{"not_picked":["Gremlin:ShowOfHands","Gremlin:GremlinMeal"],"picked":"Gremlin:GremlinArms","floor":2},{"not_picked":["Gremlin:Tricksy","Gremlin:PartyStick"],"picked":"Gremlin:CatScratch","floor":3},{"not_picked":["Gremlin:Patsy","Gremlin:Raid"],"picked":"Gremlin:Mockery","floor":6},{"not_picked":["Gremlin:FollowThrough","Gremlin:Wizardry"],"picked":"Gremlin:Pinprick","floor":11},{"not_picked":["Gremlin:Mockery","Gremlin:Tadah"],"picked":"Gremlin:CounterStrike","floor":12},{"not_picked":["Gremlin:Patsy","Gremlin:SharpenBlades"],"picked":"Gremlin:Heckle","floor":14},{"not_picked":["Gremlin:ShadowShiv","Gremlin:BrokenShin"],"picked":"Gremlin:Nob","floor":16},{"not_picked":[],"picked":"Gremlin:Pinprick","floor":18},{"not_picked":[],"picked":"Gremlin:ToeStub","floor":20},{"not_picked":[],"picked":"Gremlin:Pretaliation","floor":22},{"not_picked":["Gremlin:Tadah"],"picked":"SKIP","floor":27},{"not_picked":[],"picked":"Gremlin:GremlinArms","floor":29},{"not_picked":[],"picked":"Gremlin:Jeer","floor":31},{"not_picked":[],"picked":"Gremlin:Fury","floor":33},{"not_picked":[],"picked":"Gremlin:Polish","floor":34},{"not_picked":[],"picked":"Gremlin:Changeo","floor":35},{"not_picked":[],"picked":"Gremlin:DaggerDance","floor":36},{"not_picked":[],"picked":"Gremlin:Irritability+1","floor":38},{"not_picked":[],"picked":"Gremlin:Jeer+1","floor":41},{"not_picked":[],"picked":"Gremlin:BurlyBlow+1","floor":45},{"not_picked":["Gremlin:Rhythm"],"picked":"SKIP","floor":46}],"player_experience":1799360,"relics_obtained":[{"floor":6,"key":"Gremlin:SupplyScroll"},{"floor":12,"key":"Oddly Smooth Stone"},{"floor":26,"key":"Gremlin:WizardStaff"},{"floor":29,"key":"Bird Faced Urn"},{"floor":43,"key":"Bag of Marbles"},{"floor":46,"key":"Mummified Hand"},{"floor":47,"key":"FossilizedHelix"}],"event_choices":[{"damage_healed":0,"gold_gain":0,"player_choice":"Donut","damage_taken":0,"max_hp_gain":5,"max_hp_loss":0,"event_name":"Big Fish","floor":4,"gold_loss":0},{"damage_healed":0,"gold_gain":75,"player_choice":"Gather Gold","damage_taken":3,"max_hp_gain":0,"max_hp_loss":0,"event_name":"World of Goop","floor":8,"gold_loss":0},{"damage_healed":0,"gold_gain":0,"player_choice":"Paid Gold","damage_taken":0,"relics_obtained":["Art of War"],"max_hp_gain":0,"max_hp_loss":0,"event_name":"WeMeetAgain","floor":10,"gold_loss":59},{"damage_healed":0,"gold_gain":0,"player_choice":"Ignored","damage_taken":0,"max_hp_gain":0,"max_hp_loss":0,"event_name":"Ghosts","floor":19,"gold_loss":0},{"damage_healed":0,"gold_gain":0,"player_choice":"Ignored","damage_taken":0,"max_hp_gain":0,"max_hp_loss":0,"event_name":"Beggar","floor":21,"gold_loss":0},{"damage_healed":0,"gold_gain":0,"player_choice":"Bet on Murderer","damage_taken":0,"max_hp_gain":0,"max_hp_loss":0,"event_name":"The Joust","floor":30,"gold_loss":50},{"damage_healed":0,"gold_gain":0,"player_choice":"Ignored","damage_taken":0,"max_hp_gain":0,"max_hp_loss":0,"event_name":"SecretPortal","floor":37,"gold_loss":0},{"damage_healed":0,"gold_gain":0,"player_choice":"Fight","damage_taken":0,"max_hp_gain":0,"max_hp_loss":0,"event_name":"MindBloom","floor":47,"gold_loss":0},{"damage_healed":6,"gold_gain":0,"player_choice":"Writhe","damage_taken":0,"max_hp_gain":0,"max_hp_loss":0,"event_name":"Winding Halls","floor":48,"gold_loss":0,"cards_obtained":["Writhe"]}],"is_beta":false,"boss_relics":[{"not_picked":["Velvet Choker","Black Star"],"picked":"Busted Crown"},{"not_picked":["Pandora\u0027s Box","Runic Dome"],"picked":"Tiny House"}],"items_purged_floors":[],"is_endless":false,"potions_floor_spawned":[3,6,11,16,18,22,35,41,46],"killed_by":"Donu and Deca","ascension_level":0}}