{"host":"gl7gfqdgzaxu5sie","time":1609944666,"event":{"mods":["AchievementEnabler","BaseMod","Colored Map","DeckTracker","Minty Spire (QoL Compilation)"],"gold_per_floor":[115,128,147,163,181,212,230,248,248,248,173,184,203,216,216,216,216],"floor_reached":16,"playtime":444,"items_purged":["Strike_R"],"score":165,"play_id":"713bdd1a-1b1f-4bc7-bddc-edecd8282a75","local_time":"20210106235106","is_ascension_mode":true,"campfire_choices":[{"floor":10,"key":"REST"},{"data":"Bash","floor":15,"key":"SMITH"}],"circlet_count":0,"master_deck":["AscendersBane","Strike_R","Strike_R","Strike_R","Strike_R","Defend_R","Defend_R","Defend_R","Defend_R","Bash+1","Dropkick","Flex","Carnage","Barricade"],"relics":["Burning Blood","NeowsBlessing","Omamori","Pen Nib"],"acts_visited":["Exordium"],"potions_floor_usage":[6,7,12,13,14,14],"damage_taken":[{"damage":0,"enemies":"Jaw Worm","floor":1,"turns":1},{"damage":0,"enemies":"Small Slimes","floor":2,"turns":1},{"damage":0,"enemies":"Cultist","floor":3,"turns":1},{"damage":9,"enemies":"Red Slaver","floor":4,"turns":5},{"damage":37,"enemies":"Exordium Thugs","floor":5,"turns":6},{"damage":40,"enemies":"Lagavulin","floor":6,"turns":5},{"damage":11,"enemies":"Blue Slaver","floor":7,"turns":4},{"damage":5,"enemies":"2 Fungi Beasts","floor":8,"turns":3},{"damage":16,"enemies":"Gremlin Gang","floor":12,"turns":5},{"damage":13,"enemies":"Exordium Wildlife","floor":13,"turns":5},{"damage":1,"enemies":"3 Louse","floor":14,"turns":2},{"damage":41,"enemies":"Hexaghost","floor":16,"turns":7}],"seed_played":"3660168215918054278","potions_obtained":[{"floor":3,"key":"Explosive Potion"},{"floor":5,"key":"Energy Potion"},{"floor":7,"key":"Block Potion"},{"floor":12,"key":"Swift Potion"},{"floor":13,"key":"Energy Potion"},{"floor":14,"key":"BloodPotion"}],"is_trial":false,"path_per_floor":["M","M","M","M","M","E","M","M","T","R","$","M","M","M","R","B"],"character_chosen":"IRONCLAD","items_purchased":[],"campfire_rested":1,"item_purchase_floors":[],"current_hp_per_floor":[78,80,80,77,46,12,7,8,8,32,32,22,15,36,36,0,0],"gold":216,"neow_bonus":"THREE_ENEMY_KILL","is_daily":false,"chose_seed":false,"campfire_upgraded":1,"win_rate":0.0,"timestamp":1609944666,"path_taken":["M","M","M","M","M","E","M","M","T","R","$","M","M","M","R","BOSS"],"items_purchased_type":[],"build_version":"2020-12-22","purchased_purges":1,"victory":false,"max_hp_per_floor":[80,80,80,80,80,80,80,80,80,80,80,80,80,80,80,80,80],"card_choices":[{"not_picked":["Thunderclap","Carnage","Sword Boomerang"],"picked":"SKIP","floor":1},{"not_picked":["Headbutt","Wild Strike","Shrug It Off"],"picked":"SKIP","floor":2},{"not_picked":["Thunderclap","Entrench"],"picked":"Dropkick","floor":3},{"not_picked":["Sentinel","Clothesline"],"picked":"Flex","floor":4},{"not_picked":["Wild Strike","Berserk"],"picked":"Carnage","floor":5},{"not_picked":["Wild Strike","Entrench","Blood for Blood"],"picked":"SKIP","floor":6},{"not_picked":["Hemokinesis","Wild Strike","Armaments"],"picked":"SKIP","floor":7},{"not_picked":["Spot Weakness","Warcry"],"picked":"Barricade","floor":8},{"not_picked":["Havoc","Power Through","Seeing Red"],"picked":"SKIP","floor":12},{"not_picked":["Headbutt","Body Slam","Pommel Strike"],"picked":"SKIP","floor":13},{"not_picked":["Headbutt","Clothesline","Body Slam"],"picked":"SKIP","floor":14}],"player_experience":577380,"relics_obtained":[{"floor":6,"key":"Omamori"},{"floor":9,"key":"Pen Nib"}],"event_choices":[],"is_beta":false,"boss_relics":[],"items_purged_floors":[11],"is_endless":false,"potions_floor_spawned":[3,5,7,12,13,14],"killed_by":"Hexaghost","ascension_level":10}}