{"host":"3ek78t4i81ecmdy1","time":1609899851,"event":{"mods":["2.2 Compatiblity","AchievementEnabler","BaseMod","Colored Map","DeckTracker","Filter the Spire","Keyboard Shortcuts","Minty Spire (QoL Compilation)","Permanent Neow","Quick Restart","SuperFastMode","everything is the same but u backflip on backflip"],"gold_per_floor":[111,111,126,142,161,196,196,196,219,219,74,89,164,164,164,267,267,287,58,71,71,71,103,103,117,117,135,135,148,182,46,46,151,151,164,183,58,78,78,78,78,93,93,118,15,15,15,25,25,25,25],"floor_reached":50,"playtime":2361,"items_purged":["Entrench","Dual Wield","Berserk"],"score":535,"play_id":"27082951-eb93-4ca2-8c73-0a0b1b36778e","local_time":"20210106112411","is_ascension_mode":false,"campfire_choices":[{"data":"Apotheosis","floor":8.0,"key":"SMITH"},{"data":"Rage","floor":10.0,"key":"SMITH"},{"floor":15.0,"key":"REST"},{"data":"Burning Pact","floor":24.0,"key":"SMITH"},{"floor":32.0,"key":"RECALL"},{"floor":40,"key":"REST"},{"floor":46,"key":"REST"},{"data":"Enlightenment","floor":49,"key":"SMITH"}],"circlet_count":0,"master_deck":["Bash","Apotheosis+1","Flex","Rage+1","Clothesline","Thunderclap","Heavy Blade+1","Combust","Demon Form","Shrug It Off","Flame Barrier","Burning Pact+1","Dropkick","Twin Strike","Armaments+1","Flex+1","Reaper","Rupture","CurseOfTheBell","Seeing Red+1","Enlightenment+1","Reckless Charge+1"],"relics":["Burning Blood","Juzu Bracelet","Anchor","Vajra","Pandora\u0027s Box","Brimstone","Red Skull","Darkstone Periapt","Calling Bell","Toy Ornithopter","Ornamental Fan","Gambling Chip","White Beast Statue","Singing Bowl","Dream Catcher","Ancient Tea Set"],"acts_visited":["Exordium","TheCity","TheBeyond"],"potions_floor_usage":[42,44,44,44,48,50],"damage_taken":[{"damage":0.0,"enemies":"Small Slimes","floor":1.0,"turns":3.0},{"damage":4.0,"enemies":"2 Louse","floor":3.0,"turns":3.0},{"damage":3.0,"enemies":"Jaw Worm","floor":4.0,"turns":4.0},{"damage":25.0,"enemies":"Lots of Slimes","floor":5.0,"turns":6.0},{"damage":19.0,"enemies":"3 Sentries","floor":6.0,"turns":5.0},{"damage":0.0,"enemies":"2 Fungi Beasts","floor":12.0,"turns":2.0},{"damage":8.0,"enemies":"Slime Boss","floor":16.0,"turns":8.0},{"damage":18.0,"enemies":"Chosen","floor":18.0,"turns":6.0},{"damage":0.0,"enemies":"Shell Parasite","floor":20.0,"turns":1.0},{"damage":48.0,"enemies":"Book of Stabbing","floor":23.0,"turns":5.0},{"damage":0.0,"enemies":"Centurion and Healer","floor":25.0,"turns":3.0},{"damage":0.0,"enemies":"Cultist and Chosen","floor":27.0,"turns":4.0},{"damage":1.0,"enemies":"Chosen and Byrds","floor":29.0,"turns":4.0},{"damage":40.0,"enemies":"Gremlin Leader","floor":30.0,"turns":5.0},{"damage":76.0,"enemies":"Champ","floor":33.0,"turns":7.0},{"damage":64.0,"enemies":"3 Shapes","floor":35.0,"turns":6.0},{"damage":86.0,"enemies":"3 Darklings","floor":36.0,"turns":12.0},{"damage":36,"enemies":"4 Shapes","floor":38,"turns":4},{"damage":41,"enemies":"Jaw Worm Horde","floor":42,"turns":4},{"damage":1,"enemies":"Nemesis","floor":44,"turns":3},{"damage":4,"enemies":"Transient","floor":48,"turns":5},{"damage":121,"enemies":"Awakened One","floor":50,"turns":5}],"seed_played":"-12527260797596440","potions_obtained":[{"floor":3.0,"key":"AttackPotion"},{"floor":5.0,"key":"Fire Potion"},{"floor":6.0,"key":"Strength Potion"},{"floor":12.0,"key":"Explosive Potion"},{"floor":23.0,"key":"CultistPotion"},{"floor":25.0,"key":"EntropicBrew"},{"floor":29.0,"key":"HeartOfIron"},{"floor":33.0,"key":"AttackPotion"},{"floor":38,"key":"AttackPotion"},{"floor":42,"key":"EntropicBrew"},{"floor":44,"key":"SteroidPotion"},{"floor":48,"key":"LiquidMemories"}],"is_trial":false,"path_per_floor":["M","?","M","M","M","E","?","R","T","R","$","M","?","?","R","B",null,"M","$","M","$","?","E","R","M","T","M","?","M","E","$","R","B",null,"M","M","$","M","?","R","T","M","T","E","?","R","$","M","R","B"],"character_chosen":"IRONCLAD","items_purchased":["Vajra","Brimstone","Rupture"],"campfire_rested":3,"item_purchase_floors":[11,19,31],"current_hp_per_floor":[62,55,57,60,41,28,12,12,12,12,12,18,7,7,31,29,80,68,68,74,74,74,32,32,38,38,44,80,80,46,46,46,7,86,28,28,28,15,15,40,40,25,25,47,47,73,73,90,90,0,0],"gold":25,"neow_bonus":"RANDOM_COLORLESS_2","is_daily":false,"chose_seed":false,"campfire_upgraded":4,"win_rate":0.0,"timestamp":1609899851,"path_taken":["M","?","M","M","M","E","?","R","T","R","?","M","?","?","R","BOSS","M","$","M","$","?","E","R","M","T","M","?","M","E","?","R","BOSS","M","M","$","M","?","R","?","M","T","E","?","R","?","M","R","BOSS"],"items_purchased_type":["Relic","Relic","Card"],"build_version":"2020-12-22","purchased_purges":3,"victory":false,"max_hp_per_floor":[80,80,80,80,80,80,80,80,80,80,80,80,80,80,80,80,80,80,80,80,80,80,80,80,80,80,80,80,80,80,80,80,80,86,86,86,86,86,86,86,86,86,86,88,88,88,88,90,90,90,90],"card_choices":[{"not_picked":["Metamorphosis","Thinking Ahead"],"picked":"Apotheosis","floor":0.0},{"not_picked":["Hemokinesis","Sword Boomerang"],"picked":"Flex","floor":1.0},{"not_picked":["Reckless Charge","Wild Strike"],"picked":"Rage","floor":3.0},{"not_picked":["Twin Strike","Havoc"],"picked":"Clothesline","floor":4.0},{"not_picked":["Havoc","Flex"],"picked":"Thunderclap","floor":5.0},{"not_picked":["Headbutt","Twin Strike"],"picked":"Heavy Blade","floor":6.0},{"not_picked":["Entrench","Reckless Charge"],"picked":"Combust","floor":12.0},{"not_picked":["Reaper","Limit Break"],"picked":"Demon Form","floor":16.0},{"not_picked":["Pommel Strike","Entrench"],"picked":"Armaments+1","floor":18.0},{"not_picked":["Armaments+1","Dropkick","Shockwave"],"picked":"SKIP","floor":20.0},{"not_picked":["Flame Barrier+1","Rage","Shockwave"],"picked":"SKIP","floor":23.0},{"not_picked":["Wild Strike+1","Blood for Blood+1","Thunderclap"],"picked":"SKIP","floor":25.0},{"not_picked":["Cleave","Body Slam","Iron Wave"],"picked":"SKIP","floor":27.0},{"not_picked":["Thunderclap","Armaments"],"picked":"Flex+1","floor":29.0},{"not_picked":["Uppercut","Hemokinesis"],"picked":"Reaper","floor":30.0},{"not_picked":["Cleave+1","Exhume"],"picked":"Seeing Red+1","floor":35.0},{"not_picked":["Uppercut","Shrug It Off","Dual Wield"],"picked":"SKIP","floor":36.0},{"not_picked":["Cleave","Warcry","Sword Boomerang"],"picked":"SKIP","floor":38},{"not_picked":["Swift Strike","Violence"],"picked":"Enlightenment","floor":39},{"not_picked":["Pommel Strike","Thunderclap+1","Power Through"],"picked":"SKIP","floor":42},{"not_picked":["Rage","Perfected Strike","Iron Wave+1"],"picked":"Singing Bowl","floor":44},{"not_picked":["Rupture+1","Iron Wave"],"picked":"Reckless Charge+1","floor":46},{"not_picked":["Fire Breathing","Wild Strike+1","Cleave"],"picked":"Singing Bowl","floor":48}],"player_experience":47461,"relics_obtained":[{"floor":6.0,"key":"Juzu Bracelet"},{"floor":9.0,"key":"Anchor"},{"floor":23.0,"key":"Red Skull"},{"floor":30.0,"key":"Darkstone Periapt"},{"floor":34.0,"key":"Toy Ornithopter"},{"floor":34.0,"key":"Ornamental Fan"},{"floor":34.0,"key":"Gambling Chip"},{"floor":41,"key":"White Beast Statue"},{"floor":43,"key":"Singing Bowl"},{"floor":44,"key":"Dream Catcher"}],"event_choices":[{"cards_removed":["Strike_R"],"damage_healed":0.0,"max_hp_gain":0.0,"max_hp_loss":0.0,"gold_gain":0.0,"event_name":"Golden Wing","player_choice":"Card Removal","floor":2.0,"gold_loss":0.0,"damage_taken":7.0},{"damage_healed":0.0,"max_hp_gain":0.0,"max_hp_loss":0.0,"gold_gain":0.0,"event_name":"Shining Light","player_choice":"Entered Light","floor":7.0,"gold_loss":0.0,"damage_taken":16.0,"cards_upgraded":["Heavy Blade","Strike_R"]},{"damage_healed":0.0,"max_hp_gain":0.0,"max_hp_loss":0.0,"gold_gain":75.0,"event_name":"World of Goop","player_choice":"Gather Gold","floor":13.0,"gold_loss":0.0,"damage_taken":11.0},{"damage_healed":0.0,"max_hp_gain":0.0,"max_hp_loss":0.0,"gold_gain":0.0,"event_name":"Scrap Ooze","player_choice":"Fled","floor":14.0,"gold_loss":0.0,"damage_taken":0.0},{"damage_healed":0.0,"max_hp_gain":0.0,"max_hp_loss":0.0,"gold_gain":0.0,"event_name":"Match and Keep!","player_choice":"1 cards matched","floor":22.0,"gold_loss":0.0,"damage_taken":0.0,"cards_obtained":["Dual Wield"]},{"cards_removed":["Reckless Charge"],"damage_healed":36.0,"max_hp_gain":0.0,"max_hp_loss":0.0,"gold_gain":0.0,"event_name":"Bonfire Elementals","player_choice":"Offered Uncommon","floor":28.0,"gold_loss":0.0,"damage_taken":0.0},{"damage_healed":0,"gold_gain":0,"player_choice":"Memory 1","damage_taken":0,"max_hp_gain":0,"max_hp_loss":0,"event_name":"SensoryStone","floor":39,"gold_loss":0},{"damage_healed":0,"gold_gain":0,"player_choice":"Paid Gold","damage_taken":0,"relics_obtained":["Ancient Tea Set"],"max_hp_gain":0,"max_hp_loss":0,"event_name":"WeMeetAgain","floor":45,"gold_loss":103}],"is_beta":false,"boss_relics":[{"not_picked":["Snecko Eye","Sozu"],"picked":"Pandora\u0027s Box"},{"not_picked":["Black Star","SlaversCollar"],"picked":"Calling Bell"}],"items_purged_floors":[19,31,37],"is_endless":false,"potions_floor_spawned":[3,5,6,12,23,25,29,33,38,42,44,48],"killed_by":"Awakened One","ascension_level":0}}