{"host":"tom9euzqew4po1rs","time":1609906382,"event":{"mods":["BaseMod","Minty Spire (QoL Compilation)","Quick Restart","Rare Cards Sparkle","Replay The Spire","StSLib","The Animator","The Cursed"],"gold_per_floor":[134,459,424,458,471,471,114,114,163,6,6,22,47,66,66,171,171,210,246,40,40,40,40,40,60,87,87,87],"floor_reached":27,"playtime":2271,"items_purged":[],"score":211,"play_id":"3328fd13-a576-4933-8731-3d86951f817a","local_time":"20210105231302","is_ascension_mode":false,"campfire_choices":[{"floor":6,"key":"REST"},{"floor":8,"key":"RECALL"},{"floor":15,"key":"DIG"},{"data":"Infinite Blades","floor":23,"key":"SMITH"}],"circlet_count":0,"master_deck":["Strike_G","Strike_G","Strike_G","Strike_G","Strike_G","Defend_G","Defend_G","Defend_G","Defend_G","Defend_G","Survivor+1","Neutralize","HandOfGreed+1","Outmaneuver+1","Bouncing Flask+1","Poisoned Stab","Outmaneuver","Deadly Poison","Cloak And Dagger","Infinite Blades+1","Burst","Accuracy+1","Blade Dance+1","Footwork","Deflect+1","Hallucinations","ReplayTheSpireMod:Scrap Shanks+1"],"relics":["Ring of the Snake","Old Coin","Anchor","Guide Book","ReplayTheSpireMod:TigerMarble","MealTicket","Toy Ornithopter","Blue Doll","War Paint","ReplayTheSpireMod:Ring of Collecting","Regal Pillow"],"acts_visited":["Exordium","TheCity"],"potions_floor_usage":[4,13,16,16,25,25],"damage_taken":[{"damage":0,"enemies":"2 Louse","floor":1,"turns":2},{"damage":0,"enemies":"Small Slimes","floor":4,"turns":3},{"damage":0,"enemies":"Jaw Worm","floor":5,"turns":3},{"damage":0,"enemies":"Looter","floor":12,"turns":3},{"damage":7,"enemies":"Gremlin Nob","floor":13,"turns":3},{"damage":0,"enemies":"Blue Slaver","floor":14,"turns":2},{"damage":16,"enemies":"Slime Boss","floor":16,"turns":7},{"damage":22,"enemies":"2 Thieves","floor":18,"turns":4},{"damage":18,"enemies":"3 Byrds","floor":19,"turns":5},{"damage":4,"enemies":"Snake Plant","floor":25,"turns":3},{"damage":58,"enemies":"Slavers","floor":27,"turns":3}],"seed_played":"-4791028318105252027","potions_obtained":[{"floor":1,"key":"Adrenaline Potion"},{"floor":5,"key":"AttackPotion"},{"floor":12,"key":"Dexterity Potion"},{"floor":14,"key":"BlessingOfTheForge"},{"floor":18,"key":"GamblersBrew"},{"floor":19,"key":"DuplicationPotion"}],"is_trial":false,"path_per_floor":["M","?","?","M","M","R","$","R","T","$","?","M","E","M","R","B",null,"M","M","$","?","?","R","?","M","T","E"],"character_chosen":"THE_SILENT","items_purchased":["Anchor","Guide Book","Outmaneuver","MealTicket","Footwork","Deflect+1","War Paint"],"campfire_rested":1,"item_purchase_floors":[7,7,7,10,20,20,20],"current_hp_per_floor":[49,21,38,38,38,59,59,59,59,59,59,59,52,52,52,46,70,48,30,45,45,45,45,45,51,51,0,0],"gold":87,"neow_bonus":"RANDOM_COLORLESS_2","is_daily":false,"chose_seed":false,"campfire_upgraded":1,"win_rate":0.0,"timestamp":1609906382,"path_taken":["M","?","?","M","M","R","$","R","T","?","?","M","E","M","R","BOSS","M","M","$","?","?","R","?","M","T","E"],"items_purchased_type":["Relic","Relic","Card","Relic","Card","Card","Relic"],"build_version":"2020-12-22","purchased_purges":0,"victory":false,"max_hp_per_floor":[70,70,70,70,70,70,70,70,70,70,70,70,70,70,70,70,70,70,70,70,70,70,70,70,70,70,70,70],"card_choices":[{"not_picked":["Crow Ritual","Master of Strategy"],"picked":"HandOfGreed","floor":0},{"not_picked":["Bouncing Flask","Backflip"],"picked":"Outmaneuver","floor":1},{"not_picked":["Deadly Poison","Outmaneuver"],"picked":"Bouncing Flask","floor":2},{"not_picked":["Flying Knee","Bane","Quick Slash"],"picked":"SKIP","floor":4},{"not_picked":["Atom Bomb","ReplayTheSpireMod:Shiv Toss"],"picked":"Poisoned Stab","floor":5},{"not_picked":["Poisoned Stab","Cloak And Dagger"],"picked":"Deadly Poison","floor":12},{"not_picked":["Dagger Spray","Dagger Throw"],"picked":"Cloak And Dagger","floor":13},{"not_picked":["Underhanded Strike","Eviscerate"],"picked":"Infinite Blades","floor":14},{"not_picked":["Malaise","Glass Knife"],"picked":"Burst","floor":16},{"not_picked":["Masterful Stab+1","Cloak And Dagger"],"picked":"Accuracy+1","floor":18},{"not_picked":["Sucker Punch","Quick Slash"],"picked":"Blade Dance","floor":19},{"not_picked":["Backflip","Infinite Blades"],"picked":"ReplayTheSpireMod:Scrap Shanks+1","floor":25}],"player_experience":61028,"relics_obtained":[{"floor":2,"key":"Old Coin"},{"floor":9,"key":"ReplayTheSpireMod:TigerMarble"},{"floor":13,"key":"Toy Ornithopter"},{"floor":15,"key":"Blue Doll"},{"floor":21,"key":"ReplayTheSpireMod:Ring of Collecting"},{"floor":26,"key":"Regal Pillow"}],"event_choices":[{"damage_healed":17,"gold_gain":0,"player_choice":"Healed","damage_taken":0,"max_hp_gain":0,"max_hp_loss":0,"event_name":"The Cleric","floor":3,"gold_loss":35},{"damage_healed":0,"gold_gain":0,"player_choice":"Grow","damage_taken":0,"max_hp_gain":0,"max_hp_loss":0,"event_name":"Living Wall","floor":11,"gold_loss":0,"cards_upgraded":["Outmaneuver"]},{"damage_healed":0,"gold_gain":0,"player_choice":"Ignored","damage_taken":0,"max_hp_gain":0,"max_hp_loss":0,"event_name":"Ghosts","floor":24,"gold_loss":0}],"is_beta":false,"boss_relics":[{"not_picked":["Replay:Wanted Poster","Kintsugi","Ectoplasm"]}],"items_purged_floors":[],"is_endless":false,"potions_floor_spawned":[1,5,12,14,18,19],"killed_by":"Slavers","ascension_level":0}}