{"host":"19tvufa8xx4wr4o1","time":1609898191,"event":{"mods":["AchievementEnabler","BaseMod","Better Sensory Stone","Better Third Choice","Highlight Path","Minty Spire (QoL Compilation)","Relic Stats","StSLib"],"gold_per_floor":[116,38,56,131,131,166,176,176,176,176,209,60,60,85,85,181,181,204,254,269,269,41,72,92,106,180,95,95,119,142,155,155,155,155],"floor_reached":33,"playtime":1120,"items_purged":["Strike_G"],"score":529,"play_id":"3f0b8ec3-57c3-4b78-8c76-41c682ddeb6e","local_time":"20210105195631","is_ascension_mode":true,"campfire_choices":[{"floor":8,"key":"REST"},{"floor":13,"key":"REST"},{"data":"Skewer","floor":15,"key":"SMITH"},{"floor":28,"key":"REST"},{"floor":32,"key":"REST"}],"circlet_count":0,"master_deck":["AscendersBane","Strike_G","Strike_G","Strike_G","Strike_G","Defend_G","Defend_G+1","Defend_G+1","Defend_G","Defend_G","Survivor+1","Neutralize","Dash","Footwork","Cloak And Dagger+1","Dash","Skewer+1","Dodge and Roll","Phantasmal Killer","Blade Dance","Accuracy","PiercingWail","PiercingWail","Noxious Fumes","Crippling Poison","Noxious Fumes","Blur","Blade Dance"],"relics":["Ring of the Snake","NeowsBlessing","Ornamental Fan","War Paint","Golden Idol","Tiny Chest","ClockworkSouvenir","Sozu","Tingsha","Membership Card","Omamori","Shuriken","FossilizedHelix"],"acts_visited":["Exordium","TheCity"],"potions_floor_usage":[16,16,24],"damage_taken":[{"damage":0,"enemies":"Jaw Worm","floor":1,"turns":1},{"damage":0,"enemies":"Small Slimes","floor":3,"turns":1},{"damage":0,"enemies":"Gremlin Nob","floor":6,"turns":1},{"damage":0,"enemies":"2 Louse","floor":7,"turns":4},{"damage":21,"enemies":"Lagavulin","floor":11,"turns":10},{"damage":0,"enemies":"Red Slaver","floor":14,"turns":4},{"damage":43,"enemies":"Slime Boss","floor":16,"turns":11},{"damage":1,"enemies":"Shell Parasite","floor":18,"turns":8},{"damage":0,"enemies":"2 Thieves","floor":20,"turns":5},{"damage":22,"enemies":"Book of Stabbing","floor":23,"turns":7},{"damage":11,"enemies":"Snake Plant","floor":24,"turns":6},{"damage":0,"enemies":"Centurion and Healer","floor":25,"turns":9},{"damage":0,"enemies":"3 Cultists","floor":29,"turns":6},{"damage":0,"enemies":"Chosen and Byrds","floor":30,"turns":7},{"damage":0,"enemies":"Cultist and Chosen","floor":31,"turns":6},{"damage":54,"enemies":"Champ","floor":33,"turns":13}],"seed_played":"6276749838938662390","potions_obtained":[{"floor":1,"key":"GamblersBrew"},{"floor":3,"key":"Strength Potion"},{"floor":16,"key":"GamblersBrew"}],"is_trial":false,"path_per_floor":["M","$","M","?","?","E","M","R","T","?","E","$","R","M","R","B",null,"M","?","M","T","$","E","M","M","T","?","R","M","M","M","R","B"],"character_chosen":"THE_SILENT","items_purchased":["Footwork","ClockworkSouvenir","Membership Card","Accuracy","PiercingWail"],"campfire_rested":4,"item_purchase_floors":[2,12,22,22,22],"current_hp_per_floor":[59,59,59,48,28,28,28,47,47,47,26,26,44,44,44,1,45,44,44,44,44,44,22,11,11,11,11,29,29,29,29,47,0,0],"gold":155,"neow_bonus":"THREE_ENEMY_KILL","is_daily":false,"chose_seed":false,"campfire_upgraded":1,"win_rate":0.0,"timestamp":1609898191,"path_taken":["M","$","M","?","?","E","M","R","T","?","E","?","R","M","R","BOSS","M","?","?","?","$","E","M","M","T","?","R","M","M","M","R","BOSS"],"items_purchased_type":["Card","Relic","Relic","Card","Card"],"build_version":"2020-12-22","purchased_purges":1,"victory":false,"max_hp_per_floor":[66,66,66,66,66,66,66,66,66,60,60,60,60,60,60,60,60,60,60,60,60,60,60,60,60,60,60,60,60,60,60,60,60,60],"relic_stats":{"Sozu":5,"counters":[16,99],"Ornamental Fan":[140],"Golden Idol":65,"Shuriken":[14],"Tiny Chest":1,"Tingsha":[12],"War Paint":["Cloak And Dagger","Defend_G"],"obtain_stats":[{"NeowsBlessing":0,"Golden Idol":10,"Tingsha":21,"Omamori":23,"War Paint":9,"ClockworkSouvenir":12,"Sozu":17,"Ornamental Fan":6,"Shuriken":26,"Tiny Chest":11,"Membership Card":22,"FossilizedHelix":27,"Ring of the Snake":0},{"NeowsBlessing":0,"Golden Idol":4,"Tingsha":9,"Omamori":10,"War Paint":4,"ClockworkSouvenir":5,"Sozu":7,"Ornamental Fan":3,"Shuriken":12,"Tiny Chest":5,"Membership Card":9,"FossilizedHelix":12,"Ring of the Snake":0},{"NeowsBlessing":0,"Golden Idol":7,"Tingsha":45,"Omamori":52,"War Paint":7,"ClockworkSouvenir":17,"Sozu":32,"Ornamental Fan":3,"Shuriken":67,"Tiny Chest":17,"Membership Card":45,"FossilizedHelix":67,"Ring of the Snake":0}],"Ring of the Snake":[32]},"card_choices":[{"not_picked":["Infinite Blades","Tactician"],"picked":"Dash","floor":1},{"not_picked":["Acrobatics","Setup"],"picked":"Cloak And Dagger","floor":3},{"not_picked":["Quick Slash","Poisoned Stab"],"picked":"Dash","floor":6},{"not_picked":["Distraction","Bane","Underhanded Strike"],"picked":"SKIP","floor":7},{"not_picked":["Escape Plan","Masterful Stab"],"picked":"Skewer","floor":11},{"not_picked":["Dodge and Roll","Outmaneuver","Poisoned Stab"],"picked":"SKIP","floor":14},{"not_picked":["Outmaneuver","Poisoned Stab"],"picked":"Dodge and Roll","floor":14},{"not_picked":["Unload","Die Die Die"],"picked":"Phantasmal Killer","floor":16},{"not_picked":["Bane","Sucker Punch","Slice"],"picked":"SKIP","floor":18},{"not_picked":["Dash","Underhanded Strike"],"picked":"Blade Dance","floor":20},{"not_picked":["Deadly Poison","Skewer"],"picked":"PiercingWail","floor":23},{"not_picked":["PiercingWail","Eviscerate+1"],"picked":"Noxious Fumes","floor":24},{"not_picked":["Cloak And Dagger","Dagger Spray"],"picked":"Crippling Poison","floor":25},{"not_picked":["Poisoned Stab","Concentrate"],"picked":"Noxious Fumes","floor":29},{"not_picked":["Night Terror","Dash"],"picked":"Blur","floor":30},{"not_picked":["Dagger Throw","Deflect"],"picked":"Blade Dance","floor":31}],"player_experience":554452,"relics_obtained":[{"floor":6,"key":"Ornamental Fan"},{"floor":9,"key":"War Paint"},{"floor":11,"key":"Tiny Chest"},{"floor":21,"key":"Tingsha"},{"floor":23,"key":"Omamori"},{"floor":26,"key":"Shuriken"}],"event_choices":[{"damage_healed":0,"gold_gain":75,"player_choice":"Gold","damage_taken":11,"max_hp_gain":0,"max_hp_loss":0,"event_name":"betterThird:BetterGoop","floor":4,"gold_loss":0},{"damage_healed":48,"gold_gain":0,"player_choice":"Upgrade","damage_taken":20,"max_hp_gain":0,"max_hp_loss":66,"event_name":"betterThird:BetterShining","floor":5,"gold_loss":0,"cards_upgraded":["Survivor","Defend_G"]},{"damage_healed":0,"gold_gain":0,"player_choice":"Lose Max HP","damage_taken":0,"relics_obtained":["Golden Idol"],"max_hp_gain":0,"max_hp_loss":6,"event_name":"Golden Idol","floor":10,"gold_loss":0},{"damage_healed":0,"gold_gain":100,"player_choice":"Bet on Murderer","damage_taken":0,"max_hp_gain":0,"max_hp_loss":0,"event_name":"The Joust","floor":19,"gold_loss":50},{"damage_healed":0,"gold_gain":0,"player_choice":"Obtained Relic","damage_taken":0,"relics_obtained":["FossilizedHelix"],"max_hp_gain":0,"max_hp_loss":0,"event_name":"Addict","floor":27,"gold_loss":85}],"is_beta":false,"boss_relics":[{"not_picked":["Velvet Choker","Runic Dome"],"picked":"Sozu"}],"items_purged_floors":[22],"is_endless":false,"potions_floor_spawned":[1,3,16,18,20,25,30,31],"killed_by":"Champ","ascension_level":15}}