{"host":"ovxa65d68iy9l57e","time":1609937345,"event":{"mods":["AchievementEnabler","BaseMod","Better Altar","Better Skull","Better Vampires","Colored Map","Curses Come First","Minty Spire (QoL Compilation)","Relic Stats","StSLib"],"gold_per_floor":[109,62,76,93,110,138,138,173,254,286,298,342,354,384,396,512,524,520,548,261,280,280,312,312,331,354,354,379,74,74,74,74],"floor_reached":31,"playtime":2658,"items_purged":["Strike_R","Strike_R"],"score":373,"play_id":"df013054-c086-480e-ad55-d122265233cb","local_time":"20210106134905","is_ascension_mode":true,"campfire_choices":[{"data":"Demon Form","floor":7,"key":"SMITH"},{"floor":11,"key":"REST"},{"data":"Flex","floor":15,"key":"SMITH"},{"floor":24,"key":"REST"},{"floor":27,"key":"REST"}],"circlet_count":0,"master_deck":["Strike_R","Strike_R","Defend_R","Defend_R","Defend_R","Bash","Disarm","Shrug It Off","Pommel Strike","Battle Trance","Cleave","Demon Form+1","Headbutt","Wild Strike","Flex+1","Evolve","Limit Break","Fire Breathing","Uppercut","Whirlwind","Reckless Charge","Spot Weakness","Rage","Shrug It Off","Shrug It Off"],"relics":["Burning Blood","Pear","WingedGreaves","Question Card","MawBank","Oddly Smooth Stone","Sozu","HandDrill","Omamori","Regal Pillow","Bottled Flame","PreservedInsect"],"acts_visited":["Exordium","TheCity"],"potions_floor_usage":[8,14,23],"damage_taken":[{"damage":2,"enemies":"2 Louse","floor":1,"turns":4},{"damage":2,"enemies":"Jaw Worm","floor":3,"turns":5},{"damage":0,"enemies":"Cultist","floor":4,"turns":4},{"damage":4,"enemies":"Looter","floor":5,"turns":4},{"damage":56,"enemies":"Lagavulin","floor":6,"turns":9},{"damage":12,"enemies":"3 Sentries","floor":8,"turns":5},{"damage":32,"enemies":"Gremlin Nob","floor":10,"turns":5},{"damage":26,"enemies":"Lagavulin","floor":12,"turns":5},{"damage":1,"enemies":"Gremlin Gang","floor":14,"turns":3},{"damage":7,"enemies":"Hexaghost","floor":16,"turns":8},{"damage":34,"enemies":"2 Thieves","floor":18,"turns":4},{"damage":15,"enemies":"Shell Parasite","floor":19,"turns":6},{"damage":20,"enemies":"3 Cultists","floor":21,"turns":5},{"damage":30,"enemies":"Gremlin Leader","floor":23,"turns":5},{"damage":35,"enemies":"Centurion and Healer","floor":25,"turns":6},{"damage":61,"enemies":"Slavers","floor":28,"turns":6},{"damage":14,"enemies":"Chosen and Byrds","floor":31,"turns":1}],"seed_played":"2038759007187266783","potions_obtained":[{"floor":5,"key":"HeartOfIron"},{"floor":6,"key":"ElixirPotion"},{"floor":8,"key":"Explosive Potion"},{"floor":16,"key":"LiquidBronze"}],"is_trial":false,"path_per_floor":["M","$","M","M","M","E","R","E","T","E","R","E","?","M","R","B",null,"M","M","$","M","?","E","R","M","T","R","E","$","?","M"],"character_chosen":"IRONCLAD","items_purchased":["Shrug It Off","HandDrill","Whirlwind","PreservedInsect","Shrug It Off"],"campfire_rested":3,"item_purchase_floors":[2,20,20,29,29],"current_hp_per_floor":[88,88,88,88,88,48,48,42,42,16,45,25,25,30,30,29,98,70,61,61,47,47,23,52,23,23,67,12,12,12,0,0],"gold":74,"neow_bonus":"TEN_PERCENT_HP_BONUS","is_daily":false,"chose_seed":false,"campfire_upgraded":2,"win_rate":0.0,"timestamp":1609937345,"path_taken":["M","$","M","M","M","E","R","E","T","E","R","E","?","M","R","BOSS","M","M","$","M","?","E","R","M","T","R","E","$","?","?"],"items_purchased_type":["Card","Relic","Card","Relic","Card"],"build_version":"2020-12-22","purchased_purges":2,"victory":false,"max_hp_per_floor":[88,88,88,88,88,98,98,98,98,98,98,98,98,98,98,98,98,98,98,98,98,98,98,98,98,98,98,98,98,98,98,98],"relic_stats":{"Sozu":3,"Regal Pillow":15,"counters":[17,85],"PreservedInsect":0,"HandDrill":[6],"Question Card":10,"MawBank":120,"obtain_stats":[{"Sozu":17,"Regal Pillow":26,"Bottled Flame":28,"Pear":6,"Oddly Smooth Stone":12,"WingedGreaves":8,"PreservedInsect":29,"HandDrill":20,"Omamori":23,"Question Card":9,"MawBank":10,"Burning Blood":0},{"Sozu":10,"Regal Pillow":15,"Bottled Flame":16,"Pear":5,"Oddly Smooth Stone":8,"WingedGreaves":6,"PreservedInsect":16,"HandDrill":12,"Omamori":14,"Question Card":6,"MawBank":7,"Burning Blood":0},{"Sozu":52,"Regal Pillow":78,"Bottled Flame":84,"Pear":26,"Oddly Smooth Stone":41,"WingedGreaves":31,"PreservedInsect":84,"HandDrill":62,"Omamori":72,"Question Card":31,"MawBank":36,"Burning Blood":0}],"Burning Blood":80},"card_choices":[{"not_picked":["Twin Strike","Heavy Blade"],"picked":"Disarm","floor":1},{"not_picked":["Shrug It Off","Sword Boomerang"],"picked":"Pommel Strike","floor":3},{"not_picked":["Clothesline","Combust"],"picked":"Battle Trance","floor":4},{"not_picked":["True Grit","Combust"],"picked":"Cleave","floor":5},{"not_picked":["Clash","Clothesline"],"picked":"Demon Form","floor":6},{"not_picked":["Warcry","Battle Trance"],"picked":"Headbutt","floor":8},{"not_picked":["Warcry","Sword Boomerang","Pommel Strike"],"picked":"Wild Strike","floor":10},{"not_picked":["Barricade","Wild Strike","Berserk"],"picked":"Flex","floor":12},{"not_picked":["Headbutt","Ghostly Armor","Iron Wave"],"picked":"Evolve","floor":14},{"not_picked":["Bludgeon","Berserk","Immolate"],"picked":"Limit Break","floor":16},{"not_picked":["Rupture","Armaments+1","Dual Wield+1"],"picked":"Fire Breathing","floor":18},{"not_picked":["Perfected Strike","Body Slam","Rampage"],"picked":"Uppercut","floor":19},{"not_picked":["Anger","Thunderclap+1","Combust+1"],"picked":"Reckless Charge","floor":21},{"not_picked":["Combust","Clothesline","Infernal Blade"],"picked":"Rage","floor":23},{"not_picked":["Armaments","Thunderclap+1","Disarm"],"picked":"Shrug It Off","floor":25},{"not_picked":["Cleave","Perfected Strike","Sever Soul+1","Hemokinesis+1"],"picked":"SKIP","floor":28}],"player_experience":253596,"relics_obtained":[{"floor":6,"key":"Pear"},{"floor":8,"key":"WingedGreaves"},{"floor":9,"key":"Question Card"},{"floor":10,"key":"MawBank"},{"floor":12,"key":"Oddly Smooth Stone"},{"floor":23,"key":"Omamori"},{"floor":26,"key":"Regal Pillow"},{"floor":28,"key":"Bottled Flame"}],"event_choices":[{"cards_removed":["Strike_R"],"damage_healed":0,"gold_gain":0,"player_choice":"Forget","damage_taken":0,"max_hp_gain":0,"max_hp_loss":0,"event_name":"Living Wall","floor":13,"gold_loss":0},{"damage_healed":0,"gold_gain":0,"player_choice":"Read","damage_taken":0,"max_hp_gain":0,"max_hp_loss":0,"event_name":"The Library","floor":22,"gold_loss":0,"cards_obtained":["Spot Weakness"]},{"cards_removed":["Defend_R"],"damage_healed":0,"gold_gain":0,"player_choice":"Purged","damage_taken":0,"max_hp_gain":0,"max_hp_loss":0,"event_name":"Purifier","floor":30,"gold_loss":0}],"is_beta":false,"boss_relics":[{"not_picked":["SlaversCollar","Cursed Key"],"picked":"Sozu"}],"items_purged_floors":[20,29],"is_endless":false,"potions_floor_spawned":[5,6,8,16,18,25,28],"killed_by":"Chosen and Byrds","ascension_level":3}}