{"host":"55yei7x27djrlaep","time":1609946900,"event":{"mods":["Act Like it!","Aspiration","BaseMod","Better Altar","Better Match","Better Note","Better Sensory Stone","Better Skull","Better Third Choice","BetterRewards","Colored Map","Conspire","Evolution","Friendly Minions","GifTheSpireLib","Halation","Hubris","Marisa????????","Minty Spire (QoL Compilation)","Pale of the Ancients","Replay The Spire","StSLib"],"gold_per_floor":[117,127,127,27,42,73,73,91,91,91,419,430,444,460,460,562,562,531,441,461,472,244,269,269,306,306,352,371,396,451,482,482,488,488,520,557,567,567],"floor_reached":37,"playtime":3226,"items_purged":["Strike_R","Burn"],"score":559,"play_id":"04808dc6-e769-480c-9a9b-b0e9fbb349c4","local_time":"20210106182820","is_ascension_mode":true,"campfire_choices":[{"data":"Body Slam","floor":7,"key":"SMITH"},{"data":"True Grit","floor":10,"key":"SMITH"},{"data":"Body Slam","floor":24,"key":"SMITH"},{"floor":32,"key":"REST"}],"circlet_count":0,"master_deck":["Strike_R","Strike_R","Defend_R+1","Defend_R","Bash","Metallicize","Cleave+1","Shrug It Off","True Grit+1","Thunderclap","Body Slam+1","Shrug It Off","Defy Death","Body Slam+1","Disarm","ReplayTheSpireMod:Strike From Hell","hubris:StunningStrike","Fiend Fire","Rage","ConjureBlade","Body Slam+1","Shrug It Off","Entrench","Defy Death","Pot Of Greed","Pot Of Greed","Pot Of Greed","Seeing Red","Metallicize+1"],"relics":["Burning Blood","EVO:Axolotl","halation:SwordOfLegend","ReplayTheSpireMod:TigerMarble","CaptainsWheel","halation:WeightlessCrab","Old Coin","aspiration:WatcherSkillbook","Nunchaku","Replay:Bandana","Chameleon Ring","hubris:Potato","Grinning Jar","halation:SmartPhone"],"acts_visited":["Exordium","TheCity","TheBeyond"],"potions_floor_usage":[11,16,27,27,30,33,33,37],"damage_taken":[{"damage":2,"enemies":"Small Slimes","floor":1,"turns":6},{"damage":1,"enemies":"Jaw Worm","floor":2,"turns":4},{"damage":0,"enemies":"conspire:RoseBush","floor":5,"turns":3},{"damage":48,"enemies":"Lagavulin","floor":6,"turns":11},{"damage":1,"enemies":"Looter","floor":8,"turns":3},{"damage":19,"enemies":"Replay:BlueRogue","floor":11,"turns":11},{"damage":1,"enemies":"Large Slime","floor":12,"turns":6},{"damage":4,"enemies":"Red Slaver","floor":13,"turns":6},{"damage":8,"enemies":"Lots of Slimes","floor":14,"turns":4},{"damage":50,"enemies":"Fading Forest","floor":16,"turns":11},{"damage":33,"enemies":"2 Thieves","floor":18,"turns":5},{"damage":16,"enemies":"3 Byrds","floor":20,"turns":7},{"damage":0,"enemies":"Snecko","floor":21,"turns":7},{"damage":6,"enemies":"Replay:Snechameleon","floor":23,"turns":9},{"damage":3,"enemies":"Chosen and Byrds","floor":25,"turns":5},{"damage":21,"enemies":"Book of Stabbing","floor":27,"turns":6},{"damage":12,"enemies":"Snake Plant","floor":28,"turns":6},{"damage":24,"enemies":"Centurion and Healer","floor":29,"turns":7},{"damage":11,"enemies":"Gremlin Leader","floor":30,"turns":7},{"damage":2,"enemies":"Snecko","floor":31,"turns":6},{"damage":44,"enemies":"conspire:MysteriousRune","floor":33,"turns":9},{"damage":0,"enemies":"3 Shapes","floor":35,"turns":3},{"damage":11,"enemies":"Orb Walker","floor":36,"turns":4},{"damage":95,"enemies":"2 Orb Walkers","floor":37,"turns":5}],"seed_played":"402607050852558607","potions_obtained":[{"floor":6,"key":"ColorlessPotion"},{"floor":12,"key":"BlessingOfTheForge"},{"floor":14,"key":"SmokeBomb"},{"floor":16,"key":"Dexterity Potion"},{"floor":20,"key":"ElixirPotion"},{"floor":25,"key":"PowerPotion"},{"floor":28,"key":"LiquidBronze"},{"floor":30,"key":"Elixir"},{"floor":36,"key":"LiquidBronze"}],"is_trial":false,"path_per_floor":["M","M","?","$","M","E","R","M","T","R","E","M","M","M","R_BF","B",null,"M","?","M","M","$","E","R","M","T","E","M","M","E","M","R","B",null,"M","M","?"],"character_chosen":"IRONCLAD","items_purchased":["halation:SwordOfLegend","ReplayTheSpireMod:TigerMarble","Metallicize","Cleave","True Grit","Nunchaku","Rage"],"campfire_rested":1,"item_purchase_floors":[0,0,0,0,0,22,22],"current_hp_per_floor":[48,53,53,53,59,17,29,34,34,37,24,29,31,29,65,31,68,41,41,31,37,37,37,52,55,55,40,34,16,11,15,57,19,65,71,70,0,0],"gold":567,"neow_bonus":"","is_daily":false,"chose_seed":false,"campfire_upgraded":3,"win_rate":0.0,"timestamp":1609946900,"path_taken":["M","M","?","$","M","E","R","M","T","R","E","M","M","M","R_BF","BOSS","M","?","M","M","?","E","R","M","T","E","M","M","E","M","R","BOSS","M","M","?"],"items_purchased_type":["Relic","Relic","Card","Card","Card","Relic","Card"],"build_version":"2020-12-22","purchased_purges":2,"victory":false,"max_hp_per_floor":[80,80,80,80,80,80,80,80,80,80,80,80,80,80,80,80,80,80,80,80,80,80,80,80,80,80,80,80,80,80,80,80,80,80,80,80,80,80],"card_choices":[{"not_picked":["Sword Boomerang","Twin Strike"],"picked":"Thunderclap","floor":1},{"not_picked":["Pommel Strike","Perfected Strike"],"picked":"Body Slam","floor":2},{"not_picked":["Headbutt","Perfected Strike"],"picked":"Shrug It Off","floor":5},{"not_picked":["ReplayTheSpireMod:Muscle Training","Run Through","Combust"],"picked":"SKIP","floor":6},{"not_picked":["Feel No Pain","Thunderclap"],"picked":"Defy Death","floor":8},{"not_picked":["Rampage","Massacre"],"picked":"Body Slam","floor":11},{"not_picked":["True Grit","Power Through"],"picked":"Disarm","floor":12},{"not_picked":["Flex","Body Slam"],"picked":"Headbutt","floor":13},{"not_picked":["Thunderclap","Bludgeon"],"picked":"ReplayTheSpireMod:Strike From Hell","floor":14},{"not_picked":["Replay:Many Hands","Corruption"],"picked":"hubris:StunningStrike","floor":16},{"not_picked":["Hemokinesis+1","Second Wind","EmptyBody","Adaptation"],"picked":"SKIP","floor":18},{"not_picked":["Hemokinesis+1","Second Wind","EmptyBody","Adaptation"],"picked":"SKIP","floor":18},{"not_picked":["EmptyFist","Blood for Blood","Replay:Cycle","Heavy Blade+1"],"picked":"SKIP","floor":20},{"not_picked":["CutThroughFate","SignatureMove+1","Twin Strike"],"picked":"Fiend Fire","floor":21},{"not_picked":["Blood for Blood+1","Replay:AtTheReady+1","JustLucky+1"],"picked":"ConjureBlade","floor":23},{"not_picked":["Headbutt","hubris:ReadiedAction","Run Through+1"],"picked":"Body Slam+1","floor":25},{"not_picked":["FlurryOfBlows","Crescendo","FlyingSleeves"],"picked":"Shrug It Off","floor":27},{"not_picked":["Run Through","Perfected Strike+1","ClearTheMind","Pommel Strike+1"],"picked":"SKIP","floor":28},{"not_picked":["Run Through","Perfected Strike+1","ClearTheMind","Pommel Strike+1"],"picked":"SKIP","floor":28},{"not_picked":["Run Through","Perfected Strike+1","ClearTheMind","Pommel Strike+1"],"picked":"SKIP","floor":28},{"not_picked":["Run Through","Perfected Strike+1","ClearTheMind","Pommel Strike+1"],"picked":"SKIP","floor":28},{"not_picked":["True Grit","Replay:AtTheReady","conspire:ExplosiveBarrier"],"picked":"Entrench","floor":29},{"not_picked":["Sword Boomerang","CutThroughFate","Armaments"],"picked":"Defy Death","floor":30},{"not_picked":["CrushJoints","JustLucky","Replay:BluntJabs+1"],"picked":"Seeing Red","floor":31},{"not_picked":["Halt","ForeignInfluence+1","ThirdEye","conspire:ExplosiveBarrier+1"],"picked":"SKIP","floor":35},{"not_picked":["Clash+1","Replay:ManipulateFuture","Uppercut"],"picked":"Metallicize+1","floor":36}],"player_experience":397988,"relics_obtained":[{"floor":6,"key":"halation:WeightlessCrab"},{"floor":11,"key":"Old Coin"},{"floor":23,"key":"Replay:Bandana"},{"floor":26,"key":"Chameleon Ring"},{"floor":27,"key":"hubris:Potato"},{"floor":30,"key":"Grinning Jar"}],"event_choices":[{"damage_healed":53,"gold_gain":0,"player_choice":"Embrace Burn","damage_taken":0,"max_hp_gain":0,"max_hp_loss":80,"event_name":"betterThird:BetterShining","floor":3,"gold_loss":0},{"cards_removed":["Strike_R"],"damage_healed":0,"gold_gain":0,"player_choice":"Upgrade and Remove","damage_taken":0,"max_hp_gain":0,"max_hp_loss":0,"event_name":"Designer","floor":19,"gold_loss":90,"cards_upgraded":["Defend_R"]},{"damage_healed":0,"gold_gain":0,"player_choice":"Fight","damage_taken":0,"max_hp_gain":0,"max_hp_loss":0,"event_name":"Mysterious Sphere","floor":37,"gold_loss":0}],"is_beta":false,"boss_relics":[{"not_picked":["hubris:CrackedHourglass","hubris:Stopwatch"],"picked":"aspiration:WatcherSkillbook"},{"not_picked":["hubris:BlackHole","Runic Cube"],"picked":"halation:SmartPhone"}],"items_purged_floors":[0,4],"is_endless":false,"potions_floor_spawned":[6,12,14,16,20,25,28,30,33,36],"killed_by":"2 Orb Walkers","ascension_level":5}}