{"host":"bydnmyvf669xu6ab","time":1609973798,"event":{"mods":["Aspiration","BaseMod","Better Note","BetterRewards","Colored Map","Colored Powertips","Minty Spire (QoL Compilation)","Rare Cards Sparkle","Relic Stats","Shop Mod","StSLib","SuperFastMode","Virulent Crown"],"gold_per_floor":[117,117,117,192,202,202,229,243,270,13,43,43,43,54,54,153,153,171,189,189,39,59,59,77,77,152,152,0,28,28,28,28,126,126,146,166,166,180,190,190,203,248,272,272,272,272,299,349,349,349,349,349,19,47,47],"floor_reached":56,"playtime":7977,"items_purged":[],"score":1665,"play_id":"fb2cd91b-0a1e-4a42-8906-8fb00be5be8d","local_time":"20210106145638","is_ascension_mode":true,"campfire_choices":[{"data":"Bouncing Flask","floor":6,"key":"SMITH"},{"floor":12,"key":"RECALL"},{"data":"Footwork","floor":15,"key":"SMITH"},{"data":"Burst","floor":23,"key":"SMITH"},{"data":"Calculated Gamble","floor":25,"key":"SMITH"},{"data":"Neutralize","floor":30,"key":"SMITH"},{"data":"Blur","floor":32,"key":"SMITH"},{"data":"Bullet Time","floor":40,"key":"SMITH"},{"data":"Chrysalis","floor":46,"key":"SMITH"},{"data":"Enlightenment","floor":49,"key":"SMITH"},{"data":"Deadly Poison","floor":52,"key":"SMITH"}],"circlet_count":0,"master_deck":["Strike_G+1","Strike_G+1","Defend_G","Defend_G","Defend_G","Defend_G","Survivor","Neutralize+1","Crippling Poison","Infinite Blades","Bandage Up+1","Deadly Poison+1","Infinite Blades","Bouncing Flask+1","Blur+1","Poisoned Stab","Distraction","Footwork+1","Burst+1","Poisoned Stab","Escape Plan","Calculated Gamble+1","Bullet Time+1","Terror+1","Crippling Poison+1","Terror+1","Madness","Madness","Deflect+1","Catalyst+1","Chrysalis+1","Enlightenment+1","Trip","Prepared","Conserve Battery+1"],"relics":["Ring of the Snake","StoneCalendar","HornCleat","TwistedFunnel","Snake Skull","Blood Vial","Calipers","Omamori","aspiration:SeaSaltIceCream","Ring of the Snake","InkBottle","CaptainsWheel","HoveringKite","Oddly Smooth Stone","aspiration:FetidBarrel","PrismaticShard","Anchor","Bottled Flame","Astrolabe","Shovel","Whetstone","Frozen Egg 2","aspiration:HatOfInfinitePower","Torii","Strawberry"],"acts_visited":["Exordium","TheCity","TheBeyond","TheEnding"],"potions_floor_usage":[11,16,42,55,55],"damage_taken":[{"damage":0,"enemies":"Cultist","floor":1,"turns":3},{"damage":0,"enemies":"2 Louse","floor":5,"turns":2},{"damage":10,"enemies":"Lagavulin","floor":7,"turns":4},{"damage":0,"enemies":"Jaw Worm","floor":8,"turns":3},{"damage":6,"enemies":"3 Sentries","floor":11,"turns":5},{"damage":1,"enemies":"Large Slime","floor":14,"turns":5},{"damage":6,"enemies":"Hexaghost","floor":16,"turns":6},{"damage":2,"enemies":"Shell Parasite","floor":18,"turns":4},{"damage":1,"enemies":"Chosen","floor":19,"turns":4},{"damage":8,"enemies":"Centurion and Healer","floor":22,"turns":5},{"damage":9,"enemies":"Cultist and Chosen","floor":24,"turns":5},{"damage":0,"enemies":"Book of Stabbing","floor":29,"turns":4},{"damage":0,"enemies":"Automaton","floor":33,"turns":11},{"damage":0,"enemies":"3 Darklings","floor":35,"turns":4},{"damage":0,"enemies":"Orb Walker","floor":36,"turns":2},{"damage":0,"enemies":"Sphere and 2 Shapes","floor":38,"turns":3},{"damage":0,"enemies":"3 Darklings","floor":39,"turns":4},{"damage":0,"enemies":"Spire Growth","floor":41,"turns":4},{"damage":12,"enemies":"2 Orb Walkers","floor":42,"turns":3},{"damage":0,"enemies":"Giant Head","floor":47,"turns":6},{"damage":0,"enemies":"Mind Bloom Boss Battle","floor":48,"turns":5},{"damage":27,"enemies":"Awakened One","floor":50,"turns":12},{"damage":0,"enemies":"Shield and Spear","floor":54,"turns":3},{"damage":42,"enemies":"The Heart","floor":55,"turns":8}],"seed_played":"8376186836179318051","potions_obtained":[{"floor":1,"key":"Strength Potion"},{"floor":8,"key":"Energy Potion"},{"floor":16,"key":"Strength Potion"},{"floor":19,"key":"SkillPotion"},{"floor":24,"key":"Block Potion"}],"is_trial":false,"path_per_floor":["M","T","?","?","M","R","E","M","T","$","E","R","T","M","R","B",null,"M","M","?","$","M","R","M","R","T","?","$","E","R","$","R","B",null,"M","M","?","M","M","R","M","?","T","?","?","R","E","?","R","B",null,"R","$","E","B",null],"character_chosen":"THE_SILENT","items_purchased":["StoneCalendar","HornCleat","TwistedFunnel","Snake Skull","Crippling Poison","Infinite Blades","Bandage Up","Blood Vial","Deadly Poison","Infinite Blades","aspiration:SeaSaltIceCream","Oddly Smooth Stone","Anchor","Torii","Prepared"],"campfire_rested":0,"item_purchase_floors":[0,0,0,0,0,0,0,0,0,0,10,21,28,53,53],"current_hp_per_floor":[34,34,34,27,35,35,33,35,35,35,37,37,37,44,44,46,70,68,70,70,70,65,65,61,61,61,53,53,61,61,61,61,69,70,70,70,61,69,70,70,70,58,58,58,53,53,61,69,69,48,70,70,70,77,37],"gold":47,"neow_bonus":"","is_daily":false,"chose_seed":false,"campfire_upgraded":10,"win_rate":0.0,"timestamp":1609973798,"path_taken":["M","?","?","?","M","R","E","?","T","$","E","R","?","M","R","BOSS","M","M","?","$","M","R","M","R","T","?","$","E","R","$","R","BOSS","M","M","?","M","M","R","M","?","T","?","?","R","E","?","R","BOSS","R","$","E","BOSS"],"items_purchased_type":["Relic","Relic","Relic","Relic","Card","Card","Card","Relic","Card","Card","Relic","Relic","Relic","Relic","Card"],"build_version":"2020-12-22","purchased_purges":0,"victory":true,"max_hp_per_floor":[70,70,70,70,70,70,70,70,70,70,70,70,70,70,70,70,70,70,70,70,70,70,70,70,70,70,70,70,70,70,70,70,70,70,70,70,70,70,70,70,70,70,70,70,70,70,70,70,70,70,70,70,70,77,77],"relic_stats":{"Blood Vial":30,"Shovel":0,"Torii":12,"counters":[652,3227],"Astrolabe":["Terror","Crippling Poison","Terror"],"HoveringKite":[20],"StoneCalendar":[156],"Snake Skull":[479],"Whetstone":["Strike_G","Strike_G"],"obtain_stats":[{"TwistedFunnel":12,"Ginger":53,"Whetstone":54,"Bottled Tornado":26,"Sling":53,"aspiration:RitualStick":19,"Old Coin":37,"Blood Vial":47,"Sundial":24,"MealTicket":0,"Kunai":0,"MerchantsRug":0,"Pear":14,"GiantMaggot":0,"Blue Candle":34,"Velvet Choker":17,"Pen Nib":25,"Paper Crane":0,"aspiration:FrozenJewel":12,"aspiration:IroncladSkillbook":34,"SlaversCollar":17,"Pandora\u0027s Box":17,"Unceasing Top":0,"Ring of the Serpent":17,"WizardHat":0,"Regal Pillow":14,"aspiration:Lifesprig":0,"Lantern":30,"Singing Bowl":0,"Torii":53,"StoneCalendar":34,"Rawhide":40,"RoseTintedShades":43,"Bag of Preparation":0,"Ancient Tea Set":47,"Cursed Key":34,"Burning Blood":26,"Shovel":31,"WristBlade":34,"Ninja Scroll":38,"aspiration:FutureDiary":17,"InkBottle":14,"Ring of the Snake":0,"aspiration:VileToxins":21,"Potion Belt":31,"Lee\u0027s Waffle":0,"CherryCoatedStake":0,"Golden Idol":13,"Thread and Needle":0,"PreservedInsect":9,"The Courier":3,"Omamori":0,"Frozen Egg 2":47,"Busted Crown":17,"Ornamental Fan":10,"Orrery":0,"Turnip":30,"SpikesRelics:DaevaFist":0,"Art of War":45,"Bottled Lightning":9,"Toy Ornithopter":42,"Ice Cream":14,"Calipers":27,"Gremlin Horn":9,"Vajra":34,"HoveringKite":17,"Centennial Puzzle":54,"HornCleat":41,"SpikesRelics:ToyHorsey":48,"DollysMirror":53,"Strawberry":23,"Philosopher\u0027s Stone":17,"Toxic Egg 2":2,"LugNut":0,"Girya":14,"Happy Flower":7,"aspiration:Nostalgia":5,"Dead Branch":37,"Astrolabe":34,"Oddly Smooth Stone":37,"aspiration:SeaSaltIceCream":26,"BlackRope":17,"Letter Opener":54,"War Paint":53,"Question Card":12,"aspiration:HiddenCompartment":43,"Bottled Flame":29,"Shuriken":0,"Bronze Scales":5,"Molten Egg 2":43,"CosmicIsotope":34,"aspiration:HatOfInfinitePower":40,"Pocketwatch":41,"Meat on the Bone":22,"Darkstone Periapt":22,"SnailShell":43,"RetroEgg":23,"SacredBark":34,"Mango":45,"Snake Skull":22,"Juzu Bracelet":0,"Incense Burner":40,"PrismaticShard":25,"ClockworkSouvenir":0,"aspiration:StickyExplosives_weak":7,"Nunchaku":10,"Tough Bandages":11,"Dream Catcher":21,"aspiration:DefectSkillbook":17,"Mummified Hand":26,"Gambling Chip":9,"Pantograph":48,"RollingBoulder":26,"Red Mask":21,"Cracked Core":22,"Runic Pyramid":34,"aspiration:FetidBarrel":40,"aspiration:HummingbirdHeart":38,"ToxicTincture":0,"aspiration:SecretTechniqueScroll":17,"Odd Mushroom":8,"Orichalcum":12,"White Beast Statue":54,"Mercury Hourglass":29,"Calling Bell":34,"Peace Pipe":29,"Strange Spoon":0,"Anchor":26,"CaptainsWheel":0,"Bag of Marbles":7,"aspiration:RitualDagger":34,"Membership Card":0,"PureWater":5,"FossilizedHelix":53,"TungstenRod":29},{"TwistedFunnel":502,"Ginger":315,"Whetstone":337,"Bottled Tornado":488,"Sling":575,"aspiration:RitualStick":393,"Old Coin":308,"Blood Vial":359,"Sundial":299,"MealTicket":338,"Kunai":316,"MerchantsRug":577,"Pear":522,"GiantMaggot":362,"Blue Candle":305,"Velvet Choker":608,"Pen Nib":300,"Paper Crane":409,"aspiration:FrozenJewel":286,"aspiration:IroncladSkillbook":399,"SlaversCollar":415,"Pandora\u0027s Box":392,"Unceasing Top":428,"Ring of the Serpent":440,"WizardHat":338,"Regal Pillow":369,"aspiration:Lifesprig":475,"Lantern":511,"Singing Bowl":316,"Torii":650,"StoneCalendar":305,"Rawhide":333,"RoseTintedShades":333,"Bag of Preparation":495,"Ancient Tea Set":313,"Cursed Key":512,"Burning Blood":300,"Shovel":567,"WristBlade":491,"Ninja Scroll":570,"aspiration:FutureDiary":276,"InkBottle":535,"Ring of the Snake":0,"aspiration:VileToxins":348,"Potion Belt":398,"Lee\u0027s Waffle":362,"CherryCoatedStake":362,"Golden Idol":286,"Thread and Needle":316,"PreservedInsect":294,"The Courier":430,"Omamori":338,"Frozen Egg 2":648,"Busted Crown":523,"Ornamental Fan":343,"Orrery":362,"Turnip":378,"SpikesRelics:DaevaFist":288,"Art of War":333,"Bottled Lightning":320,"Toy Ornithopter":547,"Ice Cream":345,"Calipers":462,"Gremlin Horn":285,"Vajra":305,"HoveringKite":635,"Centennial Puzzle":408,"HornCleat":311,"SpikesRelics:ToyHorsey":359,"DollysMirror":315,"Strawberry":299,"Philosopher\u0027s Stone":346,"Toxic Egg 2":270,"LugNut":281,"Girya":483,"Happy Flower":520,"aspiration:Nostalgia":431,"Dead Branch":381,"Astrolabe":641,"Oddly Smooth Stone":381,"aspiration:SeaSaltIceCream":300,"BlackRope":323,"Letter Opener":553,"War Paint":336,"Question Card":390,"aspiration:HiddenCompartment":571,"Bottled Flame":640,"Shuriken":316,"Bronze Scales":431,"Molten Egg 2":405,"CosmicIsotope":421,"aspiration:HatOfInfinitePower":621,"Pocketwatch":383,"Meat on the Bone":459,"Darkstone Periapt":373,"SnailShell":383,"RetroEgg":349,"SacredBark":353,"Mango":548,"Snake Skull":348,"Juzu Bracelet":386,"Incense Burner":472,"PrismaticShard":349,"ClockworkSouvenir":316,"aspiration:StickyExplosives_weak":320,"Nunchaku":321,"Tough Bandages":368,"Dream Catcher":416,"aspiration:DefectSkillbook":295,"Mummified Hand":614,"Gambling Chip":367,"Pantograph":474,"RollingBoulder":395,"Red Mask":326,"Cracked Core":486,"Runic Pyramid":380,"aspiration:FetidBarrel":570,"aspiration:HummingbirdHeart":355,"ToxicTincture":338,"aspiration:SecretTechniqueScroll":370,"Odd Mushroom":436,"Orichalcum":438,"White Beast Statue":427,"Mercury Hourglass":465,"Calling Bell":305,"Peace Pipe":465,"Strange Spoon":409,"Anchor":327,"CaptainsWheel":338,"Bag of Marbles":293,"aspiration:RitualDagger":330,"Membership Card":428,"PureWater":431,"FossilizedHelix":315,"TungstenRod":529},{"TwistedFunnel":2560,"Ginger":1583,"Whetstone":1730,"Bottled Tornado":2501,"Sling":2891,"aspiration:RitualStick":2048,"Old Coin":1539,"Blood Vial":1863,"Sundial":1486,"MealTicket":1739,"Kunai":1588,"MerchantsRug":2902,"Pear":2654,"GiantMaggot":1891,"Blue Candle":1523,"Velvet Choker":3045,"Pen Nib":1490,"Paper Crane":2130,"aspiration:FrozenJewel":1413,"aspiration:IroncladSkillbook":2076,"SlaversCollar":2161,"Pandora\u0027s Box":2045,"Unceasing Top":2239,"Ring of the Serpent":2294,"WizardHat":1739,"Regal Pillow":1919,"aspiration:Lifesprig":2443,"Lantern":2599,"Singing Bowl":1588,"Torii":3216,"StoneCalendar":1523,"Rawhide":1694,"RoseTintedShades":1694,"Bag of Preparation":2534,"Ancient Tea Set":1567,"Cursed Key":2609,"Burning Blood":1490,"Shovel":2857,"WristBlade":2517,"Ninja Scroll":2869,"aspiration:FutureDiary":1382,"InkBottle":2716,"Ring of the Snake":0,"aspiration:VileToxins":1793,"Potion Belt":2068,"Lee\u0027s Waffle":1891,"CherryCoatedStake":1891,"Golden Idol":1413,"Thread and Needle":1588,"PreservedInsect":1457,"The Courier":2244,"Omamori":1739,"Frozen Egg 2":3199,"Busted Crown":2663,"Ornamental Fan":1765,"Orrery":1891,"Turnip":1966,"SpikesRelics:DaevaFist":1428,"Art of War":1694,"Bottled Lightning":1613,"Toy Ornithopter":2769,"Ice Cream":1775,"Calipers":2387,"Gremlin Horn":1411,"Vajra":1523,"HoveringKite":3140,"Centennial Puzzle":2122,"HornCleat":1553,"SpikesRelics:ToyHorsey":1863,"DollysMirror":1583,"Strawberry":1486,"Philosopher\u0027s Stone":1784,"Toxic Egg 2":1357,"LugNut":1398,"Girya":2475,"Happy Flower":2647,"aspiration:Nostalgia":2248,"Dead Branch":1981,"Astrolabe":3173,"Oddly Smooth Stone":1981,"aspiration:SeaSaltIceCream":1490,"BlackRope":1636,"Letter Opener":2796,"War Paint":1722,"Question Card":2033,"aspiration:HiddenCompartment":2873,"Bottled Flame":3162,"Shuriken":1588,"Bronze Scales":2248,"Molten Egg 2":2099,"CosmicIsotope":2196,"aspiration:HatOfInfinitePower":3088,"Pocketwatch":1992,"Meat on the Bone":2369,"Darkstone Periapt":1937,"SnailShell":1992,"RetroEgg":1800,"SacredBark":1828,"Mango":2776,"Snake Skull":1793,"Juzu Bracelet":2013,"Incense Burner":2427,"PrismaticShard":1800,"ClockworkSouvenir":1588,"aspiration:StickyExplosives_weak":1613,"Nunchaku":1619,"Tough Bandages":1912,"Dream Catcher":2166,"aspiration:DefectSkillbook":1466,"Mummified Hand":3068,"Gambling Chip":1908,"Pantograph":2436,"RollingBoulder":2057,"Red Mask":1654,"Cracked Core":2490,"Runic Pyramid":1978,"aspiration:FetidBarrel":2869,"aspiration:HummingbirdHeart":1839,"ToxicTincture":1739,"aspiration:SecretTechniqueScroll":1926,"Odd Mushroom":2272,"Orichalcum":2282,"White Beast Statue":2231,"Mercury Hourglass":2400,"Calling Bell":1523,"Peace Pipe":2400,"Strange Spoon":2130,"Anchor":1659,"CaptainsWheel":1739,"Bag of Marbles":1452,"aspiration:RitualDagger":1679,"Membership Card":2239,"PureWater":2248,"FossilizedHelix":1583,"TungstenRod":2692}],"InkBottle":[43],"Ring of the Snake":[394]},"card_choices":[{"not_picked":["Dodge and Roll","Underhanded Strike"],"picked":"Bouncing Flask","floor":1},{"not_picked":["Choke","Deflect","Distraction"],"picked":"SKIP","floor":5},{"not_picked":["Sucker Punch","Distraction"],"picked":"Blur","floor":7},{"not_picked":["PiercingWail","Setup"],"picked":"Poisoned Stab","floor":8},{"not_picked":["Slice","Flying Knee"],"picked":"Distraction","floor":11},{"not_picked":["Predator","Distraction"],"picked":"Footwork","floor":14},{"not_picked":["Die Die Die","Night Terror"],"picked":"Burst","floor":16},{"not_picked":["Sucker Punch+1","Slice+1","Cloak And Dagger"],"picked":"SKIP","floor":18},{"not_picked":["Masterful Stab","Bane"],"picked":"Poisoned Stab","floor":19},{"not_picked":["Deadly Poison","Flying Knee+1"],"picked":"Escape Plan","floor":22},{"not_picked":["A Thousand Cuts","Prepared"],"picked":"Calculated Gamble","floor":24},{"not_picked":["CrushJoints+1","Predator","Crescendo+1"],"picked":"SKIP","floor":29},{"not_picked":["Storm of Steel","Scrawl"],"picked":"Bullet Time","floor":33},{"not_picked":["EmptyFist+1","Blade Dance","Acrobatics"],"picked":"SKIP","floor":35},{"not_picked":["Coolheaded","Underhanded Strike+1","True Grit"],"picked":"SKIP","floor":36},{"not_picked":["FlyingSleeves+1","Flying Knee","Purity+1"],"picked":"SKIP","floor":38},{"not_picked":["EmptyFist","Rip and Tear"],"picked":"Deflect+1","floor":39},{"not_picked":["Blade Dance+1","Clothesline","FollowUp+1"],"picked":"SKIP","floor":41},{"not_picked":["Go for the Eyes+1","Tactician+1"],"picked":"Catalyst+1","floor":42},{"not_picked":["The Bomb","Metamorphosis"],"picked":"Chrysalis","floor":45},{"not_picked":["Forethought","Finesse"],"picked":"Enlightenment","floor":45},{"not_picked":["Quick Slash","Beam Cell+1","Meditate+1"],"picked":"SKIP","floor":47},{"not_picked":["Rampage","Steam+1"],"picked":"Trip","floor":48},{"not_picked":["Pommel Strike","Streamline+1"],"picked":"Conserve Battery+1","floor":54}],"player_experience":2200226,"relics_obtained":[{"floor":7,"key":"Calipers"},{"floor":9,"key":"Omamori"},{"floor":11,"key":"InkBottle"},{"floor":13,"key":"CaptainsWheel"},{"floor":26,"key":"aspiration:FetidBarrel"},{"floor":27,"key":"PrismaticShard"},{"floor":29,"key":"Bottled Flame"},{"floor":42,"key":"Shovel"},{"floor":43,"key":"Whetstone"},{"floor":47,"key":"Frozen Egg 2"},{"floor":48,"key":"aspiration:HatOfInfinitePower"},{"floor":54,"key":"Strawberry"}],"event_choices":[{"damage_healed":0,"gold_gain":0,"player_choice":"Grow","damage_taken":0,"max_hp_gain":0,"max_hp_loss":0,"event_name":"Living Wall","floor":3,"gold_loss":0,"cards_upgraded":["Bandage Up"]},{"damage_healed":0,"gold_gain":75,"player_choice":"Touch","damage_taken":7,"max_hp_gain":0,"max_hp_loss":0,"event_name":"FaceTrader","floor":4,"gold_loss":0},{"damage_healed":0,"gold_gain":0,"player_choice":"Ignored","damage_taken":0,"max_hp_gain":0,"max_hp_loss":0,"event_name":"betterNote:BetterNote","floor":20,"gold_loss":0,"cards_obtained":["Limit Break"]},{"damage_healed":0,"gold_gain":0,"player_choice":"Embrace Madness","damage_taken":9,"max_hp_gain":0,"max_hp_loss":0,"event_name":"Winding Halls","floor":37,"gold_loss":0,"cards_obtained":["Madness","Madness"]},{"damage_healed":0,"gold_gain":0,"player_choice":"Fight","damage_taken":0,"max_hp_gain":0,"max_hp_loss":0,"event_name":"Mysterious Sphere","floor":42,"gold_loss":0},{"cards_removed":["Defend_G"],"damage_healed":0,"gold_gain":0,"player_choice":"Removed Skill","damage_taken":0,"max_hp_gain":0,"max_hp_loss":0,"event_name":"Falling","floor":44,"gold_loss":0},{"damage_healed":0,"gold_gain":0,"player_choice":"Memory 2","damage_taken":5,"max_hp_gain":0,"max_hp_loss":0,"event_name":"SensoryStone","floor":45,"gold_loss":0},{"damage_healed":0,"gold_gain":0,"player_choice":"Fight","damage_taken":0,"max_hp_gain":0,"max_hp_loss":0,"event_name":"MindBloom","floor":48,"gold_loss":0}],"is_beta":false,"boss_relics":[{"not_picked":["aspiration:PoetsPen_weak","Runic Pyramid"],"picked":"HoveringKite"},{"not_picked":["Black Star","aspiration:SecretTechniqueScroll"],"picked":"Astrolabe"}],"items_purged_floors":[],"is_endless":false,"potions_floor_spawned":[1,8,16,19,24,33,35,38,41],"ascension_level":1}}