{"host":"t4bl6qmmsws2mq4o","time":1609914369,"event":{"mods":["AchievementEnabler","BaseMod","Better Note","Downfall","GifTheSpireLib","Hermit","Minty Spire (QoL Compilation)","Replay The Spire","StSLib","The Alterego","The Jungle","The Marked"],"gold_per_floor":[116,128,128,403,423,456,456,487,564,564,54,66,82,94,94,191,241,261,278,41,54,54,54,54,54],"floor_reached":24,"playtime":1292,"items_purged":[],"score":208,"play_id":"cca6b266-8327-48d4-89be-34d16eed9b19","local_time":"20210105222609","is_ascension_mode":false,"campfire_choices":[{"floor":7,"key":"REST"},{"floor":10,"key":"RECALL"},{"floor":15,"key":"REST"},{"data":"1","floor":23,"key":"LIFT"}],"circlet_count":0,"master_deck":["Strike_G","Strike_G","Strike_G","Strike_G","Strike_G","Defend_G","Defend_G","Defend_G","Defend_G+1","Defend_G","Survivor","Neutralize","Deflect","Hidden Blade","Regret","Dagger Spray","Backflip","Prepared","Replay:SS_fish_2+1","Noxious Fumes","Finisher","Masterful Stab","ReplayTheSpireMod:IOU","Replay:Bag of Tricks","Replay:Poison Smokescreen","Quick Slash","Quick Slash+1","ReplayTheSpireMod:IOU","Sickly","Hidden Blade","Hidden Blade","Backstab"],"relics":["Fusion Hammer","Ring of Misfortune","ReplayTheSpireMod:Ring of Collecting","Blood Vial","Ancient Tea Set","Juzu Bracelet","Ring of Greed","Replay:Wax Seal","Blue Doll","Replay:Baseball","Bird Faced Urn","Tiny House","Girya"],"acts_visited":["Exordium","theJungle:Jungle"],"potions_floor_usage":[6,6,21],"damage_taken":[{"damage":0,"enemies":"Cultist","floor":1,"turns":4},{"damage":0,"enemies":"2 Louse","floor":2,"turns":2},{"damage":0,"enemies":"Jaw Worm","floor":5,"turns":5},{"damage":39,"enemies":"Gremlin Nob","floor":6,"turns":5},{"damage":3,"enemies":"3 Sentries","floor":8,"turns":12},{"damage":0,"enemies":"Exordium Thugs","floor":12,"turns":5},{"damage":0,"enemies":"Lots of Slimes","floor":13,"turns":2},{"damage":1,"enemies":"Red Slaver","floor":14,"turns":3},{"damage":26,"enemies":"Slime Boss","floor":16,"turns":11},{"damage":7,"enemies":"theJungle:MUSHROOMGANG","floor":18,"turns":5},{"damage":9,"enemies":"Shell Parasite","floor":19,"turns":5},{"damage":13,"enemies":"theJungle:JungleHuntersEncounter","floor":21,"turns":5},{"damage":162,"enemies":"theJungle:Cassacara","floor":24,"turns":6}],"seed_played":"-8736798897069378407","potions_obtained":[{"floor":1,"key":"Block Potion"},{"floor":2,"key":"Dexterity Potion"},{"floor":5,"key":"FearPotion"},{"floor":14,"key":"SteroidPotion"},{"floor":17,"key":"CunningPotion"}],"is_trial":false,"path_per_floor":["M","M","?","?","M","E","R","E","T","R","$","M","M","M","R","B",null,"M","M","$","M","?","R","E"],"character_chosen":"THE_SILENT","items_purchased":["Replay:Baseball","Bird Faced Urn","Replay:SS_fish_2+1","Girya","Hidden Blade"],"campfire_rested":2,"item_purchase_floors":[11,11,11,20,20],"current_hp_per_floor":[70,70,70,70,70,31,52,51,51,51,51,67,69,69,70,44,75,70,75,75,62,62,62,0,0],"gold":54,"neow_bonus":"BOSS_RELIC","is_daily":false,"chose_seed":false,"campfire_upgraded":0,"win_rate":0.0,"timestamp":1609914369,"path_taken":["M","M","?","?","M","E","R","E","T","R","$","M","M","M","R","BOSS","M","M","$","M","?","R","E"],"items_purchased_type":["Relic","Relic","Card","Relic","Card"],"build_version":"2020-12-22","purchased_purges":0,"victory":false,"max_hp_per_floor":[70,70,70,70,70,70,70,70,70,70,70,70,70,70,70,70,75,75,75,75,75,75,75,75,75],"card_choices":[{"not_picked":["Caltrops","Sneak Up"],"picked":"Deflect","floor":1},{"not_picked":["Calculated Gamble","Sucker Punch"],"picked":"Hidden Blade","floor":2},{"not_picked":["Deflect","Dagger Throw"],"picked":"Dagger Spray","floor":5},{"not_picked":["Quick Slash","Riddle With Holes"],"picked":"Backflip","floor":6},{"not_picked":["Dodge and Roll","Outmaneuver"],"picked":"Prepared","floor":8},{"not_picked":["Draining Mist","Backstab"],"picked":"Noxious Fumes","floor":12},{"not_picked":["Sucker Punch","ReplayTheSpireMod:Necrosis"],"picked":"Finisher","floor":13},{"not_picked":["Eviscerate","Bouncing Flask"],"picked":"Masterful Stab","floor":14},{"not_picked":["Unload","Venomology"],"picked":"Replay:Bag of Tricks","floor":16},{"not_picked":["Outmaneuver","Sucker Punch"],"picked":"Replay:Poison Smokescreen","floor":17},{"not_picked":["Deflect","Eviscerate"],"picked":"Quick Slash","floor":18},{"not_picked":["Prepared","Riddle With Holes"],"picked":"Quick Slash+1","floor":19},{"not_picked":["Bane","Dagger Spray"],"picked":"Backstab","floor":21}],"player_experience":459503,"relics_obtained":[{"floor":3,"key":"Ring of Misfortune"},{"floor":3,"key":"ReplayTheSpireMod:Ring of Collecting"},{"floor":6,"key":"Blood Vial"},{"floor":8,"key":"Ancient Tea Set"},{"floor":9,"key":"Juzu Bracelet"},{"floor":9,"key":"Ring of Greed"},{"floor":9,"key":"Replay:Wax Seal"},{"floor":9,"key":"Blue Doll"}],"event_choices":[{"damage_healed":0,"gold_gain":275,"player_choice":"Desecrate","damage_taken":0,"max_hp_gain":0,"max_hp_loss":0,"event_name":"Golden Shrine","floor":4,"gold_loss":0,"cards_obtained":["Regret"]},{"damage_healed":0,"gold_gain":0,"player_choice":"Gold","damage_taken":0,"max_hp_gain":0,"max_hp_loss":0,"event_name":"Wheel of Change","floor":22,"gold_loss":0}],"is_beta":false,"boss_relics":[{"not_picked":["Replay:Fungal Core","SlaversCollar"],"picked":"Tiny House"}],"items_purged_floors":[],"is_endless":false,"potions_floor_spawned":[1,2,5,14,19],"killed_by":"theJungle:Cassacara","ascension_level":0}}