{"host":"ecaj4hn004xnnrw9","time":1609899303,"event":{"mods":["AchievementEnabler","BaseMod","Hermit","Minty Spire (QoL Compilation)","Quick Restart","Replay The Spire","Shop Mod","StSLib","The Jungle"],"gold_per_floor":[112,112,126,76,24,24,41,72,122,122,122,157,157,167,194,207,207,303,303,316,316,330,347,363,363,403,423,423,108,119,119,134,143,143,248,248,277,93,122,151,0,27,27,55,78,92,45,73,114,28,28,28],"floor_reached":53,"playtime":2850,"items_purged":["Strike_B","Pain"],"score":1014,"play_id":"5dcaf304-12c3-4a8e-9810-71cc2b6e14f1","local_time":"20210106021503","is_ascension_mode":true,"campfire_choices":[{"data":"Zap","floor":6,"key":"SMITH"},{"data":"Tempest","floor":17,"key":"SMITH"},{"floor":25,"key":"REST"},{"data":"ReplayTheSpireMod:Calculation Training","floor":31,"key":"SMITH"},{"data":"Thunder Strike","floor":34,"key":"SMITH"},{"floor":51,"key":"REST"}],"circlet_count":0,"master_deck":["Strike_B+1","Defend_B","Defend_B","Defend_B","Zap+1","Dualcast","Conserve Battery","Glacier","Compile Driver+1","Cold Snap","Tempest+1","Self Repair+1","Electrodynamics+1","Thunder Strike+1","ReplayTheSpireMod:Calculation Training+1","Hologram+1","Lockon+1","Sweeping Beam","Capacitor+1","Undo+1","ReplayUltimateDefense+1","Deep Breath","Glacier","Multi-Cast","Tempest","Static Discharge+1","Loop+1","Defragment+1","Reinforced Body+1","Coolheaded+1"],"relics":["Nuclear Battery","Whetstone","Dream Catcher","Frozen Egg 2","Shovel","Painkiller Herb","WarpedTongs","CeramicFish","Mirror","Inserter","BargainBundle","Red Mask","Replay:Wax Seal","Counterbalance","Centennial Puzzle","Chemical X","Geode"],"acts_visited":["Exordium","TheCity","TheBeyond"],"potions_floor_usage":[8,18,24,27,32,35,40,42,52,52],"damage_taken":[{"damage":4,"enemies":"2 Louse","floor":1,"turns":3},{"damage":0,"enemies":"Cultist","floor":3,"turns":4},{"damage":0,"enemies":"Jaw Worm","floor":7,"turns":3},{"damage":8,"enemies":"Lagavulin","floor":8,"turns":9},{"damage":13,"enemies":"3 Sentries","floor":12,"turns":9},{"damage":0,"enemies":"Exordium Thugs","floor":14,"turns":3},{"damage":14,"enemies":"Gremlin Nob","floor":15,"turns":3},{"damage":4,"enemies":"Red Slaver","floor":16,"turns":2},{"damage":12,"enemies":"Fading Forest","floor":18,"turns":11},{"damage":0,"enemies":"Chosen","floor":20,"turns":4},{"damage":25,"enemies":"3 Byrds","floor":22,"turns":3},{"damage":24,"enemies":"Shelled Parasite and Fungi","floor":23,"turns":4},{"damage":27,"enemies":"Snake Plant","floor":24,"turns":3},{"damage":8,"enemies":"Slavers","floor":26,"turns":2},{"damage":7,"enemies":"Centurion and Healer","floor":27,"turns":5},{"damage":5,"enemies":"Chosen and Byrds","floor":30,"turns":5},{"damage":1,"enemies":"Snecko","floor":32,"turns":3},{"damage":4,"enemies":"Champ","floor":35,"turns":9},{"damage":3,"enemies":"Orb Walker","floor":37,"turns":3},{"damage":6,"enemies":"3 Darklings","floor":39,"turns":4},{"damage":15,"enemies":"Transient","floor":40,"turns":5},{"damage":23,"enemies":"Nemesis","floor":42,"turns":7},{"damage":13,"enemies":"Giant Head","floor":44,"turns":9},{"damage":6,"enemies":"Jaw Worm Horde","floor":46,"turns":5},{"damage":0,"enemies":"Spire Growth","floor":48,"turns":5},{"damage":32,"enemies":"Reptomancer","floor":49,"turns":3},{"damage":7,"enemies":"Sphere and 2 Shapes","floor":50,"turns":4},{"damage":12,"enemies":"Donu and Deca","floor":52,"turns":3}],"seed_played":"2136699199354718977","potions_obtained":[{"floor":1,"key":"DistilledChaos"},{"floor":12,"key":"CultistPotion"},{"floor":16,"key":"PowerPotion"},{"floor":23,"key":"ColorlessPotion"},{"floor":24,"key":"BlessingOfTheForge"},{"floor":26,"key":"ColorlessPotion"},{"floor":27,"key":"AttackPotion"},{"floor":35,"key":"PowerPotion"},{"floor":40,"key":"GamblersBrew"},{"floor":42,"key":"DuplicationPotion"}],"is_trial":false,"path_per_floor":["M","?","M","?","$","R","M","E","T","PTL","PTL","E","?","M","E","M","R","B",null,"?","?","?","?","?","T","E","?","T","T","?","T","?","?","T","B",null,"?","T","?","?","?","E","T","E","T","?","T","?","E","?","T","B",null],"character_chosen":"DEFECT","items_purchased":["Compile Driver","ReplayUltimateDefense+1","Deep Breath","BargainBundle","FocusPotion","FocusPotion","Static Discharge+1","Chemical X"],"campfire_rested":2,"item_purchase_floors":[5,29,29,38,38,38,38,47],"current_hp_per_floor":[71,71,71,71,71,71,71,63,63,63,63,50,50,50,46,52,52,50,69,75,75,50,36,19,41,33,36,36,36,41,41,50,50,50,56,70,75,75,75,70,70,47,47,44,44,48,48,48,26,19,41,39],"gold":28,"neow_bonus":"BOSS_RELIC","is_daily":false,"chose_seed":false,"campfire_upgraded":4,"win_rate":0.0,"timestamp":1609899303,"path_taken":["M","?","?","?","$","R","M","E","T","PTL","PTL","E","?","M","E","M","R","BOSS","?","?","?","?","?","T","E","?","T","T","?","T","?","?","T","BOSS","?","?","?","?","?","E","T","E","T","?","T","?","E","?","T","BOSS"],"items_purchased_type":["Card","Card","Card","Relic","Potion","Potion","Card","Relic"],"build_version":"2020-12-22","purchased_purges":2,"victory":true,"max_hp_per_floor":[75,75,75,75,75,75,75,75,75,75,75,75,75,75,75,75,75,75,75,75,75,75,75,75,75,75,75,75,75,75,75,75,75,75,75,75,75,75,75,75,75,75,75,75,75,75,75,75,75,75,75,75],"card_choices":[{"not_picked":["Recycle","Leap"],"picked":"Conserve Battery","floor":1},{"not_picked":["Auto Shields","Leap"],"picked":"Glacier","floor":3},{"not_picked":["Leap","ReplayTheSpireMod:GoodbyeWorld","Panic Button"],"picked":"SKIP","floor":7},{"not_picked":["ReplayTheSpireMod:Fabricate Wheel","Leap"],"picked":"Cold Snap","floor":8},{"not_picked":["Double Energy","Capacitor+1"],"picked":"Tempest","floor":12},{"not_picked":["ReplayTheSpireMod:Reroute Power","Panic Button"],"picked":"Self Repair+1","floor":14},{"not_picked":["Genetic Algorithm","Redo","Barrage"],"picked":"SKIP","floor":15},{"not_picked":["Coolheaded","Beam Cell"],"picked":"Electrodynamics+1","floor":16},{"not_picked":["ReplayTheSpireMod:Omega Cannon","Meteor Strike"],"picked":"Thunder Strike","floor":18},{"not_picked":["Panic Button+1","Recycle"],"picked":"ReplayTheSpireMod:Calculation Training","floor":20},{"not_picked":["Hello World+1","Stack+1"],"picked":"Hologram+1","floor":22},{"not_picked":["FIFO Queue+1","Rip and Tear+1"],"picked":"Lockon+1","floor":23},{"not_picked":["Hologram","Heatsinks+1","Scrape"],"picked":"SKIP","floor":24},{"not_picked":["Hologram","Reprogram"],"picked":"Sweeping Beam","floor":25},{"not_picked":["Barrage+1","Melter"],"picked":"Capacitor+1","floor":26},{"not_picked":["Turbo","Force Field"],"picked":"Undo+1","floor":27},{"not_picked":["Thunder Strike","Auto Shields+1","ReplaySort"],"picked":"SKIP","floor":30},{"not_picked":["Redo+1","Panic Button+1","Gash"],"picked":"SKIP","floor":32},{"not_picked":["Seek","Reboot"],"picked":"Multi-Cast","floor":35},{"not_picked":["Steam+1","Rebound+1"],"picked":"Tempest","floor":37},{"not_picked":["ReplayTheSpireMod:Reroute Power+1","Ball Lightning+1"],"picked":"Loop+1","floor":39},{"not_picked":["ReplaySolidLightProjector+1","Leap"],"picked":"Defragment+1","floor":40},{"not_picked":["Undo+1","Conserve Battery","Scrape"],"picked":"SKIP","floor":42},{"not_picked":["Lockon+1","Doom and Gloom","Multi-Cast"],"picked":"SKIP","floor":44},{"not_picked":["Ball Lightning+1","White Noise","Hello World+1"],"picked":"SKIP","floor":46},{"not_picked":["ReplaySort+1","Compile Driver"],"picked":"Reinforced Body+1","floor":48},{"not_picked":["Conserve Battery+1","Go for the Eyes+1"],"picked":"Coolheaded+1","floor":49},{"not_picked":["Aggregate+1","Chaos+1","Thunder Strike"],"picked":"SKIP","floor":50}],"player_experience":227333,"relics_obtained":[{"floor":8,"key":"Whetstone"},{"floor":9,"key":"Dream Catcher"},{"floor":12,"key":"Frozen Egg 2"},{"floor":15,"key":"Shovel"},{"floor":26,"key":"CeramicFish"},{"floor":28,"key":"Mirror"},{"floor":42,"key":"Replay:Wax Seal"},{"floor":44,"key":"Counterbalance"},{"floor":45,"key":"Centennial Puzzle"},{"floor":49,"key":"Geode"}],"event_choices":[{"cards_removed":["Defend_B"],"damage_healed":0,"gold_gain":0,"player_choice":"Offered Basic","damage_taken":0,"max_hp_gain":0,"max_hp_loss":0,"event_name":"Bonfire Elementals","floor":2,"gold_loss":0},{"cards_removed":["Strike_B"],"damage_healed":0,"gold_gain":0,"player_choice":"Card Removal","damage_taken":0,"max_hp_gain":0,"max_hp_loss":0,"event_name":"The Cleric","floor":4,"gold_loss":50},{"damage_healed":0,"gold_gain":0,"player_choice":"Ignored","damage_taken":0,"max_hp_gain":0,"max_hp_loss":0,"event_name":"Liars Game","floor":13,"gold_loss":0},{"damage_healed":0,"gold_gain":0,"player_choice":"Rummage","damage_taken":0,"relics_obtained":["WarpedTongs"],"max_hp_gain":0,"max_hp_loss":0,"event_name":"Accursed Blacksmith","floor":21,"gold_loss":0,"cards_obtained":["Pain"]},{"damage_healed":0,"gold_gain":0,"cards_transformed":["Strike_B"],"player_choice":"Transformed","damage_taken":0,"max_hp_gain":0,"max_hp_loss":0,"event_name":"Transmorgrifier","floor":33,"gold_loss":0,"cards_obtained":["Glacier"]},{"damage_healed":0,"gold_gain":0,"player_choice":"Paid","damage_taken":0,"relics_obtained":["Red Mask"],"max_hp_gain":0,"max_hp_loss":0,"event_name":"Tomb of Lord Red Mask","floor":41,"gold_loss":151}],"is_beta":false,"boss_relics":[{"not_picked":["Runic Dome","Snecko Eye"],"picked":"Painkiller Herb"},{"not_picked":["Pandora\u0027s Box","Cursed Key"],"picked":"Inserter"}],"items_purged_floors":[29,38],"is_endless":false,"potions_floor_spawned":[1,12,16,23,24,26,27,35,40,42],"ascension_level":5}}