{"host":"7u8vekii4cye2mt9","time":1609946899,"event":{"mods":["BaseMod","Better Altar","Better Note","Better Sensory Stone","Better Skull","Hermit","Minty Spire (QoL Compilation)","Shop Mod","StSLib","The Animator","The Servant 0.9.4","Transform Curses"],"gold_per_floor":[116,191,205,43,43,76,76,105,105,105,135,151,151,151,151,256,256,269,194,194,212,228,228,228],"floor_reached":23,"playtime":1002,"items_purged":[],"score":371,"play_id":"aa28576e-f8ed-4d4e-8c16-a6197a44803b","local_time":"20210106162819","is_ascension_mode":true,"campfire_choices":[{"data":"Mayhem","floor":7,"key":"SMITH"},{"floor":10,"key":"REST"},{"floor":13,"key":"REST"},{"floor":15,"key":"REST"}],"circlet_count":0,"master_deck":["AscendersBane","Strike_G","Strike_G","Strike_G","Strike_G","Defend_G","Defend_G","Defend_G","Defend_G","Survivor","Neutralize","Escape Plan","Accuracy","Mayhem+1","Backflip","Cloak And Dagger","Venomology","Cloak And Dagger","Terror"],"relics":["Ring of the Snake","NeowsBlessing","Singing Bowl","Ninja Scroll","Toy Ornithopter","StrikeDummy","Matryoshka","Black Star"],"acts_visited":["Exordium","TheCity"],"potions_floor_usage":[8,8,16,22,22,23,23],"damage_taken":[{"damage":0,"enemies":"Small Slimes","floor":1,"turns":1},{"damage":0,"enemies":"Jaw Worm","floor":3,"turns":1},{"damage":0,"enemies":"Lagavulin","floor":6,"turns":3},{"damage":20,"enemies":"Gremlin Nob","floor":8,"turns":5},{"damage":47,"enemies":"Lagavulin","floor":11,"turns":11},{"damage":0,"enemies":"2 Louse","floor":12,"turns":3},{"damage":22,"enemies":"The Guardian","floor":16,"turns":13},{"damage":12,"enemies":"Spheric Guardian","floor":18,"turns":5},{"damage":29,"enemies":"Chosen","floor":21,"turns":8},{"damage":12,"enemies":"Shelled Parasite and Fungi","floor":22,"turns":9},{"damage":33,"enemies":"Gremlin Leader","floor":23,"turns":7}],"seed_played":"-5120402181295959617","potions_obtained":[{"floor":3,"key":"Dexterity Potion"},{"floor":6,"key":"CunningPotion"},{"floor":11,"key":"BlessingOfTheForge"},{"floor":22,"key":"CultistPotion"}],"is_trial":false,"path_per_floor":["M","?","M","$","?","E","R","E","T","R","E","M","R","T","R","B",null,"M","?","?","M","M","E"],"character_chosen":"THE_SILENT","items_purchased":["Mayhem"],"campfire_rested":3,"item_purchase_floors":[4],"current_hp_per_floor":[63,52,52,52,45,47,47,27,27,48,1,3,25,25,47,30,63,53,53,53,26,24,1,1],"gold":228,"neow_bonus":"THREE_ENEMY_KILL","is_daily":false,"chose_seed":false,"campfire_upgraded":1,"win_rate":0.0,"timestamp":1609946899,"path_taken":["M","?","M","$","?","E","R","E","T","R","E","M","R","?","R","BOSS","M","?","?","M","M","E"],"items_purchased_type":["Card"],"build_version":"2020-12-22","purchased_purges":0,"victory":false,"max_hp_per_floor":[70,70,70,70,70,72,72,72,72,72,72,74,74,74,74,74,74,76,76,76,78,78,78,78],"card_choices":[{"not_picked":["Poisoned Stab","Concentrate"],"picked":"Escape Plan","floor":1},{"not_picked":["Cloak And Dagger","Dodge and Roll"],"picked":"Accuracy","floor":3},{"not_picked":["Poisoned Stab","Setup","Riddle With Holes"],"picked":"Singing Bowl","floor":6},{"not_picked":["PiercingWail","Heel Hook"],"picked":"Backflip","floor":8},{"not_picked":["Tools of the Trade","Tactician"],"picked":"Cloak And Dagger","floor":11},{"not_picked":["Bouncing Flask","Leg Sweep","Dash"],"picked":"Singing Bowl","floor":12},{"not_picked":["Malaise","Burst"],"picked":"Venomology","floor":16},{"not_picked":["Sucker Punch","Leg Sweep","Bane"],"picked":"Singing Bowl","floor":18},{"not_picked":["Choke","Dodge and Roll","Poisoned Stab"],"picked":"Singing Bowl","floor":21},{"not_picked":["Dodge and Roll","Predator"],"picked":"Terror","floor":22}],"player_experience":496378,"relics_obtained":[{"floor":6,"key":"Singing Bowl"},{"floor":8,"key":"Ninja Scroll"},{"floor":9,"key":"Toy Ornithopter"},{"floor":11,"key":"StrikeDummy"},{"floor":14,"key":"Matryoshka"}],"event_choices":[{"damage_healed":0,"gold_gain":75,"player_choice":"Gather Gold","damage_taken":11,"max_hp_gain":0,"max_hp_loss":0,"event_name":"World of Goop","floor":2,"gold_loss":0},{"cards_removed":["Strike_G"],"damage_healed":0,"gold_gain":0,"player_choice":"Card Removal","damage_taken":7,"max_hp_gain":0,"max_hp_loss":0,"event_name":"Golden Wing","floor":5,"gold_loss":0},{"cards_removed":["Defend_G"],"damage_healed":0,"gold_gain":0,"player_choice":"Gave Gold","damage_taken":0,"max_hp_gain":0,"max_hp_loss":0,"event_name":"Beggar","floor":19,"gold_loss":75},{"damage_healed":0,"gold_gain":0,"player_choice":"Read","damage_taken":0,"max_hp_gain":0,"max_hp_loss":0,"event_name":"The Library","floor":20,"gold_loss":0,"cards_obtained":["Cloak And Dagger"]}],"is_beta":false,"boss_relics":[{"not_picked":["Busted Crown","Snecko Eye"],"picked":"Black Star"}],"items_purged_floors":[],"is_endless":false,"potions_floor_spawned":[3,6,11,22],"killed_by":"Gremlin Leader","ascension_level":12}}