{"host":"flm17o2q7bfjyna6","time":1609970818,"event":{"mods":["2.2 Compatiblity","Act Like it!","BaseMod","Better Altar","Better Match","Better Note","Better Sensory Stone","Better Skull","Better Third Choice","Better Vampires","Colored Map","Colored Powertips","DeckTracker","Hermit","Minty Spire (QoL Compilation)","Quick Restart","Replay The Spire","Reworked Bosses","Spicy Shops","StSLib","Wandering Minibosses"],"gold_per_floor":[111,111,130,3,3,31,49,49,49,60,20,20,54,54,54,151,151,162,6,6,19,46,46,46,46],"floor_reached":24,"playtime":814,"items_purged":[],"score":341,"play_id":"5d1344eb-86f4-4d18-b261-fdeca3e76134","local_time":"20210106170658","is_ascension_mode":true,"campfire_choices":[{"data":"hermit:Maintenance","floor":8,"key":"SMITH"},{"data":"hermit:Glare","floor":12,"key":"SMITH"},{"data":"hermit:Brawl","floor":15,"key":"SMITH"},{"data":"hermit:Gestalt","floor":23,"key":"SMITH"}],"circlet_count":0,"master_deck":["AscendersBane","hermit:Strike_Hermit","hermit:Strike_Hermit","hermit:Strike_Hermit","hermit:Defend_Hermit","hermit:Defend_Hermit","hermit:Defend_Hermit","hermit:Defend_Hermit","hermit:Snapshot","hermit:Covet","hermit:Glare+1","hermit:Maintenance+1","hermit:Enervate+1","hermit:Gestalt+1","hermit:Brawl+1","Parasite","hermit:Purgatory+1","hermit:Grudge+1","hermit:Brawl+1","hermit:Gambit+1","hermit:Maintenance+1"],"relics":["hermit:Momento","NeowsBlessing","Ring of Hypnosis","Replay:Kaleidoscope","Pondfish Scales","betterThird:SlimedRelic","hermit:CharredGlove","Astrolabe","Guide Book","Smiling Mask"],"acts_visited":["Exordium","TheCity"],"potions_floor_usage":[],"damage_taken":[{"damage":0,"enemies":"Jaw Worm","floor":1,"turns":1},{"damage":0,"enemies":"Small Slimes","floor":3,"turns":1},{"damage":0,"enemies":"Lagavulin","floor":6,"turns":1},{"damage":5,"enemies":"Cultist","floor":7,"turns":4},{"damage":1,"enemies":"Large Slime","floor":10,"turns":6},{"damage":24,"enemies":"3 Sentries","floor":13,"turns":10},{"damage":8,"enemies":"The Guardian","floor":16,"turns":11},{"damage":9,"enemies":"Shell Parasite","floor":18,"turns":4},{"damage":2,"enemies":"Chosen","floor":21,"turns":7},{"damage":81,"enemies":"Book of Stabbing","floor":24,"turns":6}],"seed_played":"-5574108383016898472","potions_obtained":[{"floor":6,"key":"Energy Potion"},{"floor":13,"key":"Fire Potion"},{"floor":16,"key":"SteroidPotion"}],"is_trial":false,"path_per_floor":["M","?","M","$","?","E","M","R","T","M","?","R","E","?","R","B",null,"M","$","?","M","T","R","E"],"character_chosen":"HERMIT","items_purchased":["hermit:Quickdraw","hermit:Enervate","Guide Book"],"campfire_rested":0,"item_purchase_floors":[4,4,19],"current_hp_per_floor":[68,68,68,68,68,68,63,63,63,62,51,51,27,45,45,37,66,57,57,57,55,55,55,0,0],"gold":46,"neow_bonus":"THREE_ENEMY_KILL","is_daily":false,"chose_seed":false,"campfire_upgraded":4,"win_rate":0.0,"timestamp":1609970818,"path_taken":["M","?","M","$","?","E","M","R","T","?","?","R","E","?","R","BOSS","M","$","?","M","?","R","E"],"items_purchased_type":["Card","Card","Relic"],"build_version":"2020-12-22","purchased_purges":0,"victory":false,"max_hp_per_floor":[75,75,75,75,75,75,75,75,75,75,75,75,75,75,75,75,75,75,75,75,75,75,75,75,75],"card_choices":[{"not_picked":["hermit:Snipe","hermit:Coalescence"],"picked":"hermit:Glare","floor":1},{"not_picked":["hermit:Snipe","hermit:HoleUp"],"picked":"hermit:Maintenance","floor":3},{"not_picked":["hermit:Shortfuse","hermit:BigShot"],"picked":"hermit:Coalescence","floor":6},{"not_picked":["hermit:Desperado","hermit:Dive"],"picked":"hermit:Gestalt","floor":7},{"not_picked":["hermit:PistolWhip","hermit:Ricochet"],"picked":"hermit:Brawl","floor":10},{"not_picked":["hermit:Brawl","hermit:Coalescence"],"picked":"hermit:Horror","floor":13},{"not_picked":["hermit:EternalForm","hermit:Magnum"],"picked":"hermit:Purgatory","floor":16},{"not_picked":["hermit:Roulette","hermit:Snipe","hermit:CursedWeapon"],"picked":"SKIP","floor":18},{"not_picked":["hermit:CalledShot","hermit:Manifest","hermit:WideOpen"],"picked":"SKIP","floor":21}],"player_experience":1641243,"relics_obtained":[{"floor":2,"key":"Ring of Hypnosis"},{"floor":6,"key":"Replay:Kaleidoscope"},{"floor":9,"key":"Pondfish Scales"},{"floor":13,"key":"hermit:CharredGlove"},{"floor":22,"key":"Smiling Mask"}],"event_choices":[{"cards_removed":["hermit:Strike_Hermit"],"damage_healed":0,"gold_gain":0,"player_choice":"Offered Basic","damage_taken":0,"max_hp_gain":0,"max_hp_loss":0,"event_name":"Bonfire Elementals","floor":5,"gold_loss":0},{"damage_healed":0,"gold_gain":0,"player_choice":"Slimed","damage_taken":11,"max_hp_gain":0,"max_hp_loss":0,"event_name":"betterThird:BetterGoop","floor":11,"gold_loss":40},{"damage_healed":18,"gold_gain":0,"player_choice":"Healed and dodged fight","damage_taken":0,"max_hp_gain":0,"max_hp_loss":0,"event_name":"Mushrooms","floor":14,"gold_loss":0,"cards_obtained":["Parasite"]},{"damage_healed":0,"gold_gain":0,"player_choice":"Copied","damage_taken":0,"max_hp_gain":0,"max_hp_loss":0,"event_name":"Duplicator","floor":20,"gold_loss":0,"cards_obtained":["hermit:Maintenance"]}],"is_beta":false,"boss_relics":[{"not_picked":["Pandora\u0027s Box","Replay:Wanted Poster"],"picked":"Astrolabe"}],"items_purged_floors":[],"is_endless":false,"potions_floor_spawned":[6,13,16,18],"killed_by":"Book of Stabbing","ascension_level":10}}