{"host":"0npau4al1ghjijrr","time":1609936697,"event":{"mods":["ATMod(阿瑾Mod)","Act Like it!","BaseMod","Challenge The Spire","Decade(王小明)","Downfall","GungeonMod","Hallownest","Lobotomy","LobotomyExtend","Minty Spire (QoL Compilation)","Remilia（蕾米莉亚）","Replay The Spire","SOS（斯巴达之子）","Shop Mod","Spicy Shops","StSLib","The Bug Knight","Yuri Mod","vexMod","【遗物卡牌】REMEMod"],"gold_per_floor":[214,233,248,248,248,248,292,292,341,357,383,398,419,435,435,475,475],"floor_reached":16,"playtime":631,"items_purged":[],"score":104,"play_id":"86d1da1c-560a-40bb-b6f0-db93915911ff","local_time":"20210106203817","is_ascension_mode":false,"campfire_choices":[{"data":"AT_FalsePromise","floor":6,"key":"SMITH"},{"data":"yuri:DeepBreathing","floor":8,"key":"SMITH"},{"data":"yuri:DragonForm","floor":15,"key":"SMITH"}],"circlet_count":0,"master_deck":["yuri:yuriStrike","yuri:yuriStrike","yuri:yuriDefend","yuri:yuriDefend","yuri:Oolong","AT_FalsePromise+1","yuri:WickedSlash","yuri:DeepBreathing+1","yuri:HeavierStrike","yuri:DragonForm+1","yuri:GrowingInsanity","yuri:Skip"],"relics":["yuri:yuriKnife","AT_ATBox","REME_ComplimentaryCards","Golden Idol","AT_RedTearstoneRing","AT_BellDemon","DemoMod:GlassGuonStoneRelic","FossilizedHelix","Odd Mushroom","Simple Rune","DemoMod:MemoryAlloy","Anchor","Replay:Bandana"],"acts_visited":["Exordium"],"potions_floor_usage":[16,16],"damage_taken":[{"damage":2,"enemies":"Small Slimes","floor":1,"turns":3},{"damage":4,"enemies":"Jaw Worm","floor":2,"turns":3},{"damage":1,"enemies":"Cultist","floor":3,"turns":4},{"damage":32,"enemies":"Lagavulin","floor":7,"turns":6},{"damage":0,"enemies":"Red Slaver","floor":10,"turns":3},{"damage":50,"enemies":"The Mushroom Lair","floor":11,"turns":4},{"damage":0,"enemies":"2 Fungi Beasts","floor":12,"turns":2},{"damage":0,"enemies":"Blue Slaver","floor":13,"turns":2},{"damage":0,"enemies":"Exordium Wildlife","floor":14,"turns":2},{"damage":16,"enemies":"Hexaghost","floor":16,"turns":2}],"seed_played":"-8520512483478349113","potions_obtained":[{"floor":1,"key":"Guardian:BlockOnCardUsePotion"},{"floor":7,"key":"SpeedPotion"},{"floor":11,"key":"REME_GoldPotion"},{"floor":13,"key":"PowerPotion"}],"is_trial":false,"path_per_floor":["M","M","M","?","?","R","E","R","T","M","?","M","M","M","R","B"],"character_chosen":"YURI","items_purchased":[],"campfire_rested":0,"item_purchase_floors":[],"current_hp_per_floor":[79,79,79,59,80,80,52,52,52,56,6,6,10,10,10,0,0],"gold":475,"neow_bonus":"HUNDRED_GOLD","is_daily":false,"chose_seed":false,"campfire_upgraded":3,"win_rate":0.0,"timestamp":1609936697,"path_taken":["M","M","M","?","?","R","E","R","T","M","?","M","M","M","R","BOSS"],"items_purchased_type":[],"build_version":"2020-12-22","purchased_purges":0,"victory":false,"max_hp_per_floor":[80,80,80,80,80,80,80,80,80,80,80,80,80,80,80,80,80],"card_choices":[{"not_picked":["yuri:Stalk","yuri:Spin"],"picked":"yuri:RepairCode","floor":1},{"not_picked":["yuri:Spin","yuri:CalmingAura"],"picked":"yuri:ThornRemove","floor":2},{"not_picked":["yuri:CalmingAura","yuri:DisableStrike"],"picked":"yuri:WickedSlash","floor":3},{"not_picked":["yuri:RecklessStrike","yuri:DebugCard"],"picked":"yuri:DeepBreathing","floor":7},{"not_picked":["yuri:Parry","yuri:CalmingAura"],"picked":"yuri:HeavierStrike","floor":10},{"not_picked":["yuri:RecklessStrike","yuri:BookBlue"],"picked":"yuri:DragonForm","floor":11},{"not_picked":["yuri:NerfBat","yuri:Stare","yuri:ThrowBook"],"picked":"SKIP","floor":12},{"not_picked":["yuri:Spin","yuri:yuriQuickStrike"],"picked":"yuri:GrowingInsanity","floor":13},{"not_picked":["yuri:HeavierStrike","yuri:StealPen"],"picked":"yuri:Skip","floor":14}],"player_experience":200258,"relics_obtained":[{"floor":7,"key":"AT_RedTearstoneRing"},{"floor":9,"key":"AT_BellDemon"},{"floor":10,"key":"FossilizedHelix"},{"floor":11,"key":"Odd Mushroom"},{"floor":11,"key":"Simple Rune"},{"floor":12,"key":"DemoMod:MemoryAlloy"},{"floor":13,"key":"Anchor"},{"floor":14,"key":"Replay:Bandana"}],"event_choices":[{"damage_healed":0,"gold_gain":0,"player_choice":"Take Damage","damage_taken":20,"relics_obtained":["Golden Idol"],"max_hp_gain":0,"max_hp_loss":0,"event_name":"Golden Idol","floor":4,"gold_loss":0},{"damage_healed":0,"gold_gain":0,"player_choice":"Fought Mushrooms","damage_taken":0,"max_hp_gain":0,"max_hp_loss":0,"event_name":"Mushrooms","floor":11,"gold_loss":0}],"is_beta":false,"boss_relics":[],"items_purged_floors":[],"is_endless":false,"potions_floor_spawned":[1,7,11,13],"killed_by":"Hexaghost","ascension_level":0}}