{"host":"a2lvm7nbw6nkrc91","time":1609918172,"event":{"mods":["BaseMod","Friendly Minions","Hermit","Lobotomy","Minty Spire (QoL Compilation)","Prisma Mod","Replay The Spire","StSLib"],"gold_per_floor":[110,110,120,120,139,173,173,138,163,163,16,46,46,70,70,70,70],"floor_reached":16,"playtime":421,"items_purged":["Strike_R"],"score":106,"play_id":"25857cd9-cff6-42a2-a01d-e33da1c0ac52","local_time":"20210106162932","is_ascension_mode":false,"campfire_choices":[{"data":"ReplayTheSpireMod:Strike From Hell","floor":7,"key":"SMITH"},{"data":"Armaments","floor":10,"key":"SMITH"},{"floor":15,"key":"REST"}],"circlet_count":0,"master_deck":["Strike_R","Strike_R","Strike_R","Defend_R","Defend_R","Defend_R","Defend_R","Bash","Rudolta","Heavy Blade","Thunderclap","QueenOfHatred","ReplayTheSpireMod:Strike From Hell+1","GalaxyChild","Armaments+1","Life Link","OldLady","Flex"],"relics":["Burning Blood","CogitoBucket","Oddly Smooth Stone","ReplayFunnel","Nunchaku","Art of War"],"acts_visited":["Exordium"],"potions_floor_usage":[12],"damage_taken":[{"damage":6,"enemies":"Small Slimes","floor":1,"turns":3},{"damage":1,"enemies":"Cultist","floor":3,"turns":3},{"damage":6,"enemies":"Jaw Worm","floor":5,"turns":3},{"damage":50,"enemies":"Gremlin Nob","floor":6,"turns":5},{"damage":41,"enemies":"3 Sentries","floor":12,"turns":9},{"damage":66,"enemies":"The Guardian","floor":16,"turns":10}],"seed_played":"-8055041506144517915","potions_obtained":[{"floor":6,"key":"SkillPotion"}],"is_trial":false,"path_per_floor":["M","?","M","?","M","E","R","?","T","R","$","E","$","T","R","B"],"character_chosen":"IRONCLAD","items_purchased":["Life Link"],"campfire_rested":1,"item_purchase_floors":[11],"current_hp_per_floor":[80,72,77,70,70,35,35,55,55,55,55,29,29,29,53,0,0],"gold":70,"neow_bonus":"","is_daily":false,"chose_seed":false,"campfire_upgraded":2,"win_rate":0.0,"timestamp":1609918172,"path_taken":["M","?","?","?","M","E","R","?","T","R","$","E","$","?","R","BOSS"],"items_purchased_type":["Card"],"build_version":"2020-12-22","purchased_purges":1,"victory":false,"max_hp_per_floor":[80,80,80,80,80,80,80,80,80,80,80,80,80,80,80,80,80],"card_choices":[{"not_picked":["CherryBlossoms","OSAHOGD","UniverseFragment"],"picked":"Singing Bowl","floor":1},{"not_picked":["BlackArmy","FairyFestival"],"picked":"Rudolta","floor":1},{"not_picked":["Anger","Run Through"],"picked":"Heavy Blade","floor":1},{"not_picked":["BigBird","MHz","BeautyBeast"],"picked":"Singing Bowl","floor":3},{"not_picked":["Heavy Blade","Havoc"],"picked":"Thunderclap","floor":3},{"not_picked":["MeatLantern","WallGazer"],"picked":"QueenOfHatred","floor":5},{"not_picked":["Cleave","Replay:Undeath\u0027s Touch"],"picked":"ReplayTheSpireMod:Strike From Hell","floor":5},{"not_picked":["HappyTeddy","LaLuna"],"picked":"GalaxyChild","floor":6},{"not_picked":["Metallicize","Dual Wield"],"picked":"Armaments","floor":6},{"not_picked":["VoidDream","CherryBlossoms","ShyLook"],"picked":"Singing Bowl","floor":12},{"not_picked":["OSAHOGD","WallGazer"],"picked":"OldLady","floor":12},{"not_picked":["ReplayTheSpireMod:Corrosion Curse","Iron Wave"],"picked":"Flex","floor":12}],"player_experience":498408,"relics_obtained":[{"floor":6,"key":"Oddly Smooth Stone"},{"floor":9,"key":"ReplayFunnel"},{"floor":12,"key":"Nunchaku"},{"floor":14,"key":"Art of War"}],"event_choices":[{"damage_healed":0,"gold_gain":0,"player_choice":"Damaged","damage_taken":8,"max_hp_gain":0,"max_hp_loss":0,"event_name":"Wheel of Change","floor":2,"gold_loss":0},{"cards_removed":["Strike_R"],"damage_healed":0,"gold_gain":0,"player_choice":"Card Removal","damage_taken":7,"max_hp_gain":0,"max_hp_loss":0,"event_name":"Golden Wing","floor":4,"gold_loss":0},{"damage_healed":20,"gold_gain":0,"player_choice":"Healed","damage_taken":0,"max_hp_gain":0,"max_hp_loss":0,"event_name":"The Cleric","floor":8,"gold_loss":35}],"is_beta":false,"boss_relics":[],"items_purged_floors":[11],"is_endless":false,"potions_floor_spawned":[6],"killed_by":"The Guardian","ascension_level":0}}