{"host":"htpechobqgpaugnv","time":1609915262,"event":{"mods":["AchievementEnabler","BaseMod","Minty Spire (QoL Compilation)","Quick Restart","Relic Stats"],"gold_per_floor":[112,37,187,112,128,128,155,155,155,155,155,172,172,205,205,279,279,298,315,315,42,42,42,70,80,80,110,110,20,70,88,88,162,162,181,181,231,241,241,274,274,309,362,362,362,362,373,189,189,189,189,189,189,19,48,48,48],"floor_reached":56,"playtime":3373,"items_purged":["Doubt","Strike_G","Strike_G+1","Strike_G+1"],"score":1915,"play_id":"c5865f81-365a-404b-b139-e96ac8dfe461","local_time":"20210106004102","is_ascension_mode":true,"campfire_choices":[{"data":"Corpse Explosion","floor":6.0,"key":"SMITH"},{"data":"Well Laid Plans","floor":8,"key":"SMITH"},{"data":"Neutralize","floor":10,"key":"SMITH"},{"data":"Deadly Poison","floor":15,"key":"SMITH"},{"floor":23,"key":"REST"},{"floor":32,"key":"REST"},{"data":"Malaise","floor":41,"key":"SMITH"},{"floor":46,"key":"REST"},{"floor":49,"key":"RECALL"},{"data":"Malaise","floor":53,"key":"SMITH"}],"circlet_count":0,"master_deck":["AscendersBane","Strike_G+1","Defend_G+1","Defend_G+1","Defend_G+1","Defend_G+1","Defend_G+1","Survivor","Neutralize+1","Corpse Explosion+1","Well Laid Plans+1","PiercingWail","Acrobatics","Deadly Poison+1","Bullet Time","Noxious Fumes","Deadly Poison","After Image","Malaise+1","Crippling Poison+1","Malaise+1","Crippling Poison+1","PiercingWail"],"relics":["Ring of the Snake","Bottled Tornado","Regal Pillow","Bronze Scales","MealTicket","Philosopher\u0027s Stone","MutagenicStrength","Membership Card","White Beast Statue","Toy Ornithopter","Centennial Puzzle","PreservedInsect","SlaversCollar","Potion Belt","Snake Skull","Ancient Tea Set","Pen Nib","DollysMirror","Medical Kit","Art of War"],"acts_visited":["Exordium","TheCity","TheBeyond","TheEnding"],"potions_floor_usage":[7,12,14,27,27,33,33,40,40,50,51,51,51,55,56,56],"damage_taken":[{"damage":4.0,"enemies":"Jaw Worm","floor":1.0,"turns":5.0},{"damage":4.0,"enemies":"Small Slimes","floor":5.0,"turns":4.0},{"damage":12,"enemies":"Lagavulin","floor":7,"turns":8},{"damage":0,"enemies":"2 Louse","floor":12,"turns":2},{"damage":26,"enemies":"3 Sentries","floor":14,"turns":5},{"damage":14,"enemies":"The Guardian","floor":16,"turns":9},{"damage":16,"enemies":"2 Thieves","floor":18,"turns":3},{"damage":18,"enemies":"Shell Parasite","floor":19,"turns":4},{"damage":35,"enemies":"Gremlin Leader","floor":24,"turns":7},{"damage":23,"enemies":"Shelled Parasite and Fungi","floor":25,"turns":4},{"damage":15,"enemies":"Book of Stabbing","floor":27,"turns":5},{"damage":1,"enemies":"Centurion and Healer","floor":31,"turns":5},{"damage":10,"enemies":"Collector","floor":33,"turns":8},{"damage":4,"enemies":"3 Shapes","floor":35,"turns":2},{"damage":2,"enemies":"Orb Walker","floor":38,"turns":4},{"damage":22,"enemies":"Reptomancer","floor":40,"turns":7},{"damage":27,"enemies":"Nemesis","floor":42,"turns":9},{"damage":2,"enemies":"Sphere and 2 Shapes","floor":47,"turns":3},{"damage":30,"enemies":"Awakened One","floor":50,"turns":18},{"damage":39,"enemies":"Donu and Deca","floor":51,"turns":8},{"damage":20,"enemies":"Shield and Spear","floor":55,"turns":6},{"damage":83,"enemies":"The Heart","floor":56,"turns":8}],"seed_played":"1393060341498397279","potions_obtained":[{"floor":1.0,"key":"SkillPotion"},{"floor":7,"key":"BlessingOfTheForge"},{"floor":11,"key":"Swift Potion"},{"floor":11,"key":"Strength Potion"},{"floor":12,"key":"Regen Potion"},{"floor":18,"key":"Strength Potion"},{"floor":25,"key":"SpeedPotion"},{"floor":27,"key":"SpeedPotion"},{"floor":33,"key":"ColorlessPotion"},{"floor":35,"key":"DistilledChaos"},{"floor":38,"key":"GhostInAJar"},{"floor":40,"key":"CultistPotion"},{"floor":42,"key":"SteroidPotion"},{"floor":47,"key":"Fruit Juice"},{"floor":55,"key":"Regen Potion"}],"is_trial":false,"path_per_floor":["M","?","?","$","M","R","E","R","T","R","?","M","T","E","R","B",null,"M","M","?","$","?","R","E","M","T","E","T","$","?","M","R","B",null,"M","?","T","M","?","E","R","E","T","?","T","R","M","$","R","B","B",null,"R","$","E","B"],"character_chosen":"THE_SILENT","items_purchased":["Membership Card","Noxious Fumes","Deadly Poison","Block Potion","DollysMirror","SpeedPotion","Medical Kit","GhostInAJar","SpeedPotion"],"campfire_rested":3,"item_purchase_floors":[21,21,21,29,48,48,54,54,54],"current_hp_per_floor":[55,55,55,55,51,51,39,39,39,39,39,39,39,27,27,13,53,37,19,19,34,34,66,31,8,8,3,3,18,18,17,51,51,62,58,58,58,56,56,44,44,17,17,17,17,51,49,64,64,41,17,58,58,71,56,0,0],"gold":48,"neow_bonus":"THREE_RARE_CARDS","is_daily":false,"chose_seed":false,"campfire_upgraded":6,"win_rate":0.0,"timestamp":1609915262,"path_taken":["M","?","?","$","M","R","E","R","T","R","?","?","?","E","R","BOSS","M","M","?","$","?","R","E","?","T","E","?","?","?","M","R","BOSS","M","?","?","?","?","E","R","E","T","?","?","R","M","$","R","BOSS","BOSS","R","$","E","BOSS"],"items_purchased_type":["Relic","Card","Card","Potion","Relic","Potion","Relic","Potion","Potion"],"build_version":"2020-12-22","purchased_purges":4,"victory":false,"max_hp_per_floor":[66,66,66,66,66,66,66,66,66,66,66,66,66,66,66,66,66,66,66,66,66,66,66,66,66,66,66,66,66,66,66,66,66,66,66,66,66,66,66,66,66,66,66,66,66,66,66,66,66,71,71,71,71,71,71,71,71],"relic_stats":{"Regal Pillow":43,"counters":[22,134],"PreservedInsect":188,"Snake Skull":[90],"Pen Nib":[2],"Medical Kit":[6],"Centennial Puzzle":[33],"Bronze Scales":[561],"MealTicket":58,"Art of War":[4],"obtain_stats":[{"Potion Belt":40,"Regal Pillow":9,"PreservedInsect":28,"Snake Skull":42,"Pen Nib":45,"Bottled Tornado":7,"Ancient Tea Set":43,"Medical Kit":54,"White Beast Statue":24,"SlaversCollar":34,"Centennial Puzzle":27,"DollysMirror":48,"Bronze Scales":13,"MutagenicStrength":20,"MealTicket":14,"Philosopher\u0027s Stone":17,"Art of War":55,"Membership Card":21,"Toy Ornithopter":26,"Ring of the Snake":0},{"Potion Belt":16,"Regal Pillow":3,"PreservedInsect":11,"Snake Skull":17,"Pen Nib":17,"Bottled Tornado":3,"Ancient Tea Set":17,"Medical Kit":20,"White Beast Statue":9,"SlaversCollar":13,"Centennial Puzzle":11,"DollysMirror":18,"Bronze Scales":4,"MutagenicStrength":8,"MealTicket":5,"Philosopher\u0027s Stone":6,"Art of War":21,"Membership Card":8,"Toy Ornithopter":10,"Ring of the Snake":0},{"Potion Belt":82,"Regal Pillow":17,"PreservedInsect":56,"Snake Skull":91,"Pen Nib":91,"Bottled Tornado":17,"Ancient Tea Set":91,"Medical Kit":120,"White Beast Statue":47,"SlaversCollar":69,"Centennial Puzzle":56,"DollysMirror":94,"Bronze Scales":19,"MutagenicStrength":40,"MealTicket":24,"Philosopher\u0027s Stone":33,"Art of War":126,"Membership Card":40,"Toy Ornithopter":51,"Ring of the Snake":0}],"Toy Ornithopter":62,"Ring of the Snake":[44]},"card_choices":[{"not_picked":["Doppelganger","Malaise"],"picked":"Corpse Explosion","floor":0.0},{"not_picked":["Escape Plan","Slice"],"picked":"Well Laid Plans","floor":1.0},{"not_picked":["Acrobatics","Slice"],"picked":"PiercingWail","floor":5.0},{"not_picked":["Well Laid Plans","Deflect"],"picked":"Acrobatics","floor":7},{"not_picked":["Tactician","Blade Dance","Dodge and Roll"],"picked":"SKIP","floor":12},{"not_picked":["Masterful Stab","Backflip"],"picked":"Deadly Poison","floor":14},{"not_picked":["Storm of Steel","After Image"],"picked":"Bullet Time","floor":16},{"not_picked":["Cloak And Dagger","Flying Knee","Slice"],"picked":"SKIP","floor":18},{"not_picked":["Outmaneuver+1","Underhanded Strike","Deflect"],"picked":"SKIP","floor":19},{"not_picked":["Riddle With Holes","Poisoned Stab+1","Infinite Blades"],"picked":"SKIP","floor":24},{"not_picked":["Underhanded Strike","Dagger Throw"],"picked":"After Image","floor":25},{"not_picked":["Flying Knee","Poisoned Stab","Outmaneuver"],"picked":"SKIP","floor":27},{"not_picked":["Heel Hook","Finisher","Quick Slash"],"picked":"SKIP","floor":31},{"not_picked":["Die Die Die","After Image"],"picked":"Malaise","floor":33},{"not_picked":["Outmaneuver","Cloak And Dagger","Infinite Blades"],"picked":"SKIP","floor":35},{"not_picked":["Deadly Poison","Bouncing Flask"],"picked":"Crippling Poison+1","floor":38},{"not_picked":["Accuracy+1","Endless Agony+1"],"picked":"Malaise","floor":40},{"not_picked":["Dagger Throw+1","Blade Dance","Quick Slash"],"picked":"SKIP","floor":42},{"not_picked":["Deflect+1","Terror","Flying Knee"],"picked":"SKIP","floor":47},{"not_picked":["Cloak And Dagger+1","Dodge and Roll"],"picked":"PiercingWail","floor":55}],"player_experience":1269438,"relics_obtained":[{"floor":7,"key":"Bottled Tornado"},{"floor":9,"key":"Regal Pillow"},{"floor":13,"key":"Bronze Scales"},{"floor":14,"key":"MealTicket"},{"floor":24,"key":"White Beast Statue"},{"floor":26,"key":"Toy Ornithopter"},{"floor":27,"key":"Centennial Puzzle"},{"floor":28,"key":"PreservedInsect"},{"floor":40,"key":"Potion Belt"},{"floor":42,"key":"Snake Skull"},{"floor":43,"key":"Ancient Tea Set"},{"floor":45,"key":"Pen Nib"},{"floor":55,"key":"Art of War"}],"event_choices":[{"cards_removed":["Shame"],"damage_healed":0.0,"max_hp_gain":0.0,"max_hp_loss":0.0,"gold_gain":0.0,"event_name":"The Cleric","player_choice":"Card Removal","floor":2.0,"gold_loss":75.0,"damage_taken":0.0},{"damage_healed":0.0,"max_hp_gain":0.0,"max_hp_loss":0.0,"gold_gain":150.0,"event_name":"Liars Game","player_choice":"AGREE","floor":3.0,"gold_loss":0.0,"damage_taken":0.0,"cards_obtained":["Doubt"]},{"damage_healed":0,"gold_gain":0,"player_choice":"Got Potions","damage_taken":0,"max_hp_gain":0,"max_hp_loss":0,"event_name":"Lab","floor":11,"gold_loss":0},{"damage_healed":0,"gold_gain":0,"player_choice":"Inject Mutagens","damage_taken":0,"relics_obtained":["MutagenicStrength"],"max_hp_gain":0,"max_hp_loss":0,"event_name":"Drug Dealer","floor":20,"gold_loss":0},{"damage_healed":0,"gold_gain":0,"player_choice":"Simplicity","damage_taken":0,"max_hp_gain":0,"max_hp_loss":0,"event_name":"Back to Basics","floor":22,"gold_loss":0,"cards_upgraded":["Strike_G","Strike_G","Strike_G","Strike_G","Defend_G","Defend_G","Defend_G","Defend_G","Defend_G"]},{"damage_healed":0,"gold_gain":50,"player_choice":"Stole From Cult","damage_taken":0,"max_hp_gain":0,"max_hp_loss":0,"event_name":"Nest","floor":30,"gold_loss":0},{"cards_removed":["Strike_G"],"damage_healed":0,"gold_gain":0,"player_choice":"Removed Attack","damage_taken":0,"max_hp_gain":0,"max_hp_loss":0,"event_name":"Falling","floor":36,"gold_loss":0},{"damage_healed":0,"gold_gain":0,"player_choice":"Memory 1","damage_taken":0,"max_hp_gain":0,"max_hp_loss":0,"event_name":"SensoryStone","floor":39,"gold_loss":0},{"damage_healed":0,"gold_gain":0,"player_choice":"Ignored","damage_taken":0,"max_hp_gain":0,"max_hp_loss":0,"event_name":"The Moai Head","floor":44,"gold_loss":0}],"is_beta":false,"boss_relics":[{"not_picked":["SacredBark","Coffee Dripper"],"picked":"Philosopher\u0027s Stone"},{"not_picked":["Astrolabe","HoveringKite"],"picked":"SlaversCollar"}],"items_purged_floors":[4,21,29,48],"is_endless":false,"potions_floor_spawned":[1,7,12,18,25,27,31,33,35,38,40,42,47,55],"killed_by":"The Heart","ascension_level":20}}