{"host":"vpaavrwbmey593fx","time":1609910426,"event":{"mods":["AchievementEnabler","BaseMod","Colored Map","Colored Powertips","DeckTracker","Minty Spire (QoL Compilation)","Relic Sorter"],"gold_per_floor":[111,130,147,147,222,222,255,281,326,326,326,326,326,338,338,433,433,448,448,460,460,79,79,111,210,265,280,280,306,306,324,324,452,452,464,65,65,112,141,169,181,220,232,261,304,215,215,229,229,229,229,229,82,82,82],"floor_reached":54,"playtime":7203,"items_purged":["Strike_B","Strike_B","Strike_B+1"],"score":793,"play_id":"a9da6e48-d854-44e4-9596-1996fa32459d","local_time":"20210105212026","is_ascension_mode":true,"campfire_choices":[{"data":"Dualcast","floor":6.0,"key":"SMITH"},{"data":"Zap","floor":10.0,"key":"SMITH"},{"floor":13.0,"key":"RECALL"},{"floor":15.0,"key":"REST"},{"data":"Apotheosis","floor":23.0,"key":"SMITH"},{"floor":28.0,"key":"REST"},{"floor":30.0,"key":"REST"},{"floor":32.0,"key":"REST"},{"data":"White Noise","floor":41,"key":"SMITH"},{"data":"Hologram","floor":47,"key":"SMITH"},{"floor":49,"key":"REST"},{"data":"Seek","floor":52,"key":"SMITH"}],"circlet_count":0,"master_deck":["Defend_B+1","Defend_B+1","Defend_B+1","Zap+1","Dualcast+1","Reboot+1","Cold Snap","Gash","Ball Lightning","Fission","Beam Cell","Hologram+1","Deep Breath","Apotheosis+1","White Noise+1","Leap+1","Rebound+1","White Noise+1","Seek+1","Hologram","Scrape+1","Flash of Steel+1","Conserve Battery","Double Energy+1","Gash+1"],"relics":["Cracked Core","War Paint","Tiny Chest","Bird Faced Urn","Oddly Smooth Stone","Empty Cage","Ancient Tea Set","Nuclear Battery","Boot","Molten Egg 2","TheAbacus","MawBank","Smiling Mask","CaptainsWheel","Centennial Puzzle"],"acts_visited":["Exordium","TheCity","TheBeyond","TheEnding"],"potions_floor_usage":[50,50,54],"damage_taken":[{"damage":8.0,"enemies":"2 Louse","floor":1.0,"turns":3.0},{"damage":1.0,"enemies":"Jaw Worm","floor":2.0,"turns":4.0},{"damage":0.0,"enemies":"Small Slimes","floor":3.0,"turns":3.0},{"damage":5.0,"enemies":"Gremlin Nob","floor":7.0,"turns":3.0},{"damage":1.0,"enemies":"Exordium Thugs","floor":14.0,"turns":4.0},{"damage":12.0,"enemies":"Slime Boss","floor":16.0,"turns":8.0},{"damage":0.0,"enemies":"Chosen","floor":18.0,"turns":3.0},{"damage":5.0,"enemies":"2 Thieves","floor":20.0,"turns":4.0},{"damage":36.0,"enemies":"Book of Stabbing","floor":24.0,"turns":6.0},{"damage":12.0,"enemies":"Sentry and Sphere","floor":27.0,"turns":7.0},{"damage":18.0,"enemies":"Gremlin Leader","floor":29.0,"turns":8.0},{"damage":0.0,"enemies":"Chosen and Byrds","floor":31.0,"turns":4.0},{"damage":38.0,"enemies":"Automaton","floor":33.0,"turns":10.0},{"damage":0.0,"enemies":"3 Shapes","floor":35.0,"turns":3.0},{"damage":23,"enemies":"3 Darklings","floor":39,"turns":5},{"damage":0,"enemies":"Jaw Worm Horde","floor":40,"turns":3},{"damage":24,"enemies":"Nemesis","floor":42,"turns":7},{"damage":0,"enemies":"Sphere and 2 Shapes","floor":44,"turns":3},{"damage":0,"enemies":"Reptomancer","floor":45,"turns":7},{"damage":0,"enemies":"Maw","floor":48,"turns":7},{"damage":101,"enemies":"Time Eater","floor":50,"turns":13},{"damage":86,"enemies":"Shield and Spear","floor":54,"turns":5}],"seed_played":"-4535134394114452514","potions_obtained":[{"floor":2.0,"key":"Strength Potion"},{"floor":3.0,"key":"Energy Potion"},{"floor":14.0,"key":"Explosive Potion"},{"floor":29.0,"key":"LiquidBronze"},{"floor":31.0,"key":"ColorlessPotion"},{"floor":35.0,"key":"PotionOfCapacity"},{"floor":37.0,"key":"EssenceOfSteel"},{"floor":48,"key":"Swift Potion"}],"is_trial":false,"path_per_floor":["M","M","M","?","?","R","E","T","T","R","T","?","R","M","R","B",null,"M","T","M","?","$","R","E","?","T","M","R","E","R","M","R","B",null,"M","$","?","T","M","M","R","E","T","M","E","$","R","M","R","B",null,"R","$","E"],"character_chosen":"DEFECT","items_purchased":["Deep Breath","Apotheosis","White Noise","Scrape+1","Flash of Steel+1","TheAbacus","FairyPotion","Gash+1","Dexterity Potion","PowerPotion"],"campfire_rested":5,"item_purchase_floors":[22,22,22,36,36,36,36,46,53,53],"current_hp_per_floor":[67,66,66,51,40,40,35,35,35,35,35,35,35,34,56,44,75,75,75,70,70,70,70,36,36,36,26,48,32,54,56,75,37,75,75,75,75,75,56,60,60,40,40,44,48,48,48,52,74,22,75,75,75,0,0],"gold":82,"neow_bonus":"ONE_RANDOM_RARE_CARD","is_daily":false,"chose_seed":false,"campfire_upgraded":6,"win_rate":0.0,"timestamp":1609910426,"path_taken":["M","M","M","?","?","R","E","?","T","R","?","?","R","M","R","BOSS","M","?","M","?","$","R","E","?","T","M","R","E","R","M","R","BOSS","M","$","?","?","M","M","R","E","T","M","E","$","R","M","R","BOSS","R","$","E"],"items_purchased_type":["Card","Card","Card","Card","Card","Relic","Potion","Card","Potion","Potion"],"build_version":"2020-12-22","purchased_purges":3,"victory":false,"max_hp_per_floor":[75,75,75,75,75,75,75,75,75,75,75,75,75,75,75,75,75,75,75,75,75,75,75,75,75,75,75,75,75,75,75,75,75,75,75,75,75,75,75,75,75,75,75,75,75,75,75,75,75,75,75,75,75,75,75],"card_choices":[{"not_picked":["Force Field","Glacier"],"picked":"Cold Snap","floor":1.0},{"not_picked":["Sunder","Streamline"],"picked":"Gash","floor":2.0},{"not_picked":["Beam Cell","Compile Driver","Barrage"],"picked":"SKIP","floor":3.0},{"not_picked":["Storm","Rip and Tear","Go for the Eyes"],"picked":"SKIP","floor":7.0},{"not_picked":["Turbo","Stack"],"picked":"Ball Lightning","floor":14.0},{"not_picked":["Reboot","Buffer"],"picked":"Fission","floor":16.0},{"not_picked":["Sweeping Beam","Turbo"],"picked":"Beam Cell","floor":18.0},{"not_picked":["Stack+1","Redo","Steam"],"picked":"SKIP","floor":20.0},{"not_picked":["Reprogram","Compile Driver+1","Leap"],"picked":"SKIP","floor":24.0},{"not_picked":["Redo","Rainbow"],"picked":"Leap+1","floor":27.0},{"not_picked":["Reprogram","Stack"],"picked":"Rebound+1","floor":29.0},{"not_picked":["Go for the Eyes+1","Leap+1"],"picked":"White Noise+1","floor":31.0},{"not_picked":["Biased Cognition","Fission"],"picked":"Seek","floor":33.0},{"not_picked":["Genetic Algorithm","Steam+1"],"picked":"Hologram","floor":35.0},{"not_picked":["Cold Snap+1","Stack+1","Machine Learning"],"picked":"SKIP","floor":39},{"not_picked":["Sweeping Beam+1","Rebound+1","Ball Lightning+1"],"picked":"SKIP","floor":40},{"not_picked":["Rebound+1","Hologram+1","Storm+1"],"picked":"SKIP","floor":42},{"not_picked":["Rebound+1","Undo+1"],"picked":"Conserve Battery","floor":44},{"not_picked":["Fission","Streamline+1"],"picked":"Double Energy+1","floor":45},{"not_picked":["Conserve Battery+1","Leap+1","Double Energy+1"],"picked":"SKIP","floor":48}],"player_experience":97801,"relics_obtained":[{"floor":7.0,"key":"Tiny Chest"},{"floor":8.0,"key":"Boot"},{"floor":9.0,"key":"Oddly Smooth Stone"},{"floor":19.0,"key":"Bird Faced Urn"},{"floor":24.0,"key":"Ancient Tea Set"},{"floor":26.0,"key":"War Paint"},{"floor":29.0,"key":"Molten Egg 2"},{"floor":38.0,"key":"MawBank"},{"floor":42,"key":"Smiling Mask"},{"floor":43,"key":"CaptainsWheel"},{"floor":45,"key":"Centennial Puzzle"}],"event_choices":[{"damage_healed":0.0,"max_hp_gain":0.0,"max_hp_loss":0.0,"gold_gain":0.0,"event_name":"Shining Light","player_choice":"Entered Light","floor":4.0,"gold_loss":0.0,"damage_taken":15.0,"cards_upgraded":["Defend_B","Strike_B"]},{"damage_healed":0.0,"max_hp_gain":0.0,"max_hp_loss":0.0,"gold_gain":75.0,"event_name":"World of Goop","player_choice":"Gather Gold","floor":5.0,"gold_loss":0.0,"damage_taken":11.0},{"damage_healed":0.0,"max_hp_gain":0.0,"max_hp_loss":0.0,"gold_gain":0.0,"event_name":"Upgrade Shrine","player_choice":"Upgraded","floor":12.0,"gold_loss":0.0,"damage_taken":0.0,"cards_upgraded":["Reboot"]},{"damage_healed":0.0,"max_hp_gain":0.0,"max_hp_loss":0.0,"gold_gain":0.0,"event_name":"The Library","player_choice":"Read","floor":21.0,"gold_loss":0.0,"damage_taken":0.0,"cards_obtained":["Hologram"]},{"damage_healed":0.0,"max_hp_gain":0.0,"max_hp_loss":0.0,"gold_gain":99.0,"event_name":"Nest","player_choice":"Stole From Cult","floor":25.0,"gold_loss":0.0,"damage_taken":0.0},{"damage_healed":0.0,"max_hp_gain":0.0,"max_hp_loss":0.0,"gold_gain":0.0,"event_name":"Lab","player_choice":"Got Potions","floor":37.0,"gold_loss":0.0,"damage_taken":0.0}],"is_beta":false,"boss_relics":[{"not_picked":["Runic Dome","Fusion Hammer"],"picked":"Nuclear Battery"},{"not_picked":["Velvet Choker","Busted Crown"],"picked":"Empty Cage"}],"items_purged_floors":[22,46,53],"is_endless":false,"potions_floor_spawned":[2,3,14,29,31,35,42,45,48],"killed_by":"Shield and Spear","ascension_level":1}}