{"host":"cd9ii0p4lcq6b7m2","time":1609971005,"event":{"mods":["BaseMod","Block Reminder","Colored Map","Highlight Path","Minty Spire (QoL Compilation)"],"gold_per_floor":[115,65,65,85,110,144,157,157,157,186,0,26,26,36,36,135,135,152,152,163,1,17,49,14,29,55,5,5,5],"floor_reached":28,"playtime":2025,"items_purged":["Strike_R","Defend_R"],"score":295,"play_id":"d55be1dc-4c73-45a1-ad5f-a6d6788859ef","local_time":"20210106221005","is_ascension_mode":true,"campfire_choices":[{"data":"Bash","floor":8,"key":"SMITH"},{"data":"Armaments","floor":13,"key":"SMITH"},{"data":"Headbutt","floor":15,"key":"SMITH"}],"circlet_count":0,"master_deck":["Strike_R","Strike_R","Strike_R","Defend_R","Defend_R","Defend_R","Bash+1","Headbutt+1","Carnage+1","Pommel Strike+1","Armaments+1","Double Tap","Headbutt+1","Ghostly Armor","Seeing Red","Thunderclap+1"],"relics":["Burning Blood","NeowsBlessing","Potion Belt","Molten Egg 2","Eternal Feather","Omamori","Membership Card","CaptainsWheel","SacredBark","Frozen Egg 2","White Beast Statue"],"acts_visited":["Exordium","TheCity"],"potions_floor_usage":[16,16,16,23,23,23,25,28],"damage_taken":[{"damage":0,"enemies":"Small Slimes","floor":1,"turns":2},{"damage":0,"enemies":"Jaw Worm","floor":4,"turns":1},{"damage":0,"enemies":"3 Sentries","floor":6,"turns":1},{"damage":0,"enemies":"Cultist","floor":7,"turns":2},{"damage":14,"enemies":"Gremlin Nob","floor":10,"turns":3},{"damage":16,"enemies":"3 Sentries","floor":12,"turns":6},{"damage":10,"enemies":"Looter","floor":14,"turns":2},{"damage":37,"enemies":"Slime Boss","floor":16,"turns":12},{"damage":30,"enemies":"3 Byrds","floor":18,"turns":7},{"damage":10,"enemies":"Chosen","floor":20,"turns":3},{"damage":23,"enemies":"Shelled Parasite and Fungi","floor":22,"turns":5},{"damage":43,"enemies":"Slavers","floor":23,"turns":8},{"damage":14,"enemies":"Chosen and Byrds","floor":25,"turns":5},{"damage":22,"enemies":"Gremlin Leader","floor":28,"turns":2}],"seed_played":"-3198876001158271260","potions_obtained":[{"floor":4,"key":"BlessingOfTheForge"},{"floor":7,"key":"Energy Potion"},{"floor":12,"key":"BloodPotion"},{"floor":14,"key":"BloodPotion"},{"floor":22,"key":"BlessingOfTheForge"},{"floor":23,"key":"FearPotion"},{"floor":25,"key":"CultistPotion"}],"is_trial":false,"path_per_floor":["M","?","$","M","T","E","M","R","T","E","$","E","R","M","R","B",null,"M","?","M","$","M","E","$","M","T","$","E"],"character_chosen":"IRONCLAD","items_purchased":["Membership Card","LiquidBronze","Frozen Egg 2","Seeing Red"],"campfire_rested":0,"item_purchase_floors":[11,11,21,24],"current_hp_per_floor":[80,80,80,80,80,80,80,80,80,72,72,62,68,64,70,55,80,56,56,52,52,35,30,30,22,22,22,0,0],"gold":5,"neow_bonus":"THREE_ENEMY_KILL","is_daily":false,"chose_seed":false,"campfire_upgraded":3,"win_rate":0.0,"timestamp":1609971005,"path_taken":["M","?","$","M","?","E","M","R","T","E","?","E","R","M","R","BOSS","M","?","M","$","M","E","$","M","T","$","E"],"items_purchased_type":["Relic","Potion","Relic","Card"],"build_version":"2020-12-22","purchased_purges":2,"victory":false,"max_hp_per_floor":[80,80,80,80,80,80,80,80,80,80,80,80,80,80,80,80,80,80,80,80,80,80,80,80,80,80,80,80,80],"card_choices":[{"not_picked":["Armaments","Burning Pact"],"picked":"Headbutt","floor":1},{"not_picked":["Body Slam","Perfected Strike","Warcry"],"picked":"SKIP","floor":4},{"not_picked":["Impervious","Clothesline+1"],"picked":"Carnage+1","floor":6},{"not_picked":["Sentinel","Pummel+1"],"picked":"Pommel Strike+1","floor":7},{"not_picked":["Clothesline+1","Havoc","Sword Boomerang+1"],"picked":"SKIP","floor":10},{"not_picked":["Heavy Blade+1","Wild Strike+1"],"picked":"Armaments","floor":12},{"not_picked":["Havoc","Anger+1","Hemokinesis+1"],"picked":"SKIP","floor":14},{"not_picked":["Fiend Fire+1","Corruption"],"picked":"Double Tap","floor":16},{"not_picked":["Twin Strike+1","Havoc","Iron Wave+1"],"picked":"SKIP","floor":18},{"not_picked":["Clothesline+1","True Grit"],"picked":"Headbutt+1","floor":20},{"not_picked":["Pummel+1","Perfected Strike+1"],"picked":"Ghostly Armor","floor":22},{"not_picked":["Pommel Strike+1","Clash+1","True Grit"],"picked":"SKIP","floor":23},{"not_picked":["Perfected Strike+1","Spot Weakness"],"picked":"Thunderclap+1","floor":25}],"player_experience":172421,"relics_obtained":[{"floor":5,"key":"Potion Belt"},{"floor":6,"key":"Molten Egg 2"},{"floor":9,"key":"Eternal Feather"},{"floor":10,"key":"Omamori"},{"floor":12,"key":"CaptainsWheel"},{"floor":23,"key":"White Beast Statue"}],"event_choices":[{"cards_removed":["Strike_R"],"damage_healed":0,"gold_gain":0,"player_choice":"Card Removal","damage_taken":0,"max_hp_gain":0,"max_hp_loss":0,"event_name":"The Cleric","floor":2,"gold_loss":50},{"damage_healed":0,"gold_gain":0,"player_choice":"Ignored","damage_taken":0,"max_hp_gain":0,"max_hp_loss":0,"event_name":"Vampires","floor":19,"gold_loss":0}],"is_beta":false,"boss_relics":[{"not_picked":["Ectoplasm","Black Blood"],"picked":"SacredBark"}],"items_purged_floors":[21,27],"is_endless":false,"potions_floor_spawned":[4,7,12,14,22,23,25],"killed_by":"Gremlin Leader","ascension_level":1}}