{"host":"t4bl6qmmsws2mq4o","time":1609913060,"event":{"mods":["AchievementEnabler","BaseMod","Better Note","Downfall","GifTheSpireLib","Hermit","Minty Spire (QoL Compilation)","Replay The Spire","StSLib","The Alterego","The Jungle","The Marked"],"gold_per_floor":[109,123,134,151,162,162,177,177,177,177,201,233,256,256,256,372,372,407,444,472,472,505,505,705,705,753,131,59,83,111,139,139,161,161],"floor_reached":33,"playtime":1386,"items_purged":[],"score":247,"play_id":"ed7ec2ae-250b-4b90-86fc-5025a191c898","local_time":"20210105220420","is_ascension_mode":false,"campfire_choices":[{"data":"Zap","floor":6,"key":"SMITH"},{"data":"Panic Button","floor":8,"key":"SMITH"},{"data":"Crystallizer","floor":15,"key":"SMITH"},{"data":"ReplayRNGCard","floor":23,"key":"SMITH"},{"floor":32,"key":"REST"}],"circlet_count":0,"master_deck":["Strike_B","Strike_B","Strike_B","Defend_B","Defend_B+1","Defend_B","Defend_B+1","Zap+1","Dualcast","Panic Button+1","Turbo","Go for the Eyes","Ball Lightning","Gash","Ball Lightning","Conserve Battery","Crystallizer+1","Beam Cell","ReplayRNGCard+1","Sweeping Beam+1","Double Energy","FIFO Queue+1","Scrape","Stack","Storm","FTL","ReplayGash+1","ReplayTheSpireMod:System Scan"],"relics":["Cracked Core","Orichalcum","Replay:Bandana","SlaversCollar","PreservedInsect","Divine Protection","TheAbacus","Bronze Scales"],"acts_visited":["Exordium","TheCity"],"potions_floor_usage":[19,20,25,30],"damage_taken":[{"damage":1.0,"enemies":"Cultist","floor":1.0,"turns":3.0},{"damage":0.0,"enemies":"2 Louse","floor":2.0,"turns":1.0},{"damage":0.0,"enemies":"Small Slimes","floor":3.0,"turns":2.0},{"damage":3.0,"enemies":"Gremlin Gang","floor":4.0,"turns":5.0},{"damage":5,"enemies":"Looter","floor":5,"turns":3},{"damage":8,"enemies":"3 Louse","floor":7,"turns":3},{"damage":0,"enemies":"2 Fungi Beasts","floor":11,"turns":2},{"damage":0,"enemies":"Large Slime","floor":12,"turns":4},{"damage":0,"enemies":"Blue Slaver","floor":13,"turns":3},{"damage":20,"enemies":"Slime Boss","floor":16,"turns":10},{"damage":0,"enemies":"Chosen","floor":18,"turns":3},{"damage":11,"enemies":"2 Thieves","floor":19,"turns":3},{"damage":13,"enemies":"Centurion and Healer","floor":20,"turns":4},{"damage":28,"enemies":"Snake Plant","floor":22,"turns":4},{"damage":15,"enemies":"Snecko","floor":29,"turns":7},{"damage":9,"enemies":"Sentry and Sphere","floor":30,"turns":5},{"damage":0,"enemies":"Centurion and Healer","floor":31,"turns":5},{"damage":33,"enemies":"Collector","floor":33,"turns":6}],"seed_played":"7300299022224552085","potions_obtained":[{"floor":3.0,"key":"SpeedPotion"},{"floor":4,"key":"SteroidPotion"},{"floor":11,"key":"ColorlessPotion"},{"floor":16,"key":"Energy Potion"},{"floor":18,"key":"SkillPotion"},{"floor":25,"key":"Fruit Juice"},{"floor":25,"key":"Energy Potion"},{"floor":25,"key":"PotionOfCapacity"},{"floor":30,"key":"Energy Potion"},{"floor":31,"key":"FocusPotion"}],"is_trial":false,"path_per_floor":["M","M","M","M","M","R","M","R","T","?","M","M","M","?","R","B",null,"M","M","M","?","M","R","?","?","T","$","$","M","M","M","R","B"],"character_chosen":"DEFECT","items_purchased":["Storm","Divine Protection","TheAbacus","Bronze Scales","FTL"],"campfire_rested":1,"item_purchase_floors":[27,27,27,27,28],"current_hp_per_floor":[74,74,74,71,66,66,58,58,58,43,43,43,43,43,43,23,75,75,64,51,51,23,23,23,28,28,28,28,13,4,4,28,0,0],"gold":161,"neow_bonus":"RANDOM_COMMON_RELIC","is_daily":false,"chose_seed":false,"campfire_upgraded":4,"win_rate":0.0,"timestamp":1609913060,"path_taken":["M","?","M","M","M","R","M","R","T","?","M","M","M","?","R","BOSS","M","?","M","?","M","R","?","?","T","?","$","M","?","M","R","BOSS"],"items_purchased_type":["Card","Relic","Relic","Relic","Card"],"build_version":"2020-12-22","purchased_purges":0,"victory":false,"max_hp_per_floor":[75,75,75,75,75,75,75,75,75,75,75,75,75,75,75,75,75,75,75,75,75,75,75,75,80,80,80,80,80,80,80,80,80,80],"card_choices":[{"not_picked":["Loop","Force Field"],"picked":"Panic Button","floor":1.0},{"not_picked":["Chaos","Panic Button"],"picked":"Turbo","floor":2.0},{"not_picked":["Scrape","Hologram"],"picked":"Go for the Eyes","floor":3.0},{"not_picked":["Tempest","BasicCrystalCard"],"picked":"Ball Lightning","floor":4},{"not_picked":["Darkness","Steam Power"],"picked":"Gash","floor":5},{"not_picked":["Go for the Eyes","Barrage"],"picked":"Ball Lightning","floor":7},{"not_picked":["Coolheaded","ReplayTheSpireMod:Omega Cannon"],"picked":"Conserve Battery","floor":11},{"not_picked":["Reprogram","Scrape"],"picked":"Crystallizer","floor":12},{"not_picked":["Compile Driver","Hologram"],"picked":"Beam Cell","floor":13},{"not_picked":["Buffer","Machine Learning"],"picked":"ReplayRNGCard","floor":16},{"not_picked":["Ball Lightning","Streamline+1"],"picked":"Sweeping Beam+1","floor":18},{"not_picked":["Hologram+1","Recycle"],"picked":"Double Energy","floor":19},{"not_picked":["Lockon","Ball Lightning"],"picked":"FIFO Queue+1","floor":20},{"not_picked":["BasicCrystalCard","ReplayTheSpireMod:Repulse+1"],"picked":"Stack","floor":22},{"not_picked":["Rebound","Beam Cell"],"picked":"ReplayGash+1","floor":29},{"not_picked":["Steam Power","Beam Cell"],"picked":"ReplayTheSpireMod:System Scan","floor":30},{"not_picked":["Scrape","Panic Button","Rebound"],"picked":"SKIP","floor":31}],"player_experience":458117,"relics_obtained":[{"floor":9,"key":"Replay:Bandana"},{"floor":26,"key":"PreservedInsect"}],"event_choices":[{"damage_healed":0,"gold_gain":0,"player_choice":"Entered Light","damage_taken":15,"max_hp_gain":0,"max_hp_loss":0,"event_name":"Shining Light","floor":10,"gold_loss":0,"cards_upgraded":["Defend_B","Defend_B"]},{"damage_healed":0,"gold_gain":0,"player_choice":"0 cards matched","damage_taken":0,"max_hp_gain":0,"max_hp_loss":0,"event_name":"Match and Keep!","floor":14,"gold_loss":0,"cards_obtained":[]},{"damage_healed":0,"gold_gain":0,"cards_transformed":["Strike_B"],"player_choice":"Transformed","damage_taken":0,"max_hp_gain":0,"max_hp_loss":0,"event_name":"Transmorgrifier","floor":21,"gold_loss":0,"cards_obtained":["Scrape"]},{"damage_healed":0,"gold_gain":250,"player_choice":"Bet on Owner","damage_taken":0,"max_hp_gain":0,"max_hp_loss":0,"event_name":"The Joust","floor":24,"gold_loss":50},{"damage_healed":0,"gold_gain":0,"player_choice":"Got Potions","damage_taken":0,"max_hp_gain":0,"max_hp_loss":0,"event_name":"Lab","floor":25,"gold_loss":0}],"is_beta":false,"boss_relics":[{"not_picked":["ReplayTheSpireMod:DimensionalGlitch","Kintsugi"],"picked":"SlaversCollar"}],"items_purged_floors":[],"is_endless":false,"potions_floor_spawned":[3,4,11,16,18,30,31],"killed_by":"Collector","ascension_level":0}}