{"host":"armnliea5o2aqs4b","time":1609903061,"event":{"mods":["BaseMod","Hermit","Hubris","Infinite Spire","Minty Spire (QoL Compilation)","Quick Restart","StSLib","The Construct","The Disciple"],"gold_per_floor":[110,110,27,42,54,54,4,4,51,51,68,102,55,66,66,164,164,149,149],"floor_reached":18,"playtime":734,"items_purged":[],"score":160,"play_id":"4a077d9b-56f7-4687-bb3e-9bcfb9ebef1a","local_time":"20210106141741","is_ascension_mode":false,"campfire_choices":[{"data":"ReapSow","floor":6.0,"key":"SMITH"},{"data":"Recurrance","floor":10.0,"key":"SMITH"},{"floor":15.0,"key":"REST"}],"circlet_count":0,"master_deck":["Moderato","Allegro","Allegro","Strike_Br","Strike_Br","Defend_Br","Defend_Br","Defend_Br","Defend_Br","SecondHand","PatternShift","ReapSow+5","Analog","LockedAnchor","BeatsPerMinute","Recurrance+1","LockedScales","WindUp","Echoward","OldTimer","LockedCalendar"],"relics":["Chronometer","NeowsBlessing","Orichalcum?","Centennial Puzzle","SpringShield","hubris:Backtick","Membership Card"],"acts_visited":["Exordium","TheCity"],"potions_floor_usage":[],"damage_taken":[{"damage":0.0,"enemies":"2 Louse","floor":1.0,"turns":1.0},{"damage":0.0,"enemies":"Cultist","floor":4.0,"turns":1.0},{"damage":0.0,"enemies":"Small Slimes","floor":5.0,"turns":1.0},{"damage":0.0,"enemies":"3 Louse","floor":11.0,"turns":3.0},{"damage":19.0,"enemies":"3 Sentries","floor":12.0,"turns":8.0},{"damage":9.0,"enemies":"Blue Slaver","floor":14.0,"turns":3.0},{"damage":44,"enemies":"Hexaghost","floor":16,"turns":12},{"damage":0,"enemies":"2 Thieves","floor":18,"turns":1}],"seed_played":"-5508951932165198258","potions_obtained":[{"floor":4.0,"key":"SteroidPotion"},{"floor":5.0,"key":"SpeedPotion"},{"floor":12.0,"key":"LiquidBronze"}],"is_trial":false,"path_per_floor":["M","?","$","M","M","R","?","?","T","R","M","E","$","M","R","B",null,"M"],"character_chosen":"CHRONO_CLASS","items_purchased":["Analog","LockedAnchor","Echoward"],"campfire_rested":1,"item_purchase_floors":[3,3,13],"current_hp_per_floor":[65,65,65,65,65,65,65,65,65,65,65,46,46,37,56,12,65,65,65],"gold":149,"neow_bonus":"THREE_ENEMY_KILL","is_daily":false,"chose_seed":false,"campfire_upgraded":2,"win_rate":0.0,"timestamp":1609903061,"path_taken":["M","?","$","?","M","R","?","?","T","R","M","E","?","M","R","BOSS","M"],"items_purchased_type":["Card","Card","Card"],"build_version":"2020-12-22","purchased_purges":0,"victory":false,"max_hp_per_floor":[65,65,65,65,65,65,65,65,65,65,65,65,65,65,65,65,65,65,65],"card_choices":[{"not_picked":["CrunchTime","ShortSighted"],"picked":"ReapSow","floor":1.0},{"not_picked":["TiringSlam","LockedAnchor"],"picked":"BeatsPerMinute","floor":4.0},{"not_picked":["PrimeTime","LockedMedicine"],"picked":"Recurrance","floor":5.0},{"not_picked":["Engulf","ReapSow"],"picked":"LockedScales","floor":11.0},{"not_picked":["Engulf","TiringSlam"],"picked":"WindUp","floor":12.0},{"not_picked":["WindUp","CrunchTime"],"picked":"OldTimer","floor":14.0},{"not_picked":["Fragmentalize","MasterKey"],"picked":"LockedCalendar","floor":16}],"player_experience":173034,"relics_obtained":[{"floor":9.0,"key":"Centennial Puzzle"},{"floor":12.0,"key":"SpringShield"}],"event_choices":[{"cards_removed":["Strike_Br"],"damage_healed":0.0,"max_hp_gain":0.0,"max_hp_loss":0.0,"gold_gain":0.0,"event_name":"Bonfire Elementals","player_choice":"Offered Basic","floor":2.0,"gold_loss":0.0,"damage_taken":0.0},{"cards_removed":["Strike_Br"],"damage_healed":0.0,"max_hp_gain":0.0,"max_hp_loss":0.0,"gold_gain":0.0,"event_name":"The Cleric","player_choice":"Card Removal","floor":7.0,"gold_loss":50.0,"damage_taken":0.0}],"is_beta":false,"boss_relics":[{"not_picked":["SlaversCollar","hubris:BlackHole"],"picked":"hubris:Backtick"}],"items_purged_floors":[],"is_endless":false,"potions_floor_spawned":[4,5,12],"killed_by":"2 Thieves","ascension_level":0}}