{"host":"ueaobptuyu87ouwy","time":1609926752,"event":{"mods":["Aspiration","Bard","BaseMod","Better Altar","Better Match","Better Note","Better Sensory Stone","Better Skull","Better Third Choice","BetterRewards","CCEM","Colored Map","Conspire","Downfall","GifTheSpireLib","Googly Eyes","Halation","Hermit","Highlight Path","Hubris","Infinite Spire","Jedi Mod","Jorbs\u0027s Wanderer Trilogy","Marisa????????","Mimic Mod","Minty Spire (QoL Compilation)","Permanent Neow","Replay The Spire","StSLib","Stuff the Spire","The Runesmith","Unceasing Turn Reminder","everything is the same but u backflip on backflip","slay the spire mod where everything is the same but ironclad has a cowboy hat"],"gold_per_floor":[117,129,129,140,140,140,159,45,45,45,45,45,78,78,93,124,124,228,228,239,252,252,252,264,264,275,275,275],"floor_reached":27,"playtime":1090,"items_purged":["Regret"],"score":223,"play_id":"0d213154-73de-4bb8-9b5b-c92a6b85548c","local_time":"20210106175232","is_ascension_mode":false,"campfire_choices":[{"data":"Apotheosis","floor":6.0,"key":"SMITH"},{"data":"hubris:ReadiedAction","floor":10.0,"key":"SMITH"},{"data":"Searing Blow","floor":17.0,"key":"SMITH"},{"floor":25,"key":"REST"}],"circlet_count":0,"master_deck":["Strike_R","Strike_R","Strike_R","Strike_R","Strike_R","Defend_R","Defend_R","Defend_R","Defend_R","Bash","Flame Barrier+1","hubris:ReadiedAction+1","Apotheosis+1","ReplayReversal","StuffTheSpire:Incineration","Flex","Flex","Demonic Infusion+1","StuffTheSpire:Incineration","Searing Blow+1","Bludgeon+1","BowlingBash+1","WreathOfFlame+1","PathToVictory","Pommel Strike+1"],"relics":["Burning Blood","Replay:Baseball","StuffTheSpire:RedRose","jedi:cryingmask","Golden Egg","CCEMRelics:FryingPan","Replay:Grab Bag","Mark of Pain","Cursed Key","aspiration:WatcherSkillbook"],"acts_visited":["Exordium","TheCity"],"potions_floor_usage":[24,27,27],"damage_taken":[{"damage":1.0,"enemies":"Jaw Worm","floor":1.0,"turns":3.0},{"damage":0.0,"enemies":"Small Slimes","floor":2.0,"turns":3.0},{"damage":0.0,"enemies":"Cultist","floor":4.0,"turns":4.0},{"damage":3.0,"enemies":"2 Fungi Beasts","floor":7.0,"turns":2.0},{"damage":28.0,"enemies":"Lagavulin","floor":13.0,"turns":5.0},{"damage":0.0,"enemies":"Red Slaver","floor":15.0,"turns":3.0},{"damage":19.0,"enemies":"3 Sentries","floor":16.0,"turns":6.0},{"damage":40.0,"enemies":"Hexaghost","floor":18.0,"turns":8.0},{"damage":24.0,"enemies":"Spheric Guardian","floor":20.0,"turns":4.0},{"damage":40.0,"enemies":"2 Thieves","floor":21.0,"turns":3.0},{"damage":27,"enemies":"3 Cultists","floor":24,"turns":5},{"damage":0,"enemies":"Snake Plant","floor":26,"turns":2},{"damage":43,"enemies":"Slavers","floor":27,"turns":4}],"seed_played":"-2774488765408111153","potions_obtained":[{"floor":1.0,"key":"Milkshake"},{"floor":15.0,"key":"Dexterity Potion"},{"floor":16.0,"key":"SkillPotion"},{"floor":18.0,"key":"champ:CounterPotion"},{"floor":23.0,"key":"Slimebound:ThreeZeroPotion"},{"floor":24,"key":"SkillPotion"}],"is_trial":false,"path_per_floor":["M","M","?","M","?","R","M","$","T","R","PTL","PTL","E","?","M","E","R","B",null,"M","M","?","?","M","R","M","E"],"character_chosen":"IRONCLAD","items_purchased":["Flex"],"campfire_rested":1,"item_purchase_floors":[8],"current_hp_per_floor":[80,80,80,80,80,80,80,80,80,80,80,80,58,58,64,51,51,17,80,62,28,28,28,7,31,37,0,0],"gold":275,"neow_bonus":"RANDOM_COMMON_RELIC","is_daily":false,"chose_seed":false,"campfire_upgraded":3,"win_rate":0.0,"timestamp":1609926752,"path_taken":["M","M","?","M","?","R","M","$","T","R","PTL","PTL","E","?","?","E","R","BOSS","M","M","?","?","M","R","?","E"],"items_purchased_type":["Card"],"build_version":"2020-12-13","purchased_purges":1,"victory":false,"max_hp_per_floor":[80,80,80,80,80,80,80,80,80,80,80,80,80,80,80,80,80,80,80,80,80,80,80,80,80,80,80,80],"card_choices":[{"not_picked":["Disarm","Pommel Strike"],"picked":"Flame Barrier","floor":1.0},{"not_picked":["Disarm","jedi:hate"],"picked":"hubris:ReadiedAction","floor":2.0},{"not_picked":["ReplayTheSpireMod:Uncanny Aura","expansioncontent:CaCaw"],"picked":"Apotheosis","floor":3.0},{"not_picked":["Perfected Strike","Dropkick"],"picked":"ReplayReversal","floor":4.0},{"not_picked":["jedi:fear","Life Link"],"picked":"StuffTheSpire:Incineration","floor":7.0},{"not_picked":["Headbutt","Twin Strike"],"picked":"Demonic Infusion","floor":13.0},{"not_picked":["Ghostly Armor","Clash"],"picked":"StuffTheSpire:Incineration","floor":15.0},{"not_picked":["StuffTheSpire:Incineration","StuffTheSpire:RagingBull"],"picked":"Searing Blow","floor":16.0},{"not_picked":["Corruption","conspire:Purge"],"picked":"Bludgeon","floor":18.0},{"not_picked":["Armaments","ReplayTheSpireMod:Strike From Hell+1","EmptyFist"],"picked":"BowlingBash+1","floor":20.0},{"not_picked":["Crescendo","ReplayReversal+1","Searing Blow+1"],"picked":"WreathOfFlame+1","floor":21.0},{"not_picked":["Replay:BluntJabs","Clash","ClearTheMind"],"picked":"PathToVictory","floor":24},{"not_picked":["FollowUp","Body Slam","Replay:Undeath\u0027s Touch"],"picked":"Pommel Strike+1","floor":26}],"player_experience":29467,"relics_obtained":[{"floor":9.0,"key":"jedi:cryingmask"},{"floor":13.0,"key":"Golden Egg"},{"floor":16.0,"key":"CCEMRelics:FryingPan"}],"event_choices":[{"damage_healed":0.0,"max_hp_gain":0.0,"max_hp_loss":0.0,"gold_gain":1.0,"event_name":"betterStone:BetterStone","player_choice":"1","floor":3.0,"gold_loss":0.0,"damage_taken":0.0},{"damage_healed":0.0,"max_hp_gain":0.0,"max_hp_loss":0.0,"gold_gain":0.0,"event_name":"Upgrade Shrine","player_choice":"Upgraded","floor":14.0,"gold_loss":0.0,"damage_taken":0.0,"cards_upgraded":["Flame Barrier"]},{"damage_healed":0.0,"max_hp_gain":0.0,"max_hp_loss":0.0,"gold_gain":0.0,"event_name":"betterNote:BetterNote","player_choice":"Ignored","floor":22.0,"gold_loss":0.0,"damage_taken":0.0,"cards_obtained":["StuffTheSpire:GnomedCurse"]},{"damage_healed":0.0,"max_hp_gain":0.0,"max_hp_loss":0.0,"gold_gain":0.0,"event_name":"Lab","player_choice":"Got Potions","floor":23.0,"gold_loss":0.0,"damage_taken":0.0}],"is_beta":false,"boss_relics":[{"not_picked":["aspiration:FutureDiary","halation:MonkeysPaw"],"picked":"Replay:Grab Bag"},{"not_picked":["Coffee Dripper","Replay:Bronze Core"],"picked":"Mark of Pain"},{"not_picked":["ReplayTheSpireMod:DimensionalGlitch","Fusion Hammer"],"picked":"Cursed Key"},{"not_picked":["conspire:RunicOctahedron","Replay:Drink Me"],"picked":"aspiration:WatcherSkillbook"}],"items_purged_floors":[8],"is_endless":false,"potions_floor_spawned":[1,15,16,18,20,24],"killed_by":"Slavers","ascension_level":0}}