{"host":"gsp4qlltb0c3ynci","time":1609933052,"event":{"mods":["2.2 Compatiblity","Ascension Reborn","BaseMod","Friendly Minions","Minty Spire (QoL Compilation)","Replay The Spire","Say the Spire","StSLib"],"gold_per_floor":[147,147,147,147,147,228,333,432,504,579,148,250,304,403,601,892,892,937,314,314,398,65,143,233,338,364,445,80,131,230,344,356,662,674,731,347,347,956,1040,1145,1229,1229,1307,1364,1406,1499,1293,804,804,804],"floor_reached":51,"playtime":1801,"items_purged":["Strike_B+1","Strike_B+1","ReplayGash","Strike_B+1","Strike_B+1","Beam Cell","Dualcast+1"],"score":1494,"play_id":"26abf1e1-653e-4712-a6ed-b7a6e2de232a","local_time":"20210106203732","daily_mods":["Vintage","Heirloom","Time Dilation","Flight","DeadlyEvents","Elite Swarm","Midas"],"is_ascension_mode":true,"campfire_choices":[{"floor":32,"key":"DIG"},{"floor":49,"key":"DIG"}],"circlet_count":0,"master_deck":["Defend_B+1","Defend_B+1","Zap+1","Electrodynamics+1","ReplayRNGCard+1","Amplify+1","Redo+1","Echo Form","Core Surge+1","Seek+1","Apotheosis+1","Recycle+1","Reprogram+1","Biased Cognition","Capacitor","Buffer","White Noise+1","BootSequence+1","Coolheaded+1","Creative AI","Conserve Battery+1","Glacier+1","Reboot+1","Enlightenment+1","Multi-Cast+1"],"relics":["Cracked Core","CaptainsWheel","Replay:Mystery Machine","Boot","Pondfish Scales","Toxic Egg 2","Gremlin Food","Symbiotic Virus","Singing Bowl","Omamori","Regal Pillow","Replay:Antivirus Software","Oddly Smooth Stone","SlaversCollar","Akabeko","ReplayTheSpireMod:Lightbulb","Du-Vu Doll","Membership Card","Lantern","Red Mask","Replay:Arrowhead","Bronze Scales","Potion Belt","Shuriken","Replay:Wax Seal","OrangePellets","Pet Ghost","MawBank","Shovel","PreservedInsect","Fusion Hammer","Vajra","Guide Book","War Paint","Blue Doll","Ornamental Fan","Pen Nib","Pear","Eternal Feather","Replay:WaspNest","Happy Flower","Divine Protection","Replay:Baseball","Replay:Rubber Ducky","ClockworkSouvenir","Quantum Egg","Replay:Ringing Soul","Replay:Towering Pillar of Hats"],"acts_visited":["Exordium","TheCity","TheBeyond"],"potions_floor_usage":[7,21,33,33,33,39,50,50,50,50,50],"damage_taken":[{"damage":0,"enemies":"Small Slimes","floor":1,"turns":2},{"damage":0,"enemies":"Gremlin Nob","floor":6,"turns":3},{"damage":0,"enemies":"Lagavulin","floor":7,"turns":3},{"damage":0,"enemies":"Gremlin Nob","floor":8,"turns":3},{"damage":0,"enemies":"Lagavulin","floor":10,"turns":2},{"damage":0,"enemies":"Replay:BlueRogue","floor":12,"turns":3},{"damage":7,"enemies":"Jaw Worm","floor":13,"turns":2},{"damage":0,"enemies":"Gremlin Nob","floor":14,"turns":4},{"damage":0,"enemies":"Slime Boss","floor":16,"turns":4},{"damage":4,"enemies":"3 Byrds","floor":18,"turns":3},{"damage":0,"enemies":"Replay:Snechameleon","floor":21,"turns":4},{"damage":14,"enemies":"Gremlin Leader","floor":23,"turns":5},{"damage":0,"enemies":"Masked Bandits","floor":24,"turns":2},{"damage":0,"enemies":"Replay:Snechameleon","floor":25,"turns":3},{"damage":0,"enemies":"Slavers","floor":27,"turns":3},{"damage":0,"enemies":"Shell Parasite","floor":29,"turns":3},{"damage":1,"enemies":"Replay:Snechameleon","floor":30,"turns":4},{"damage":0,"enemies":"Gremlin Leader","floor":31,"turns":4},{"damage":0,"enemies":"Automaton","floor":33,"turns":6},{"damage":0,"enemies":"Orb Walker","floor":35,"turns":3},{"damage":0,"enemies":"R_Hoarder","floor":39,"turns":6},{"damage":17,"enemies":"Nemesis","floor":40,"turns":7},{"damage":0,"enemies":"Giant Head","floor":41,"turns":6},{"damage":0,"enemies":"3 Darklings","floor":44,"turns":2},{"damage":0,"enemies":"Sphere and 2 Shapes","floor":45,"turns":4},{"damage":0,"enemies":"R_Hoarder","floor":46,"turns":5},{"damage":0,"enemies":"Replay:Hell Engine","floor":50,"turns":6}],"seed_played":"-946906355439449600","potions_obtained":[{"floor":1,"key":"Dexterity Potion"},{"floor":7,"key":"LiquidBronze"},{"floor":8,"key":"Elixir"},{"floor":12,"key":"Weak Potion"},{"floor":25,"key":"LifebloodPotion"},{"floor":29,"key":"SkillPotion"},{"floor":30,"key":"FearPotion"},{"floor":33,"key":"PowerPotion"},{"floor":40,"key":"Milkshake"},{"floor":41,"key":"PowerPotion"},{"floor":46,"key":"FocusPotion"}],"is_trial":true,"path_per_floor":["M","?","?","?","T","E","E","E","T","E","$","E","M","E","R","B",null,"M","$","?","E","$","E","?","E","T","E","$","M","E","E","R","B",null,"M","$","?","?","E","E","E","T","T","M","M","E","$","$","R","B",null],"character_chosen":"DEFECT","items_purchased":["Omamori","Amplify+1","Redo+1","Apotheosis+1","ReplayTheSpireMod:Lightbulb","Recycle+1","Reprogram+1","Membership Card","Capacitor","ReplayGash","Strength Potion","Beam Cell","Shuriken","Replay:Wax Seal","BootSequence+1","Coolheaded+1","OrangePellets","Guide Book","War Paint","Blue Doll","PowerPotion","Conserve Battery+1","CultistPotion","Replay:Rubber Ducky","Enlightenment+1","ClockworkSouvenir","Quantum Egg","Replay:Ringing Soul","Multi-Cast+1"],"campfire_rested":0,"item_purchase_floors":[11,11,11,19,19,19,19,22,22,22,22,22,28,28,28,28,28,36,36,36,36,36,36,47,47,48,48,48,48],"current_hp_per_floor":[75,75,75,75,75,75,75,75,75,77,77,77,70,70,70,70,77,73,73,87,87,87,73,73,75,75,77,77,77,78,80,80,80,95,95,95,95,95,95,80,92,92,92,92,92,94,94,97,112,112],"gold":804,"neow_bonus":"","is_daily":false,"chose_seed":false,"campfire_upgraded":0,"win_rate":0.0,"timestamp":1609933052,"path_taken":["M","?","?","?","?","E","E","?","T","E","$","?","?","?","R","BOSS","M","$","?","?","$","E","?","E","T","E","$","?","E","?","R","BOSS","M","$","?","?","?","E","E","?","T","?","?","?","$","$","R","BOSS"],"items_purchased_type":["Relic","Card","Card","Card","Relic","Card","Card","Relic","Card","Card","Potion","Card","Relic","Relic","Card","Card","Relic","Relic","Relic","Relic","Potion","Card","Potion","Relic","Card","Relic","Relic","Relic","Card"],"build_version":"2020-12-22","purchased_purges":7,"victory":true,"max_hp_per_floor":[75,75,75,75,75,75,75,75,75,77,77,77,77,77,77,77,77,77,77,87,87,87,87,87,89,89,91,91,91,93,95,95,95,95,95,95,95,95,95,97,109,109,109,109,109,111,111,114,114,114],"card_choices":[{"not_picked":["Creative AI","Meteor Strike"],"picked":"Electrodynamics","floor":6},{"not_picked":["All For One","Creative AI"],"picked":"ReplayRNGCard+1","floor":7},{"not_picked":["ReplayTheSpireMod:Fabricate Wheel+1","Hyperbeam","Meteor Strike"],"picked":"SKIP","floor":8},{"not_picked":["ReplayRNGCard+1","All For One","Multi-Cast+1"],"picked":"Singing Bowl","floor":10},{"not_picked":["All For One","Rainbow+1"],"picked":"Echo Form","floor":12},{"not_picked":["Reboot+1","Hyperbeam"],"picked":"Core Surge","floor":14},{"not_picked":["Reboot+1","Multi-Cast+1"],"picked":"Seek+1","floor":16},{"not_picked":["Rainbow+1","ReplayTheSpireMod:Omega Cannon"],"picked":"Biased Cognition","floor":21},{"not_picked":["Electrodynamics","Amplify+1"],"picked":"Buffer","floor":23},{"not_picked":["BasicCrystalCard+1","Rebound"],"picked":"White Noise+1","floor":24},{"not_picked":["Thunder Strike","Multi-Cast+1","ReplayTheSpireMod:Fabricate Wheel+1"],"picked":"Singing Bowl","floor":25},{"not_picked":["Amplify+1","ReplayRNGCard+1","Seek+1"],"picked":"Singing Bowl","floor":27},{"not_picked":["Biased Cognition","Core Surge","Seek+1"],"picked":"Singing Bowl","floor":30},{"not_picked":["Rainbow+1","Biased Cognition","Fission+1"],"picked":"Singing Bowl","floor":31},{"not_picked":["Thunder Strike","Biased Cognition"],"picked":"Creative AI","floor":33},{"not_picked":["Beam Cell","Reinforced Body+1"],"picked":"Glacier+1","floor":38},{"not_picked":["Amplify+1","Biased Cognition"],"picked":"Reboot+1","floor":39},{"not_picked":["ReplayRNGCard+1","Core Surge","Echo Form"],"picked":"Singing Bowl","floor":40},{"not_picked":["ReplayTheSpireMod:Fabricate Wheel+1","Core Surge","Echo Form"],"picked":"Singing Bowl","floor":41},{"not_picked":["Biased Cognition","Amplify+1","Core Surge"],"picked":"Singing Bowl","floor":46}],"player_experience":395488,"relics_obtained":[{"floor":1,"key":"Replay:Mystery Machine"},{"floor":5,"key":"Boot"},{"floor":6,"key":"Pondfish Scales"},{"floor":7,"key":"Toxic Egg 2"},{"floor":8,"key":"Gremlin Food"},{"floor":9,"key":"Symbiotic Virus"},{"floor":10,"key":"Singing Bowl"},{"floor":12,"key":"Regal Pillow"},{"floor":13,"key":"Replay:Antivirus Software"},{"floor":14,"key":"Oddly Smooth Stone"},{"floor":18,"key":"Akabeko"},{"floor":21,"key":"Du-Vu Doll"},{"floor":23,"key":"Lantern"},{"floor":24,"key":"Red Mask"},{"floor":25,"key":"Replay:Arrowhead"},{"floor":26,"key":"Bronze Scales"},{"floor":27,"key":"Potion Belt"},{"floor":29,"key":"Pet Ghost"},{"floor":30,"key":"MawBank"},{"floor":31,"key":"Shovel"},{"floor":32,"key":"PreservedInsect"},{"floor":35,"key":"Vajra"},{"floor":39,"key":"Ornamental Fan"},{"floor":40,"key":"Pen Nib"},{"floor":41,"key":"Pear"},{"floor":42,"key":"Eternal Feather"},{"floor":43,"key":"Replay:WaspNest"},{"floor":44,"key":"Happy Flower"},{"floor":45,"key":"Divine Protection"},{"floor":46,"key":"Replay:Baseball"},{"floor":49,"key":"Replay:Towering Pillar of Hats"}],"event_choices":[{"damage_healed":0,"gold_gain":0,"player_choice":"Leave","damage_taken":0,"max_hp_gain":0,"max_hp_loss":0,"event_name":"The Cleric","floor":3,"gold_loss":0},{"cards_removed":["Fission"],"damage_healed":4,"gold_gain":0,"player_choice":"Offered Rare","damage_taken":0,"max_hp_gain":10,"max_hp_loss":0,"event_name":"Bonfire Elementals","floor":20,"gold_loss":0},{"damage_healed":0,"gold_gain":0,"player_choice":"Fought Bandits","damage_taken":0,"max_hp_gain":0,"max_hp_loss":0,"event_name":"Masked Bandits","floor":24,"gold_loss":0},{"cards_removed":["ReplayGash"],"damage_healed":0,"gold_gain":0,"player_choice":"Removed Attack","damage_taken":0,"max_hp_gain":0,"max_hp_loss":0,"event_name":"Falling","floor":37,"gold_loss":0}],"is_beta":false,"boss_relics":[{"not_picked":["Replay:Wanted Poster","Honey Jar"],"picked":"SlaversCollar"},{"not_picked":["Painkiller Herb","Runic Dome"],"picked":"Fusion Hammer"}],"items_purged_floors":[11,19,22,28,36,47,48],"is_endless":false,"potions_floor_spawned":[1,7,8,12,24,25,29,30,33,40,41,45,46],"ascension_level":0}}