{"host":"uyrebrj0204enqpc","time":1609974609,"event":{"mods":["Act Like it!","Bard","BaseMod","Block Reminder","Challenge The Spire","Colored Map","Colored Powertips","DeckTracker","Downfall","GifTheSpireLib","HexUI Lib","Highlight Path","Hubris","Infinite Spire","Minty Spire (QoL Compilation)","Pale of the Ancients","Quick Restart","Random Character Button","Relic Sorter","Relic Stats","Replay The Spire","Shop Mod","StSLib","The Blue Laboratory","The Bug Knight","The Cursed","The Jungle","The Marked","Wandering Minibosses"],"gold_per_floor":[111,286,301,301,350,350,380,380,406,440,486,486,516,356,356,477,577,609,609,643,643,673,673,720,472,472,492,492,492],"floor_reached":27,"playtime":1668,"items_purged":["Guardian:Defend_Guardian","Guardian:Strike_Guardian"],"score":304,"play_id":"df65804b-64b8-4e75-a1e6-1f1f4b9f2f6b","local_time":"20210106181009","is_ascension_mode":true,"campfire_choices":[{"data":"Guardian:TwinSlam","floor":6.0,"key":"SMITH"},{"data":"Guardian:Emergency","floor":8.0,"key":"SMITH"},{"data":"Guardian:TemporalStrike","floor":15,"key":"SMITH"},{"data":"Guardian:Suspension","floor":23,"key":"SMITH"}],"circlet_count":0,"master_deck":["Guardian:Strike_Guardian","Guardian:Strike_Guardian","Guardian:Strike_Guardian","Guardian:Defend_Guardian","Guardian:Defend_Guardian","Guardian:Defend_Guardian","Guardian:CurlUp","Guardian:TwinSlam+1","Doubt","Guardian:ShieldCharger","Guardian:TemporalStrike+1","Guardian:ChargeCore+1","Guardian:FierceBash","infinitespire:Fortify","Guardian:ChargeCore","hubris:DuctTapeCard"],"relics":["Guardian:ModeShifter","hubris:Icosahedron","NeowsBlessing","hubris:SlimyHat","Replay:Bandana","Bag of Marbles","infinitespire:Lychee Nut","Replay:Wanted Poster","hubris:Towel","hubris:DuctTape","Chemical X","Art of War"],"acts_visited":["Exordium","TheCity"],"potions_floor_usage":[16,24,24],"damage_taken":[{"damage":0.0,"enemies":"Small Slimes","floor":1.0,"turns":1.0},{"damage":0.0,"enemies":"2 Louse","floor":3.0,"turns":1.0},{"damage":0.0,"enemies":"3 Sentries","floor":7.0,"turns":1.0},{"damage":7.0,"enemies":"Jaw Worm","floor":10.0,"turns":5.0},{"damage":21.0,"enemies":"Gremlin Nob","floor":11.0,"turns":6.0},{"damage":3,"enemies":"Large Slime","floor":13,"turns":7},{"damage":61,"enemies":"Fading Forest","floor":16,"turns":11},{"damage":0,"enemies":"Chosen","floor":18,"turns":3},{"damage":14,"enemies":"3 Byrds","floor":20,"turns":5},{"damage":16,"enemies":"Centurion and Healer","floor":22,"turns":7},{"damage":13,"enemies":"Slavers","floor":24,"turns":7},{"damage":30,"enemies":"Gremlin Leader","floor":27,"turns":3}],"seed_played":"-9079851471281416771","potions_obtained":[{"floor":10.0,"key":"Flashbang"},{"floor":11.0,"key":"LifebloodPotion"},{"floor":18,"key":"AttackPotion"},{"floor":22,"key":"AttackPotion"}],"is_trial":false,"path_per_floor":["M","?","M","?","T","R","E","R","T","M","E","?","M","$","R","B",null,"M","?","M","?","M","R","E","$","T","E"],"character_chosen":"GUARDIAN","items_purchased":["Guardian:TemporalStrike","Guardian:ChargeCore+1","Chemical X"],"campfire_rested":0,"item_purchase_floors":[14,14,25],"current_hp_per_floor":[80,80,80,85,85,85,85,85,85,78,57,57,60,60,60,10,63,63,48,40,40,30,30,23,23,23,0,0,0],"gold":492,"neow_bonus":"THREE_ENEMY_KILL","is_daily":false,"chose_seed":false,"campfire_upgraded":4,"win_rate":0.0,"timestamp":1609974609,"path_taken":["M","?","M","?","?","R","E","R","T","M","E","?","M","$","R","BOSS","M","?","M","?","M","R","E","$","T","E"],"items_purchased_type":["Card","Card","Relic"],"build_version":"2020-12-22","purchased_purges":2,"victory":false,"max_hp_per_floor":[80,80,80,85,85,85,85,85,85,85,63,63,63,63,63,63,63,63,63,63,63,63,63,63,63,63,63,63,63],"relic_stats":{"counters":[12,57],"Art of War":[0],"Chemical X":[1],"obtain_stats":[{"Replay:Wanted Poster":17,"Replay:Bandana":7,"hubris:Icosahedron":12,"NeowsBlessing":0,"hubris:DuctTape":24,"infinitespire:Lychee Nut":11,"Guardian:ModeShifter":0,"hubris:SlimyHat":5,"Bag of Marbles":9,"Art of War":26,"Chemical X":25,"hubris:Towel":21},{"Replay:Wanted Poster":7,"Replay:Bandana":3,"hubris:Icosahedron":5,"NeowsBlessing":0,"hubris:DuctTape":11,"infinitespire:Lychee Nut":5,"Guardian:ModeShifter":0,"hubris:SlimyHat":2,"Bag of Marbles":3,"Art of War":11,"Chemical X":11,"hubris:Towel":9},{"Replay:Wanted Poster":32,"Replay:Bandana":3,"hubris:Icosahedron":14,"NeowsBlessing":0,"hubris:DuctTape":54,"infinitespire:Lychee Nut":14,"Guardian:ModeShifter":0,"hubris:SlimyHat":2,"Bag of Marbles":3,"Art of War":54,"Chemical X":54,"hubris:Towel":40}]},"card_choices":[{"not_picked":["Guardian:FloatingOrbs","Guardian:PiercingHide"],"picked":"Guardian:Gem_White","floor":1.0},{"not_picked":["Guardian:TemporalShield","Guardian:DonusPower","Guardian:ShieldSpikes"],"picked":"SKIP","floor":3.0},{"not_picked":["Guardian:WalkerClaw","Guardian:Reroute"],"picked":"Guardian:Emergency","floor":7.0},{"not_picked":["Guardian:TemporalStrike","Guardian:DonusPower"],"picked":"Guardian:Gem_White","floor":10.0},{"not_picked":["Guardian:Gem_Yellow","Guardian:TemporalShield"],"picked":"Guardian:Gem_Synthetic","floor":11.0},{"not_picked":["Guardian:PolyBeam","Guardian:WalkerClaw"],"picked":"Guardian:ShieldCharger","floor":13},{"not_picked":["Guardian:AncientConstruct","Guardian:GemFinder"],"picked":"Guardian:FierceBash","floor":16},{"not_picked":["Guardian:ShieldCharger","Guardian:PiercingHide"],"picked":"Guardian:Suspension","floor":18},{"not_picked":["ReplayTheSpireMod:??????????????????????","infinitespire:Gouge"],"picked":"infinitespire:Fortify","floor":19},{"not_picked":["Guardian:WalkerClaw","Guardian:ShieldCharger"],"picked":"Guardian:Gem_Yellow","floor":20},{"not_picked":["Guardian:GuardianWhirl","Guardian:Gem_Cyan"],"picked":"Guardian:ChargeCore","floor":22},{"not_picked":["Guardian:Gem_Fragmented","Guardian:Repulse","Guardian:BronzeArmor"],"picked":"SKIP","floor":24}],"player_experience":1043408,"relics_obtained":[{"floor":5.0,"key":"hubris:SlimyHat"},{"floor":7.0,"key":"Replay:Bandana"},{"floor":9.0,"key":"Bag of Marbles"},{"floor":11.0,"key":"infinitespire:Lychee Nut"},{"floor":24,"key":"hubris:DuctTape"},{"floor":26,"key":"Art of War"}],"event_choices":[{"damage_healed":0.0,"max_hp_gain":0.0,"max_hp_loss":0.0,"gold_gain":175.0,"event_name":"Liars Game","player_choice":"AGREE","floor":2.0,"gold_loss":0.0,"damage_taken":0.0,"cards_obtained":["Doubt"]},{"damage_healed":0.0,"max_hp_gain":5.0,"max_hp_loss":0.0,"gold_gain":0.0,"event_name":"Big Fish","player_choice":"Donut","floor":4.0,"gold_loss":0.0,"damage_taken":0.0}],"is_beta":false,"boss_relics":[{"not_picked":["Fusion Hammer","SlaversCollar"],"picked":"Replay:Wanted Poster"}],"items_purged_floors":[14,25],"is_endless":false,"potions_floor_spawned":[10,11,18,22],"killed_by":"Gremlin Leader","ascension_level":3}}