{"host":"zntn5kfpqqjb7mu3","time":1609931815,"event":{"mods":["AchievementEnabler","Aspiration","BaseMod","Better-Laid Plans","Colored Map","Colored Powertips","Curses Come First","DNKmod","Decade(王小明)","Friendly Minions","Hermit","Marked Mod","Minty Spire (QoL Compilation)","MostiFishMod","Permanent Neow","Quick Restart","Rare Cards Sparkle","Relic Stats","Remove Card Discount Mod","Replay The Spire","Spicy Shops","StSLib","SuperFastMode","TestMod","Waifu the Spire","vexMod","【遗物卡牌】REMEMod","篝火指南"],"gold_per_floor":[8619,8634,8634,8634,7966,8001,8001,8035,8035,8067,7714,7714,7745,7757,7572,7649,7649,7649,7649,7084,7101,7101,6709,6727,6753,6780,6621,6635,6635],"floor_reached":28,"playtime":1164,"items_purged":["Decade_Attack","Decade_Defend","Decade_Defend","Decade_Defend","KamenRideBlade+1","KamenRide","DenO_Gun+1"],"score":691,"play_id":"0706d635-5045-4dcf-8aae-26359450cf6f","local_time":"20210106191655","is_ascension_mode":true,"campfire_choices":[{"floor":7,"key":"RECALL"}],"circlet_count":0,"master_deck":["AscendersBane","Decade_Attack","Decade_Attack","Decade_Attack","Decade_SpecialSkill","Decade_Attack","AutoVajin","AutoVajin+1","PrometheusPower+1","UnarmedAttack5","KamenRideRyuki+1","AutoVajin+1","Decade_Dash1+1","Bandage Up+1","Kabuto_ClockUp+1","DragClaw","FormRideStorm+3","Decade_Invisible+1","FormRideFlame+2","NMDAZYYGL+1","UnarmedAttack1+1","Decade_Defend2+1","Decade_Defend2+1","Dragreder+1","Decade_Defend2+1","Decade_Defend2+1","Kabuto_ClockUp+1","Blade_Beat+1","Blade_Kick+1","UnarmedAttack8","UnarmedAttack4","PrometheusPower+1","UnarmedAttack8","UnarmedAttack7"],"relics":["Decadriver","TOEIDeficitBill","testmod-TestBox","REME_ComplimentaryCards","DaveBox","aspiration:DSix","SynthV:MejaisSoulstealer","testmod-EqualTreatment","SynthV:TestCard","Toxic Egg 2","REME_CardOfGreed","Thread and Needle","Ancient Tea Set","Shuriken","PreservedInsect","Replay:Baseball","Busted Crown","FossilizedHelix","Onion Ring","Kunai","Red Mask"],"acts_visited":["Exordium","TheCity"],"potions_floor_usage":[],"damage_taken":[{"damage":0,"enemies":"Jaw Worm","floor":1,"turns":4},{"damage":0,"enemies":"Small Slimes","floor":2,"turns":3},{"damage":0,"enemies":"Gremlin Nob","floor":6,"turns":3},{"damage":0,"enemies":"3 Sentries","floor":8,"turns":2},{"damage":0,"enemies":"Lagavulin","floor":10,"turns":3},{"damage":0,"enemies":"3 Sentries","floor":13,"turns":2},{"damage":0,"enemies":"2 Louse","floor":14,"turns":1},{"damage":0,"enemies":"Slime Boss","floor":16,"turns":2},{"damage":0,"enemies":"Spheric Guardian","floor":18,"turns":1},{"damage":0,"enemies":"Chosen","floor":21,"turns":2},{"damage":0,"enemies":"Centurion and Healer","floor":22,"turns":2},{"damage":0,"enemies":"Sentry and Sphere","floor":24,"turns":1},{"damage":0,"enemies":"Masked Bandits","floor":25,"turns":1},{"damage":0,"enemies":"Snake Plant","floor":28,"turns":1}],"seed_played":"3302056047176854951","potions_obtained":[{"floor":2,"key":"EntropicBrew"},{"floor":6,"key":"Swift Potion"}],"is_trial":false,"path_per_floor":["M","M","?","?","$","E","R","E","T","E","R","?","E","M","R_BF","B",null,"M","?","$","M","M","R","M","?","T","R","M"],"character_chosen":"Decade","items_purchased":["Toxic Egg 2","KamenRideRyuki+1","AutoVajin+1","Decade_Dash1+1","Bandage Up+1","REME_CardOfGreed","Shuriken","UnarmedAttack1+1","Decade_Defend2+1","Replay:Baseball","Decade_Defend2+1","FossilizedHelix","Onion Ring","Blade_Kick+1","Kunai","UnarmedAttack8","UnarmedAttack7"],"campfire_rested":0,"item_purchase_floors":[5,5,5,5,5,5,11,11,11,15,15,20,20,23,23,23,27],"current_hp_per_floor":[65,65,65,65,65,65,65,65,65,65,65,65,65,65,65,65,65,65,65,65,65,65,65,65,65,65,65,65,65],"gold":6635,"neow_bonus":"DSIX","is_daily":false,"chose_seed":false,"campfire_upgraded":0,"win_rate":0.0,"timestamp":1609931815,"path_taken":["M","M","?","?","$","E","R","E","T","E","R","?","E","M","R_BF","BOSS","M","?","$","M","?","R","M","?","T","R","M"],"items_purchased_type":["Relic","Card","Card","Card","Card","Relic","Relic","Card","Card","Relic","Card","Relic","Relic","Card","Relic","Card","Card"],"build_version":"2020-12-22","purchased_purges":7,"victory":false,"max_hp_per_floor":[65,65,65,65,65,65,65,65,65,65,65,65,65,65,65,65,65,65,65,65,65,65,65,65,65,65,65,65,65],"relic_stats":{"Busted Crown":16,"counters":[14,28],"Shuriken":[5],"PreservedInsect":0,"Kunai":[2],"obtain_stats":[{"testmod-TestBox":0,"SynthV:MejaisSoulstealer":0,"DaveBox":0,"testmod-EqualTreatment":0,"Decadriver":0,"Thread and Needle":6,"PreservedInsect":13,"TOEIDeficitBill":0,"Ancient Tea Set":8,"Replay:Baseball":15,"SynthV:TestCard":1,"Busted Crown":17,"Shuriken":11,"Onion Ring":20,"Red Mask":25,"REME_CardOfGreed":5,"Kunai":23,"Toxic Egg 2":5,"aspiration:DSix":0,"FossilizedHelix":20,"REME_ComplimentaryCards":0},{"testmod-TestBox":0,"SynthV:MejaisSoulstealer":0,"DaveBox":0,"testmod-EqualTreatment":0,"Decadriver":0,"Thread and Needle":3,"PreservedInsect":6,"TOEIDeficitBill":0,"Ancient Tea Set":4,"Replay:Baseball":7,"SynthV:TestCard":1,"Busted Crown":8,"Shuriken":5,"Onion Ring":9,"Red Mask":13,"REME_CardOfGreed":2,"Kunai":11,"Toxic Egg 2":2,"aspiration:DSix":0,"FossilizedHelix":9,"REME_ComplimentaryCards":0},{"testmod-TestBox":0,"SynthV:MejaisSoulstealer":0,"DaveBox":0,"testmod-EqualTreatment":0,"Decadriver":0,"Thread and Needle":10,"PreservedInsect":17,"TOEIDeficitBill":0,"Ancient Tea Set":12,"Replay:Baseball":18,"SynthV:TestCard":4,"Busted Crown":20,"Shuriken":15,"Onion Ring":21,"Red Mask":27,"REME_CardOfGreed":7,"Kunai":25,"Toxic Egg 2":7,"aspiration:DSix":0,"FossilizedHelix":21,"REME_ComplimentaryCards":0}]},"card_choices":[{"not_picked":["Hibiki_Attack1","Kiva_Frozen"],"picked":"AutoVajin","floor":1},{"not_picked":["UnarmedAttack6","FormRideBasshaa"],"picked":"AutoVajin","floor":1},{"not_picked":["Blade_Metal","DenO_Gun","UnarmedAttack7","Decade_Dash1"],"picked":"PrometheusPower","floor":2},{"not_picked":["FormRideBasshaa","Kiva_Bats","FormRideDogga","UnarmedAttack7"],"picked":"UnarmedAttack5","floor":2},{"not_picked":["Blade_Slash+1","KamenRideDenO","FormRideTitan+1","DecadeViolentEmotion+1"],"picked":"Kabuto_ClockUp+1","floor":6},{"not_picked":["Kuuga_GouramAttack","UnarmedAttack6","Hibiki_Attack2","TimeVent+1"],"picked":"DragClaw","floor":6},{"not_picked":["Blade_Beat+1","Decade_Defend2+1","FormRideAxel+1","KamenRideKiva"],"picked":"FormRideStorm+1","floor":8},{"not_picked":["KamenRideKiva","RideBooker+1","Hibiki_Attack3","DenO_Gun+1"],"picked":"Decade_Invisible+1","floor":8},{"not_picked":["FormRideTitan+1","UnarmedAttack5","FormRidePegasus+1","Decade_Defend3+1"],"picked":"FormRideFlame+1","floor":10},{"not_picked":["DenO_Gun+1","FormRideDogga+1","AttackRide+1","FormRideFlame+1"],"picked":"NMDAZYYGL+1","floor":10},{"not_picked":["FormRideTitan+1","KamenRideBlade","RideBooker_Skill_1+1","UnarmedAttack7"],"picked":"Decade_Defend2+1","floor":13},{"not_picked":["Blade_Slash+1","Hibiki_Attack2","FormRideDragon+1","Hibiki_Attack1"],"picked":"Dragreder+1","floor":14},{"not_picked":["UnarmedAttack9","NMDAZYYGL+1","Kiva_Swallow","TimeVent+1"],"picked":"Kabuto_ClockUp+1","floor":16},{"not_picked":["Hibiki_Attack3","KamenRideRyuki"],"picked":"DenO_Gun+1","floor":18},{"not_picked":["Decade_Dash2+1","Blade_Slash+1"],"picked":"Blade_Beat+1","floor":21},{"not_picked":["Decade_Defend2+1","FormRideFlame+1","RideBooker+1"],"picked":"SKIP","floor":21},{"not_picked":["AutoVajin+1","Hibiki_Attack2","FormRideDragon+1"],"picked":"SKIP","floor":22},{"not_picked":["Hibiki_Attack1","KamenRideHibiki"],"picked":"UnarmedAttack4","floor":24},{"not_picked":["DenO_Gun+1","FormRideStorm+1"],"picked":"PrometheusPower+1","floor":24},{"not_picked":["Decade_Invisible+1","FormRideAxel+1"],"picked":"UnarmedAttack8","floor":25},{"not_picked":["Hibiki_Attack1","FormRideDogga+1","KamenRideRyuki"],"picked":"SKIP","floor":28}],"player_experience":117727,"relics_obtained":[{"floor":1,"key":"SynthV:TestCard"},{"floor":6,"key":"Thread and Needle"},{"floor":8,"key":"Ancient Tea Set"},{"floor":13,"key":"PreservedInsect"},{"floor":25,"key":"Red Mask"}],"event_choices":[{"damage_healed":0,"gold_gain":0,"player_choice":"Grow","damage_taken":0,"max_hp_gain":0,"max_hp_loss":0,"event_name":"Living Wall","floor":4,"gold_loss":0,"cards_upgraded":["AutoVajin"]},{"damage_healed":0,"gold_gain":0,"player_choice":"Bought 0 Potions","damage_taken":0,"max_hp_gain":0,"max_hp_loss":0,"event_name":"The Woman in Blue","floor":19,"gold_loss":0},{"damage_healed":0,"gold_gain":0,"player_choice":"Fought Bandits","damage_taken":0,"max_hp_gain":0,"max_hp_loss":0,"event_name":"Masked Bandits","floor":25,"gold_loss":0}],"is_beta":false,"boss_relics":[{"not_picked":["ChewingGum","Replay:Ancient Bell"],"picked":"Busted Crown"}],"items_purged_floors":[5,11,11,15,15,15,20],"is_endless":false,"potions_floor_spawned":[2,6,13,16,21,24],"killed_by":"Snake Plant","ascension_level":14}}