{"host":"z6we5vlunze04bxn","time":1609906335,"event":{"mods":["BaseMod","Colored Map","Colored Powertips","DeckTracker","Minty Spire (QoL Compilation)","SuperFastMode","UnlockEverythingMod","everything is the same but u backflip on backflip"],"gold_per_floor":[116,128,53,53,53,78,78,106,174,186,214,227,239,68,68,145,145,159,74,74,74,93,123,123,123],"floor_reached":24,"playtime":638,"items_purged":["Defend_P"],"score":618,"play_id":"748fd092-06d9-44db-b9c5-16d6dcb312d0","local_time":"20210106121215","is_ascension_mode":true,"campfire_choices":[{"data":"Eruption","floor":7,"key":"SMITH"},{"data":"CrushJoints","floor":15,"key":"SMITH"}],"circlet_count":0,"master_deck":["AscendersBane","Strike_P","Strike_P","Strike_P+1","Defend_P","Defend_P","Eruption+1","Vigilance","FearNoEvil+1","FlurryOfBlows","CrushJoints+1","EmptyMind"],"relics":["PureWater","NeowsBlessing","Ancient Tea Set","TungstenRod","Vajra","HornCleat","Juzu Bracelet","TheAbacus","Empty Cage","Incense Burner","Whetstone"],"acts_visited":["Exordium","TheCity"],"potions_floor_usage":[12,16],"damage_taken":[{"damage":0,"enemies":"Jaw Worm","floor":1,"turns":1},{"damage":0,"enemies":"Cultist","floor":2,"turns":1},{"damage":0,"enemies":"Lagavulin","floor":6,"turns":1},{"damage":15,"enemies":"3 Sentries","floor":8,"turns":10},{"damage":0,"enemies":"Small Slimes","floor":10,"turns":2},{"damage":7,"enemies":"Gremlin Nob","floor":11,"turns":3},{"damage":11,"enemies":"Exordium Thugs","floor":12,"turns":2},{"damage":0,"enemies":"2 Fungi Beasts","floor":13,"turns":3},{"damage":0,"enemies":"Slime Boss","floor":16,"turns":5},{"damage":13,"enemies":"2 Thieves","floor":18,"turns":4},{"damage":12,"enemies":"Shell Parasite","floor":22,"turns":2},{"damage":16,"enemies":"Book of Stabbing","floor":23,"turns":5},{"damage":30,"enemies":"Snake Plant","floor":24,"turns":1}],"seed_played":"-2020031610788314463","potions_obtained":[{"floor":2,"key":"PowerPotion"},{"floor":6,"key":"DistilledChaos"},{"floor":16,"key":"BlessingOfTheForge"}],"is_trial":false,"path_per_floor":["M","M","$","?","?","E","R","E","T","M","E","M","M","$","R","B",null,"M","?","?","$","M","E","M"],"character_chosen":"WATCHER","items_purchased":["TheAbacus"],"campfire_rested":0,"item_purchase_floors":[14],"current_hp_per_floor":[61,61,61,56,61,61,61,46,46,46,39,28,28,28,28,28,62,49,49,49,49,37,21,0,0],"gold":123,"neow_bonus":"THREE_ENEMY_KILL","is_daily":false,"chose_seed":false,"campfire_upgraded":2,"win_rate":0.0,"timestamp":1609906335,"path_taken":["M","M","$","?","?","E","R","E","T","M","E","M","M","$","R","BOSS","M","?","?","?","M","E","M"],"items_purchased_type":["Relic"],"build_version":"2020-12-22","purchased_purges":1,"victory":false,"max_hp_per_floor":[68,68,68,68,73,73,73,73,73,73,73,73,73,73,73,73,73,73,73,73,73,73,73,73,73],"card_choices":[{"not_picked":["FollowUp","CarveReality","SashWhip"],"picked":"SKIP","floor":1},{"not_picked":["EmptyBody","PathToVictory","Consecrate"],"picked":"SKIP","floor":2},{"not_picked":["Worship","Halt"],"picked":"FearNoEvil","floor":6},{"not_picked":["Consecrate","Tantrum"],"picked":"FlurryOfBlows","floor":8},{"not_picked":["BowlingBash","SashWhip","WindmillStrike"],"picked":"SKIP","floor":10},{"not_picked":["CutThroughFate","Vengeance"],"picked":"CrushJoints","floor":11},{"not_picked":["Consecrate","ThirdEye"],"picked":"EmptyMind","floor":12},{"not_picked":["LikeWater","Prostrate","Conclude"],"picked":"SKIP","floor":13},{"not_picked":["Protect","FlyingSleeves","ForeignInfluence"],"picked":"SKIP","floor":18},{"not_picked":["EmptyMind","FlurryOfBlows+1","Prostrate"],"picked":"SKIP","floor":22},{"not_picked":["Meditate+1","Alpha","Wish"],"picked":"SKIP","floor":23}],"player_experience":256986,"relics_obtained":[{"floor":6,"key":"TungstenRod"},{"floor":8,"key":"Vajra"},{"floor":9,"key":"HornCleat"},{"floor":11,"key":"Juzu Bracelet"},{"floor":23,"key":"Whetstone"}],"event_choices":[{"damage_healed":0,"gold_gain":0,"player_choice":"Success","damage_taken":5,"relics_obtained":["Ancient Tea Set"],"max_hp_gain":0,"max_hp_loss":0,"event_name":"Scrap Ooze","floor":4,"gold_loss":0},{"damage_healed":0,"gold_gain":0,"player_choice":"Donut","damage_taken":0,"max_hp_gain":5,"max_hp_loss":0,"event_name":"Big Fish","floor":5,"gold_loss":0},{"damage_healed":0,"gold_gain":0,"player_choice":"Obtained Relic","damage_taken":0,"relics_obtained":["Incense Burner"],"max_hp_gain":0,"max_hp_loss":0,"event_name":"Addict","floor":19,"gold_loss":85},{"damage_healed":0,"gold_gain":0,"player_choice":"Ignored","damage_taken":0,"max_hp_gain":0,"max_hp_loss":0,"event_name":"Vampires","floor":20,"gold_loss":0}],"is_beta":false,"boss_relics":[{"not_picked":["Coffee Dripper","Tiny House"],"picked":"Empty Cage"}],"items_purged_floors":[3],"is_endless":false,"potions_floor_spawned":[2,6,10,16],"killed_by":"Snake Plant","ascension_level":20}}