{"host":"sav7uxregyirlf69","time":1609951378,"event":{"mods":["AchievementEnabler","BaseMod","Colored Map","DeckTracker","Keyboard Shortcuts","Minty Spire (QoL Compilation)","READ ME - Guardian Mod","StSLib","SuperFastMode"],"gold_per_floor":[117,42,42,42,42,75,94,65,90,129,129,163,187,217,217,217,217],"floor_reached":16,"playtime":203,"items_purged":[],"score":282,"play_id":"8cd8067e-18d3-40f5-85a5-df6cdfaf72f2","local_time":"20210107014258","is_ascension_mode":true,"campfire_choices":[{"data":"Bludgeon","floor":11,"key":"SMITH"},{"data":"Anger","floor":15,"key":"SMITH"}],"circlet_count":0,"master_deck":["AscendersBane","Strike_R","Strike_R","Strike_R","Strike_R","Defend_R","Defend_R","Defend_R","Defend_R","Bash","Anger+1","Bludgeon+1","Seeing Red","Shrug It Off","Power Through"],"relics":["Burning Blood","NeowsBlessing","Eternal Feather","Golden Idol","Bottled Flame","Lantern","Question Card","Omamori","Odd Mushroom"],"acts_visited":["Exordium"],"potions_floor_usage":[14,16],"damage_taken":[{"damage":0,"enemies":"Small Slimes","floor":1,"turns":1},{"damage":0,"enemies":"Lagavulin","floor":6,"turns":1},{"damage":0,"enemies":"Jaw Worm","floor":7,"turns":1},{"damage":52,"enemies":"3 Sentries","floor":10,"turns":12},{"damage":11,"enemies":"Gremlin Nob","floor":12,"turns":3},{"damage":0,"enemies":"2 Louse","floor":13,"turns":2},{"damage":18,"enemies":"The Mushroom Lair","floor":14,"turns":4},{"damage":28,"enemies":"Hexaghost","floor":16,"turns":7}],"seed_played":"7499625883854715498","potions_obtained":[{"floor":12,"key":"EssenceOfSteel"},{"floor":13,"key":"BloodPotion"},{"floor":14,"key":"Weak Potion"}],"is_trial":false,"path_per_floor":["M","?","?","?","?","E","M","$","T","E","R","E","M","?","R","B"],"character_chosen":"IRONCLAD","items_purchased":["Shrug It Off"],"campfire_rested":0,"item_purchase_floors":[8],"current_hp_per_floor":[74,74,74,69,43,49,55,55,55,9,15,10,16,19,28,0,0],"gold":217,"neow_bonus":"THREE_ENEMY_KILL","is_daily":false,"chose_seed":false,"campfire_upgraded":2,"win_rate":0.0,"timestamp":1609951378,"path_taken":["M","?","?","?","?","E","M","?","T","E","R","E","?","?","R","BOSS"],"items_purchased_type":["Card"],"build_version":"2020-12-22","purchased_purges":0,"victory":false,"max_hp_per_floor":[75,75,75,75,75,75,75,75,75,75,75,75,75,75,75,75,75],"card_choices":[{"not_picked":["Heavy Blade","Seeing Red"],"picked":"Anger","floor":1},{"not_picked":["Perfected Strike","Heavy Blade"],"picked":"Bludgeon","floor":6},{"not_picked":["Bloodletting","Body Slam"],"picked":"Seeing Red","floor":7},{"not_picked":["Clash","Sever Soul","Cleave"],"picked":"SKIP","floor":10},{"not_picked":["Carnage","Cleave","Flame Barrier"],"picked":"Power Through","floor":12},{"not_picked":["Infernal Blade","Flex","Heavy Blade","Metallicize"],"picked":"SKIP","floor":13}],"player_experience":1165006,"relics_obtained":[{"floor":6,"key":"Bottled Flame"},{"floor":9,"key":"Lantern"},{"floor":10,"key":"Question Card"},{"floor":12,"key":"Omamori"},{"floor":14,"key":"Odd Mushroom"}],"event_choices":[{"cards_removed":["Strike_R"],"damage_healed":0,"gold_gain":0,"player_choice":"Card Removal","damage_taken":0,"max_hp_gain":0,"max_hp_loss":0,"event_name":"The Cleric","floor":2,"gold_loss":75},{"damage_healed":0,"gold_gain":0,"player_choice":"Ignored","damage_taken":0,"max_hp_gain":0,"max_hp_loss":0,"event_name":"Liars Game","floor":3,"gold_loss":0},{"damage_healed":0,"gold_gain":0,"player_choice":"Success","damage_taken":5,"relics_obtained":["Eternal Feather"],"max_hp_gain":0,"max_hp_loss":0,"event_name":"Scrap Ooze","floor":4,"gold_loss":0},{"damage_healed":0,"gold_gain":0,"player_choice":"Take Damage","damage_taken":26,"relics_obtained":["Golden Idol"],"max_hp_gain":0,"max_hp_loss":0,"event_name":"Golden Idol","floor":5,"gold_loss":0},{"damage_healed":0,"gold_gain":0,"player_choice":"Fought Mushrooms","damage_taken":0,"max_hp_gain":0,"max_hp_loss":0,"event_name":"Mushrooms","floor":14,"gold_loss":0}],"is_beta":false,"boss_relics":[],"items_purged_floors":[],"is_endless":false,"potions_floor_spawned":[12,13,14],"killed_by":"Hexaghost","ascension_level":20}}