{"host":"1a32ffxog1zcqoh0","time":1609965070,"event":{"mods":["BaseMod","Block Reminder","Colored Map","Colored Powertips","Googly Eyes","Minty Spire (QoL Compilation)","Quick Restart","Rare Cards Sparkle","Relic Stats","StSLib","Unceasing Turn Reminder","everything is the same but u backflip on backflip","slay the spire mod where everything is the same but ironclad has a cowboy hat"],"gold_per_floor":[111,111,131,2,2,33,33,73,73,113,113,149,149,149,149,280,280,304,304,304,304,404,431,431,111,138,148,148,180,180,200,200,200,200],"floor_reached":33,"playtime":1370,"items_purged":["Injury","Writhe"],"score":397,"play_id":"36bdaf4e-621a-478a-a73f-b48fb15ddeef","local_time":"20210106153110","is_ascension_mode":true,"campfire_choices":[{"floor":7,"key":"REST"},{"floor":13,"key":"REST"},{"data":"Poisoned Stab","floor":15,"key":"SMITH"},{"floor":24,"key":"REST"},{"floor":30,"key":"REST"},{"floor":32,"key":"REST"}],"circlet_count":0,"master_deck":["Strike_G","Strike_G","Strike_G","Strike_G","Defend_G","Defend_G","Defend_G","Defend_G","Defend_G","Survivor","Neutralize","Bane","Deflect","Dagger Spray","Poisoned Stab+1","Prepared","Crippling Poison","Bouncing Flask","Corpse Explosion","Crippling Poison","Catalyst","Prepared","Dash","Noxious Fumes","Escape Plan","Escape Plan"],"relics":["Ring of the Snake","PreservedInsect","Sundial","Question Card","Juzu Bracelet","WingedGreaves","Gambling Chip","HoveringKite","Nloth\u0027s Gift","StoneCalendar","Bag of Marbles","ClockworkSouvenir","Omamori","Potion Belt"],"acts_visited":["Exordium","TheCity"],"potions_floor_usage":[6,16,33],"damage_taken":[{"damage":3,"enemies":"Jaw Worm","floor":1,"turns":7},{"damage":4,"enemies":"Small Slimes","floor":3,"turns":5},{"damage":13,"enemies":"Gremlin Nob","floor":6,"turns":3},{"damage":22,"enemies":"Lagavulin","floor":8,"turns":7},{"damage":2,"enemies":"Gremlin Nob","floor":10,"turns":3},{"damage":19,"enemies":"3 Sentries","floor":12,"turns":7},{"damage":22,"enemies":"Hexaghost","floor":16,"turns":9},{"damage":0,"enemies":"3 Byrds","floor":18,"turns":2},{"damage":30,"enemies":"Gremlin Leader","floor":23,"turns":5},{"damage":7,"enemies":"2 Thieves","floor":27,"turns":3},{"damage":32,"enemies":"Book of Stabbing","floor":29,"turns":5},{"damage":16,"enemies":"Snake Plant","floor":31,"turns":4},{"damage":50,"enemies":"Champ","floor":33,"turns":7}],"seed_played":"7248999050595305937","potions_obtained":[{"floor":3,"key":"Fire Potion"},{"floor":12,"key":"GhostInAJar"},{"floor":23,"key":"LiquidBronze"},{"floor":29,"key":"Explosive Potion"},{"floor":31,"key":"SmokeBomb"}],"is_trial":false,"path_per_floor":["M","?","M","$","?","E","R","E","T","E","?","E","R","?","R","B",null,"M","?","?","?","?","E","R","$","T","M","?","E","R","M","R","B"],"character_chosen":"THE_SILENT","items_purchased":["Dagger Spray","ClockworkSouvenir","Dash"],"campfire_rested":5,"item_purchase_floors":[4,25,25],"current_hp_per_floor":[60,60,56,56,49,36,57,35,35,33,33,14,35,58,58,36,62,62,62,62,62,62,32,53,53,53,46,46,14,35,19,40,0,0],"gold":200,"neow_bonus":"RANDOM_COMMON_RELIC","is_daily":false,"chose_seed":false,"campfire_upgraded":1,"win_rate":0.0,"timestamp":1609965070,"path_taken":["M","?","M","$","?","E","R","E","T","E","?","E","R","?","R","BOSS","M","?","?","?","?","E","R","$","T","M","?","E","R","M","R","BOSS"],"items_purchased_type":["Card","Relic","Card"],"build_version":"2020-12-22","purchased_purges":2,"victory":false,"max_hp_per_floor":[70,70,70,70,70,70,70,70,70,70,70,70,70,70,70,70,70,70,70,70,70,70,70,70,70,70,70,70,70,70,70,70,70,70],"relic_stats":{"counters":[13,67],"Sundial":[8],"Gambling Chip":[35],"HoveringKite":[15],"StoneCalendar":[52],"PreservedInsect":196,"Juzu Bracelet":3,"Nloth\u0027s Gift":4,"Question Card":8,"obtain_stats":[{"Potion Belt":29,"Golden Idol":2,"HoveringKite":17,"StoneCalendar":21,"PreservedInsect":0,"Juzu Bracelet":9,"Omamori":26,"Question Card":8,"ClockworkSouvenir":25,"Sundial":6,"Gambling Chip":12,"WingedGreaves":10,"Nloth\u0027s Gift":20,"Bag of Marbles":23,"Ring of the Snake":0},{"Potion Belt":11,"Golden Idol":1,"HoveringKite":7,"StoneCalendar":8,"PreservedInsect":0,"Juzu Bracelet":4,"Omamori":9,"Question Card":4,"ClockworkSouvenir":9,"Sundial":3,"Gambling Chip":6,"WingedGreaves":5,"Nloth\u0027s Gift":8,"Bag of Marbles":9,"Ring of the Snake":0},{"Potion Belt":56,"Golden Idol":7,"HoveringKite":41,"StoneCalendar":43,"PreservedInsect":0,"Juzu Bracelet":22,"Omamori":48,"Question Card":22,"ClockworkSouvenir":48,"Sundial":15,"Gambling Chip":32,"WingedGreaves":25,"Nloth\u0027s Gift":43,"Bag of Marbles":48,"Ring of the Snake":0}],"Ring of the Snake":[26]},"card_choices":[{"not_picked":["Sucker Punch","Setup"],"picked":"Bane","floor":1},{"not_picked":["Acrobatics","Backstab"],"picked":"Deflect","floor":3},{"not_picked":["Quick Slash","Dodge and Roll"],"picked":"Poisoned Stab","floor":6},{"not_picked":["Storm of Steel","Quick Slash"],"picked":"Prepared","floor":8},{"not_picked":["Underhanded Strike","Expertise","Tactician"],"picked":"Crippling Poison","floor":10},{"not_picked":["Endless Agony","Cloak And Dagger","Outmaneuver"],"picked":"Bouncing Flask","floor":12},{"not_picked":["Night Terror","Burst","After Image"],"picked":"Corpse Explosion","floor":16},{"not_picked":["Prepared","Underhanded Strike","Finisher"],"picked":"Crippling Poison","floor":18},{"not_picked":["Venomology","Skewer","Doppelganger"],"picked":"Prepared","floor":23},{"not_picked":["Adrenaline","Reflex+1","Deflect"],"picked":"Noxious Fumes","floor":27},{"not_picked":["Finisher+1","Catalyst","Storm of Steel"],"picked":"Escape Plan","floor":29},{"not_picked":["Calculated Gamble+1","Flying Knee","Blade Dance"],"picked":"Escape Plan","floor":31}],"player_experience":271468,"relics_obtained":[{"floor":6,"key":"Sundial"},{"floor":8,"key":"Question Card"},{"floor":9,"key":"Juzu Bracelet"},{"floor":10,"key":"WingedGreaves"},{"floor":12,"key":"Gambling Chip"},{"floor":23,"key":"Bag of Marbles"},{"floor":26,"key":"Omamori"},{"floor":29,"key":"Potion Belt"}],"event_choices":[{"damage_healed":0,"gold_gain":0,"player_choice":"Take Wound","damage_taken":0,"relics_obtained":["Golden Idol"],"max_hp_gain":0,"max_hp_loss":0,"event_name":"Golden Idol","floor":2,"gold_loss":0,"cards_obtained":["Injury"]},{"cards_removed":["Strike_G"],"damage_healed":0,"gold_gain":0,"player_choice":"Card Removal","damage_taken":7,"max_hp_gain":0,"max_hp_loss":0,"event_name":"Golden Wing","floor":5,"gold_loss":0},{"damage_healed":0,"gold_gain":0,"player_choice":"Ignored","damage_taken":0,"max_hp_gain":0,"max_hp_loss":0,"event_name":"Shining Light","floor":11,"gold_loss":0},{"damage_healed":23,"gold_gain":0,"player_choice":"Banana","damage_taken":0,"max_hp_gain":0,"max_hp_loss":0,"event_name":"Big Fish","floor":14,"gold_loss":0},{"damage_healed":0,"gold_gain":0,"player_choice":"Read","damage_taken":0,"max_hp_gain":0,"max_hp_loss":0,"event_name":"The Library","floor":19,"gold_loss":0,"cards_obtained":["Catalyst"]},{"damage_healed":0,"gold_gain":0,"player_choice":"Traded Relic","damage_taken":0,"relics_obtained":["Nloth\u0027s Gift"],"max_hp_gain":0,"max_hp_loss":0,"event_name":"N\u0027loth","floor":20,"relics_lost":["Golden Idol"],"gold_loss":0},{"damage_healed":0,"gold_gain":0,"player_choice":"Opened","damage_taken":0,"relics_obtained":["StoneCalendar"],"max_hp_gain":0,"max_hp_loss":0,"event_name":"The Mausoleum","floor":21,"gold_loss":0,"cards_obtained":["Writhe"]},{"damage_healed":0,"gold_gain":100,"player_choice":"Pray","damage_taken":0,"max_hp_gain":0,"max_hp_loss":0,"event_name":"Golden Shrine","floor":22,"gold_loss":0},{"damage_healed":0,"gold_gain":0,"player_choice":"Smashed Altar","damage_taken":0,"max_hp_gain":0,"max_hp_loss":0,"event_name":"Forgotten Altar","floor":28,"gold_loss":0,"cards_obtained":["Decay"]}],"is_beta":false,"boss_relics":[{"not_picked":["Pandora\u0027s Box","Runic Dome"],"picked":"HoveringKite"}],"items_purged_floors":[4,25],"is_endless":false,"potions_floor_spawned":[3,12,23,29,31],"killed_by":"Champ","ascension_level":6}}