{"host":"02uosbn8hju1jzqf","time":1609897016,"event":{"mods":["Act Like it!","Arknights The Spire","BaseMod","Colored Powertips","Defective Defect","GifTheSpireLib","Koishi","Marisa????????","Minty Spire (QoL Compilation)","Reimu??????","Remilia??????","StSLib","The Awakened One except there are too many feathers","The Bug Knight","The Poker Player","The Servant 0.9.4","Yakumo Yukari mod","everything is the same but u backflip on backflip","??????REMEMod"],"gold_per_floor":[136,136,136,86,98,126,139,172,172,161,13,13,47,60,60,166,166,184,196,160,186,3,3,32,32,58,58,78,78,92,122,122,226,226,246,293,218,218,231,265,298,310,310,143,175,187,187,199,199,199,199,199,74,104,104],"floor_reached":56,"playtime":6729,"items_purged":["Monsters_DoubleDeathButterfly_purple","Worldmountain_purple","Defend_purpleEX"],"score":1395,"play_id":"519012ec-96b5-4206-b32e-1b8269f60d21","local_time":"20210105173656","is_ascension_mode":false,"campfire_choices":[{"floor":12,"key":"REST"},{"floor":15,"key":"REST"},{"data":"Nest_LightFlightworm_purple","floor":23,"key":"SMITH"},{"data":"Charmbait_purple","floor":27,"key":"SMITH"},{"data":"MonsterNeedle_purple","floor":29,"key":"SMITH"},{"data":"StateErode_purple","floor":32,"key":"SMITH"},{"data":"Know_ledgeAbilityRealm_purple","floor":47,"key":"SMITH"},{"floor":49,"key":"RECALL"},{"data":"Observe_purple_2","floor":52,"key":"SMITH"}],"circlet_count":0,"master_deck":["AT_purpleEX","AT_purpleEX","AT_purpleEX","Defend_purpleEX","Defend_purpleEX","Defend_purpleEX","Observe_purple_1","Observe_purple_2+1","AdvanceAttack_purple","Line_surface_state_purple","MeetDecomposer_purple","MonsterNeedle_purple+1","Line_surface_state_purple","RuleDissolution_purple+1","DimensionStaggered_purple+1","AdvanceAttack_purple","Shallow_ocean_purpleEX+1","Nest_LightFlightworm_purple+1","ExistenceContinue_purple","OpenedBox_purple+1","Know_ledgeAbilityRealm_purple+1","Charmbait_purple+1","ContainerChange_purple+1","StateErode_purple+1","RuleDissolution_purple+1","OmniscientAndOmnipotent_Monster_purple","Mirror_WaveAndshot_purple+1","Boundary_LightAndDark_purple+1"],"relics":["Boundary_crack","Memoryfragments_purpleEX","REME_ComplimentaryCards","Eternal Feather","PreservedInsect","Ornamental Fan","Matryoshka","REME_OnlineShoppingPlatform","Toxic Egg 2","REME_DuelDisc","Frozen Egg 2","Bag of Preparation","Omamori","WingedGreaves","Busted Crown","Parasol_purpleEX","Blood Vial","RuthlessExorcism:ReiMu","Orichalcum","White Beast Statue","Gremlin Horn","Strawberry"],"acts_visited":["Exordium","TheCity","TheBeyond","TheEnding"],"potions_floor_usage":[16,21,28,36,36,36],"damage_taken":[{"damage":7,"enemies":"Cultist","floor":1,"turns":4},{"damage":3,"enemies":"Jaw Worm","floor":5,"turns":3},{"damage":50,"enemies":"Gremlin Nob","floor":6,"turns":5},{"damage":2,"enemies":"Small Slimes","floor":7,"turns":3},{"damage":13,"enemies":"3 Sentries","floor":8,"turns":7},{"damage":0,"enemies":"Exordium Thugs","floor":10,"turns":4},{"damage":11,"enemies":"HollowMod:MossKnight","floor":13,"turns":11},{"damage":3,"enemies":"Exordium Wildlife","floor":14,"turns":7},{"damage":13,"enemies":"Slime Boss","floor":16,"turns":22},{"damage":0,"enemies":"Shell Parasite","floor":18,"turns":14},{"damage":10,"enemies":"Snake Plant","floor":19,"turns":10},{"damage":7,"enemies":"Centurion and Healer","floor":21,"turns":17},{"damage":23,"enemies":"HollowMod:Nosk","floor":24,"turns":10},{"damage":6,"enemies":"3 Cultists","floor":28,"turns":4},{"damage":3,"enemies":"Sentry and Sphere","floor":30,"turns":8},{"damage":9,"enemies":"REME_1_Revenger","floor":31,"turns":4},{"damage":8,"enemies":"Champ","floor":33,"turns":11},{"damage":0,"enemies":"3 Darklings","floor":35,"turns":5},{"damage":3,"enemies":"2 Orb Walkers","floor":36,"turns":6},{"damage":1,"enemies":"Orb Walker","floor":39,"turns":2},{"damage":0,"enemies":"Nemesis","floor":40,"turns":3},{"damage":1,"enemies":"Giant Head","floor":41,"turns":5},{"damage":0,"enemies":"3 Darklings","floor":42,"turns":3},{"damage":0,"enemies":"Nemesis","floor":45,"turns":7},{"damage":0,"enemies":"Transient","floor":46,"turns":5},{"damage":3,"enemies":"4 Shapes","floor":48,"turns":3},{"damage":0,"enemies":"Donu and Deca","floor":50,"turns":8},{"damage":0,"enemies":"Shield and Spear","floor":54,"turns":4},{"damage":7,"enemies":"The Heart","floor":55,"turns":7}],"seed_played":"1446150128307257257","potions_obtained":[{"floor":7,"key":"SmokeBomb"},{"floor":8,"key":"Dexterity Potion"},{"floor":10,"key":"CultistPotion"}],"is_trial":false,"path_per_floor":["M","T","?","?","M","E","M","E","T","M","$","R","E","M","R","B",null,"M","M","$","M","$","R","E","?","T","R","M","R","M","E","R","B",null,"M","?","$","?","M","E","E","M","T","$","E","M","R","M","R","B",null,"R","$","E","B",null],"character_chosen":"Youkari","items_purchased":["REME_OnlineShoppingPlatform","Nest_LightFlightworm_purple","OpenedBox_purple+1","Know_ledgeAbilityRealm_purple","Boundary_LightAndDark_purple+1"],"campfire_rested":2,"item_purchase_floors":[11,20,22,22,44],"current_hp_per_floor":[71,71,68,68,66,18,17,5,5,5,5,37,27,28,60,52,77,77,76,76,73,73,77,55,55,55,70,65,77,77,73,77,74,77,77,77,77,77,77,77,77,77,77,77,77,77,77,77,77,77,77,77,77,84,82],"gold":104,"neow_bonus":"TEN_PERCENT_HP_BONUS","is_daily":false,"chose_seed":false,"campfire_upgraded":6,"win_rate":0.0,"timestamp":1609897016,"path_taken":["M","?","?","?","?","E","M","E","T","M","$","R","E","M","R","BOSS","M","M","$","M","$","R","E","?","T","R","M","R","M","E","R","BOSS","M","?","$","?","M","E","E","M","T","$","E","M","R","M","R","BOSS","R","$","E","BOSS"],"items_purchased_type":["Relic","Card","Card","Card","Card"],"build_version":"2020-12-22","purchased_purges":3,"victory":true,"max_hp_per_floor":[77,77,77,77,77,77,77,77,77,77,77,77,77,77,77,77,77,77,77,77,77,77,77,77,77,77,77,77,77,77,77,77,77,77,77,77,77,77,77,77,77,77,77,77,77,77,77,77,77,77,77,77,77,84,84],"card_choices":[{"not_picked":["RuleDissolution_purple","Charmbait_purple"],"picked":"AdvanceAttack_purple","floor":1},{"not_picked":["RuleDissolution_purple","Shallow_ocean_purpleEX"],"picked":"Worldmountain_purple","floor":5},{"not_picked":["UniverseChoice_purple","Umbrella_purple"],"picked":"Line_surface_state_purple","floor":6},{"not_picked":["RuleDissolution_purple","StateDuplicate_purple"],"picked":"MeetDecomposer_purple","floor":7},{"not_picked":["DarkRealmRedLine_purple","Worldmountain_purple"],"picked":"MonsterNeedle_purple","floor":8},{"not_picked":["Bait_HighSpeedFlying_purple","StateDuplicate_purple"],"picked":"Line_surface_state_purple","floor":10},{"not_picked":["WasteWire_Metro_purple","Charmbait_purple"],"picked":"RuleDissolution_purple+1","floor":13},{"not_picked":["Bait_Toxicbait_purple+1","OpenedBox_purple+1"],"picked":"DimensionStaggered_purple+1","floor":14},{"not_picked":["WasteWire_Metro_purple","UniverseChoice_purple"],"picked":"Monsters_DoubleDeathButterfly_purple","floor":16},{"not_picked":["Shallow_ocean_purpleEX","Line_surface_state_purple+1"],"picked":"AdvanceAttack_purple","floor":18},{"not_picked":["Bait_Toxicbait_purple+1","SfantasyHide_purple+1"],"picked":"Shallow_ocean_purpleEX+1","floor":19},{"not_picked":["Extrememeaning_purpleEX+1","RuleDissolution_purple+1"],"picked":"ExistenceContinue_purple","floor":21},{"not_picked":["StretchesForeverDream_purple+1","MeetDecomposer_purple+1"],"picked":"Charmbait_purple","floor":24},{"not_picked":["StateDuplicate_purple+1","EighthInstrument_OneDividesIntoTwo_purple"],"picked":"ContainerChange_purple+1","floor":28},{"not_picked":["Realm_recovery_purpleEX+1","Anti_communist_purple+1","SfantasyHide_purple+1"],"picked":"SKIP","floor":30},{"not_picked":["ExistenceContinue_purple","RuleDissolution_purple+1"],"picked":"StateErode_purple","floor":31},{"not_picked":[],"picked":"RuleDissolution_purple+1","floor":35},{"not_picked":[],"picked":"Mirror_WaveAndshot_purple+1","floor":39},{"not_picked":["MonsterNeedle_purple+1"],"picked":"SKIP","floor":40},{"not_picked":["Realm_recovery_purpleEX+1"],"picked":"SKIP","floor":41},{"not_picked":["Mirror_FormAndEmptin_purple+1"],"picked":"SKIP","floor":42},{"not_picked":["Line_surface_state_purple+1"],"picked":"SKIP","floor":45},{"not_picked":["RuleDissolution_purple+1"],"picked":"SKIP","floor":46},{"not_picked":["SfantasyHide_purple+1"],"picked":"SKIP","floor":48},{"not_picked":["Worldmountain_purple"],"picked":"SKIP","floor":54}],"player_experience":143064,"relics_obtained":[{"floor":6,"key":"PreservedInsect"},{"floor":8,"key":"Ornamental Fan"},{"floor":9,"key":"Matryoshka"},{"floor":13,"key":"Toxic Egg 2"},{"floor":24,"key":"Frozen Egg 2"},{"floor":26,"key":"Bag of Preparation"},{"floor":26,"key":"Omamori"},{"floor":31,"key":"WingedGreaves"},{"floor":36,"key":"Parasol_purpleEX"},{"floor":40,"key":"Blood Vial"},{"floor":41,"key":"RuthlessExorcism:ReiMu"},{"floor":43,"key":"Orichalcum"},{"floor":43,"key":"White Beast Statue"},{"floor":45,"key":"Gremlin Horn"},{"floor":54,"key":"Strawberry"}],"event_choices":[{"damage_healed":0,"gold_gain":0,"player_choice":"Success","damage_taken":3,"relics_obtained":["Eternal Feather"],"max_hp_gain":0,"max_hp_loss":0,"event_name":"Scrap Ooze","floor":3,"gold_loss":0},{"cards_removed":["AT_purpleEX"],"damage_healed":0,"gold_gain":0,"player_choice":"Card Removal","damage_taken":0,"max_hp_gain":0,"max_hp_loss":0,"event_name":"The Cleric","floor":4,"gold_loss":50},{"damage_healed":0,"gold_gain":0,"player_choice":"Fight","damage_taken":0,"max_hp_gain":0,"max_hp_loss":0,"event_name":"Mysterious Sphere","floor":36,"gold_loss":0},{"damage_healed":0,"gold_gain":0,"player_choice":"1 cards matched","damage_taken":0,"max_hp_gain":0,"max_hp_loss":0,"event_name":"Match and Keep!","floor":38,"gold_loss":0,"cards_obtained":["OmniscientAndOmnipotent_Monster_purple"]}],"is_beta":false,"boss_relics":[{"not_picked":["REME_LowDesire","Ectoplasm"],"picked":"REME_DuelDisc"},{"not_picked":["Snecko Eye","Seventeenyearold_girl_Forever"],"picked":"Busted Crown"}],"items_purged_floors":[37,44,53],"is_endless":false,"potions_floor_spawned":[7,8,10,13,18,21,24,33,35,39,40,45,46,48,54],"ascension_level":0}}