{"host":"n7mxhpjy89lltbhc","time":1609942578,"event":{"mods":["2.2 Compatiblity","Act Like it!","Bard","BaseMod","Better Match","Better Sensory Stone","Better Synergies","Better Third Choice","Better Vampires","BetterRewards","Challenge The Spire","Colored Map","Colored Powertips","Downfall","Gensokyo","Hubris","Infinite Spire","Jedi Mod","Marisa????????","Marked Mod","Minty Spire (QoL Compilation)","Permanent Neow","Rare Cards Sparkle","Relic Sorter","Relic Stats","Replay The Spire","Shop Mod","Small Relic Pack","Spicy Shops","StSLib","Strawberry Spire","The Blue Laboratory","The Disciple","The Marked","The Servant 0.9.4","Uncapped","Waifu the Spire","Wandering Minibosses","vexMod"],"gold_per_floor":[114,128,13,25,25,25,25],"floor_reached":6,"playtime":253,"items_purged":[],"score":72,"play_id":"ef2c0635-7247-4f5a-9ac6-b3caf279fa2e","local_time":"25640106211618","is_ascension_mode":true,"campfire_choices":[],"circlet_count":0,"master_deck":["AscendersBane","Strike_MRS","Strike_MRS","Strike_MRS","Strike_MRS","Defend_MRS","Defend_MRS","Defend_MRS","Defend_MRS","MasterSpark","UpSweep","DoubleSpark","DoubleSpark","Gensokyo:DepletedGenerator","Gensokyo:TarnishedGold"],"relics":["MiniHakkero","Gensokyo:CelestialsFlawlessClothing"],"acts_visited":["Gensokyo:Gensokyo"],"potions_floor_usage":[6],"damage_taken":[{"damage":7,"enemies":"Gensokyo:3_Fairies","floor":1,"turns":4},{"damage":15,"enemies":"Gensokyo:2_Kodama","floor":2,"turns":3},{"damage":0,"enemies":"Gensokyo:Python","floor":4,"turns":2},{"damage":71,"enemies":"Gensokyo:Mamizou","floor":6,"turns":13}],"seed_played":"6952996093379512382","potions_obtained":[{"floor":4,"key":"blueLaboratory:AbyssPotion"}],"is_trial":false,"path_per_floor":["M","M","COS","M","?","E"],"character_chosen":"MARISA","items_purchased":[],"campfire_rested":0,"item_purchase_floors":[],"current_hp_per_floor":[56,41,41,41,20,0,0],"gold":25,"neow_bonus":"THREE_CARDS","is_daily":false,"chose_seed":false,"campfire_upgraded":0,"win_rate":0.0,"timestamp":1609942578,"path_taken":["M","M","COS","?","?","E"],"items_purchased_type":[],"build_version":"2020-12-22","purchased_purges":0,"victory":false,"max_hp_per_floor":[70,70,70,70,70,70,70],"relic_stats":{"counters":[4,21],"obtain_stats":[{"MiniHakkero":0,"Gensokyo:CelestialsFlawlessClothing":5},{"MiniHakkero":0,"Gensokyo:CelestialsFlawlessClothing":3},{"MiniHakkero":0,"Gensokyo:CelestialsFlawlessClothing":9}]},"card_choices":[{"not_picked":["WitchOfGreed","EnergyRecoil"],"picked":"DoubleSpark","floor":1},{"not_picked":["UnstableBomb","GravityBeat"],"picked":"DoubleSpark","floor":2},{"not_picked":["ShootingEcho","PulseMagic","MagicChant"],"picked":"SKIP","floor":4}],"player_experience":1037505,"relics_obtained":[],"event_choices":[],"is_beta":false,"boss_relics":[],"items_purged_floors":[],"is_endless":false,"potions_floor_spawned":[4],"killed_by":"Gensokyo:Mamizou","ascension_level":20}}