{"host":"mtg945c5jssv10ty","time":1609936389,"event":{"mods":["Ascension Unlocker","BaseMod","Downfall","Minty Spire (QoL Compilation)","StSLib","SuperFastMode"],"gold_per_floor":[99,119,119,138,123,142,194,210,221,240,240,240,240,257,277,375,375,375,375,475,475,485,335,335,335,485,485,505,518,418,451,462,462,462],"floor_reached":33,"playtime":832,"items_purged":[],"score":272,"play_id":"f0276ea3-5d92-451d-b7bf-c314537e81e7","local_time":"20210106073309","is_ascension_mode":true,"campfire_choices":[{"data":"bronze:Goto","floor":1.0,"key":"SMITH"},{"data":"bronze:Virus","floor":11,"key":"SMITH"},{"data":"bronze:Invalidate","floor":13,"key":"SMITH"},{"data":"bronze:DelayedSlice","floor":18,"key":"SMITH"},{"data":"bronze:DecaBeam","floor":25,"key":"SMITH"},{"floor":27,"key":"RECALL"},{"data":"bronze:GetLatest","floor":30,"key":"SMITH"}],"circlet_count":0,"master_deck":["bronze:Strike","bronze:Defend","bronze:Replicate","bronze:Goto+1","bronze:Virus+1","bronze:WhirlingStrike","bronze:CleanCode","Writhe","bronze:ForLoop","bronze:DelayedSlice+1","bronze:Branch","bronze:ItsAFeature","bronze:Invalidate+1","bronze:Fortify","bronze:Mutator","bronze:Philosophize","bronze:Constructor","bronze:Mutator","bronze:ClassDefault+1","bronze:Backtrace+1","bronze:ChosenStrike+1","bronze:ClassDefault","bronze:DecaBeam+1","bronze:WildBeam","Writhe","bronze:NullPointer","Ghostly","bronze:ChildClass","bronze:GetLatest+1","bronze:Deprecate","bronze:Terminator+1"],"relics":["bronze:BronzeCore","Toy Ornithopter","Astrolabe","Mercury Hourglass","downfall:HeartBlessingRed","Nunchaku"],"acts_visited":["Exordium","TheCity"],"potions_floor_usage":[16,16,16,31,32,32,33],"damage_taken":[{"damage":2.0,"enemies":"Small Slimes","floor":2.0,"turns":4.0},{"damage":0.0,"enemies":"Cultist","floor":4.0,"turns":1.0},{"damage":0.0,"enemies":"downfall:FleeingMerchant","floor":5.0,"turns":4.0},{"damage":6,"enemies":"Jaw Worm","floor":6,"turns":2},{"damage":12,"enemies":"Large Slime","floor":8,"turns":3},{"damage":6,"enemies":"2 Fungi Beasts","floor":9,"turns":2},{"damage":3,"enemies":"Red Slaver","floor":10,"turns":2},{"damage":2,"enemies":"3 Louse","floor":14,"turns":2},{"damage":9,"enemies":"2 Fungi Beasts","floor":15,"turns":2},{"damage":52,"enemies":"downfall:Silent","floor":16,"turns":9},{"damage":0,"enemies":"Chosen","floor":19,"turns":1},{"damage":0,"enemies":"Chosen","floor":20,"turns":2},{"damage":10,"enemies":"Spheric Guardian","floor":22,"turns":3},{"damage":18,"enemies":"Shelled Parasite and Fungi","floor":28,"turns":2},{"damage":9,"enemies":"Centurion and Healer","floor":29,"turns":6},{"damage":23,"enemies":"Slavers","floor":31,"turns":6},{"damage":10,"enemies":"Chosen and Byrds","floor":32,"turns":4},{"damage":27,"enemies":"ArchetypeAct2MushroomsNewAge","floor":33,"turns":6}],"seed_played":"-3844488307481379436","potions_obtained":[{"floor":2.0,"key":"Weak Potion"},{"floor":4.0,"key":"sneckomod:MuddlingPotion"},{"floor":6,"key":"Regen Potion"},{"floor":10,"key":"bronze:FreeFunctionsPotion"},{"floor":16,"key":"LiquidBronze"},{"floor":29,"key":"Block Potion"},{"floor":31,"key":"GamblersBrew"},{"floor":32,"key":"ColorlessPotion"}],"is_trial":false,"path_per_floor":["R","M","?","M","$","M","T","M","M","M","R","?","R","M","M","B",null,"R","M","?","?","M","?","T","R","?","R","M","M","R","E","M","B"],"character_chosen":"THE_AUTOMATON","items_purchased":[],"campfire_rested":0,"item_purchase_floors":[],"current_hp_per_floor":[77,75,75,75,75,69,69,57,51,48,48,48,48,46,37,15,77,77,77,77,77,67,67,67,67,67,67,49,40,40,22,22,0,0],"gold":462,"neow_bonus":"TEN_PERCENT_HP_BONUS","is_daily":false,"chose_seed":false,"campfire_upgraded":6,"win_rate":0.0,"timestamp":1609936389,"path_taken":["R","M","?","?","$","M","T","M","M","?","R","?","R","M","M","BOSS","R","M","?","?","M","?","T","R","?","R","?","M","R","E","M","BOSS"],"items_purchased_type":[],"build_version":"2020-12-22","purchased_purges":0,"victory":false,"max_hp_per_floor":[77,77,77,77,77,77,77,77,77,77,77,77,77,77,77,77,77,77,77,77,77,77,77,77,77,77,77,77,77,77,77,77,77,77],"card_choices":[{"not_picked":["bronze:MaxOutput","bronze:Overload"],"picked":"bronze:Virus","floor":2.0},{"not_picked":["bronze:Deprecate","bronze:Turbo"],"picked":"bronze:DelayedSlice","floor":4.0},{"not_picked":["bronze:ChildClass","bronze:CutThrough"],"picked":"bronze:Branch","floor":5},{"not_picked":["bronze:OilSpill","bronze:Shield"],"picked":"bronze:ItsAFeature","floor":6},{"not_picked":["bronze:BuggyMess","bronze:OilSpill"],"picked":"bronze:Invalidate","floor":8},{"not_picked":["bronze:CutThrough","bronze:OilSpill"],"picked":"bronze:Fortify","floor":9},{"not_picked":["bronze:Iterate","bronze:BuggyMess"],"picked":"bronze:Mutator","floor":10},{"not_picked":["bronze:Constructor","bronze:OilSpill"],"picked":"bronze:Philosophize","floor":14},{"not_picked":["bronze:DelayedSlice","bronze:BuggyMess"],"picked":"bronze:Constructor","floor":15},{"not_picked":["bronze:HyperBeam","bronze:RecursiveStrike"],"picked":"bronze:Mutator","floor":16},{"not_picked":["bronze:BronzeOrb+1","bronze:DelayedSlice"],"picked":"bronze:ClassDefault","floor":19},{"not_picked":[],"picked":"bronze:DecaBeam","floor":20},{"not_picked":["bronze:Constructor","bronze:ChosenStrike"],"picked":"bronze:WildBeam","floor":20},{"not_picked":["bronze:Fortify","bronze:Repair"],"picked":"bronze:NullPointer","floor":22},{"not_picked":["bronze:Shell","bronze:Overheat+1"],"picked":"bronze:ChildClass","floor":28},{"not_picked":["bronze:Fortify","bronze:DarkDash+1"],"picked":"bronze:GetLatest","floor":29},{"not_picked":["bronze:BugBarrage","bronze:Flail"],"picked":"bronze:Deprecate","floor":31},{"not_picked":["bronze:WhirlingStrike","bronze:CutThrough"],"picked":"bronze:Terminator+1","floor":32}],"player_experience":192778,"relics_obtained":[{"floor":7,"key":"Toy Ornithopter"},{"floor":24,"key":"Mercury Hourglass"},{"floor":31,"key":"Nunchaku"}],"event_choices":[],"is_beta":false,"boss_relics":[{"not_picked":["Fusion Hammer","Runic Dome"],"picked":"Astrolabe"}],"items_purged_floors":[],"is_endless":false,"potions_floor_spawned":[2,4,6,10,16,29,31,32],"killed_by":"ArchetypeAct2MushroomsNewAge","ascension_level":1}}