{"host":"5trcja4hacd149zc","time":1609906741,"event":{"mods":["BaseMod","Colored Map","GifTheSpireLib","Minty Spire (QoL Compilation)","Relic Stats","StSLib"],"gold_per_floor":[110,158,13,30,30,66,66,66,89,104,128,143,143,182,182,284,284,317,317,346,67,90,134,134,183,183,183,48,48,48,48,48,143,143,165,165,189,216,72,72,100,150,150,150,193,216,216,259,259,259,259],"floor_reached":50,"playtime":1674,"items_purged":["Strike_P+1"],"score":1302,"play_id":"e08bd1e3-1bce-4027-879c-de313c942101","local_time":"20210105221901","is_ascension_mode":true,"campfire_choices":[{"data":"ReachHeaven","floor":7.0,"key":"SMITH"},{"data":"Vigilance","floor":13.0,"key":"SMITH"},{"data":"CarveReality","floor":15.0,"key":"SMITH"},{"data":"MentalFortress","floor":24.0,"key":"SMITH"},{"data":"Adaptation","floor":27.0,"key":"SMITH"},{"data":"Indignation","floor":29.0,"key":"SMITH"},{"data":"EmptyBody","floor":32.0,"key":"SMITH"},{"data":"LikeWater","floor":40.0,"key":"SMITH"},{"data":"LikeWater","floor":44.0,"key":"SMITH"},{"floor":49,"key":"RECALL"}],"circlet_count":0,"master_deck":["AscendersBane","Strike_P+1","Strike_P+1","Defend_P+1","Defend_P+1","Defend_P+1","Defend_P+1","Eruption+1","Vigilance+1","CarveReality+1","ReachHeaven+1","Protect","FlurryOfBlows+1","LessonLearned+1","ClearTheMind+1","MentalFortress+1","EmptyBody+1","Adaptation+1","FearNoEvil+1","Indignation+1","Wireheading+1","Wallop","EmptyFist","LikeWater+1","LikeWater","LikeWater+1","Tantrum+1","WheelKick"],"relics":["Coffee Dripper","MawBank","PreservedInsect","Golden Idol","Mercury Hourglass","Pen Nib","CeramicFish","Black Star","Pear","Oddly Smooth Stone","Art of War","Anchor","Ancient Tea Set","TungstenRod","Runic Pyramid","TeardropLocket","InkBottle","Juzu Bracelet","MealTicket","Darkstone Periapt","Lantern"],"acts_visited":["Exordium","TheCity","TheBeyond"],"potions_floor_usage":[],"damage_taken":[{"damage":9.0,"enemies":"Cultist","floor":1.0,"turns":6.0},{"damage":0.0,"enemies":"Small Slimes","floor":4.0,"turns":2.0},{"damage":10.0,"enemies":"3 Sentries","floor":6.0,"turns":3.0},{"damage":0.0,"enemies":"Jaw Worm","floor":10.0,"turns":3.0},{"damage":2.0,"enemies":"Large Slime","floor":11.0,"turns":2.0},{"damage":0.0,"enemies":"2 Fungi Beasts","floor":12.0,"turns":2.0},{"damage":0.0,"enemies":"Lagavulin","floor":14.0,"turns":2.0},{"damage":2.0,"enemies":"Hexaghost","floor":16.0,"turns":6.0},{"damage":10.0,"enemies":"Spheric Guardian","floor":18.0,"turns":5.0},{"damage":2.0,"enemies":"2 Thieves","floor":20.0,"turns":3.0},{"damage":4.0,"enemies":"3 Cultists","floor":22.0,"turns":5.0},{"damage":14.0,"enemies":"Slavers","floor":23.0,"turns":3.0},{"damage":9.0,"enemies":"Gremlin Leader","floor":25.0,"turns":4.0},{"damage":12.0,"enemies":"Champ","floor":33.0,"turns":9.0},{"damage":0.0,"enemies":"3 Shapes","floor":35.0,"turns":4.0},{"damage":9.0,"enemies":"3 Darklings","floor":37.0,"turns":4.0},{"damage":37.0,"enemies":"Transient","floor":38.0,"turns":6.0},{"damage":0.0,"enemies":"Maw","floor":41.0,"turns":6.0},{"damage":34.0,"enemies":"Nemesis","floor":42.0,"turns":3.0},{"damage":0.0,"enemies":"Giant Head","floor":45.0,"turns":5.0},{"damage":0.0,"enemies":"Jaw Worm Horde","floor":46.0,"turns":4.0},{"damage":0,"enemies":"Nemesis","floor":48,"turns":3},{"damage":1,"enemies":"Donu and Deca","floor":50,"turns":2}],"seed_played":"1869533450976888349","potions_obtained":[{"floor":4.0,"key":"StancePotion"},{"floor":11.0,"key":"LiquidBronze"},{"floor":16.0,"key":"ColorlessPotion"},{"floor":33.0,"key":"Regen Potion"},{"floor":36.0,"key":"SkillPotion"},{"floor":38.0,"key":"Fire Potion"},{"floor":41.0,"key":"FearPotion"}],"is_trial":false,"path_per_floor":["M","T","$","M","?","E","R","?","T","M","M","M","R","E","R","B",null,"M","?","M","$","M","E","R","E","T","R","$","R","?","?","R","B",null,"M","?","M","M","$","R","M","E","T","R","E","M","?","E","R","B"],"character_chosen":"WATCHER","items_purchased":["PreservedInsect","Pear","FearNoEvil","Indignation","LikeWater"],"campfire_rested":0,"item_purchase_floors":[3,21,28,28,39],"current_hp_per_floor":[52,52,52,52,29,19,19,12,12,12,10,10,10,10,10,8,53,43,43,41,51,47,33,33,24,24,24,24,24,24,40,40,28,66,66,66,57,20,20,20,35,1,1,1,1,1,1,1,1,0,0],"gold":259,"neow_bonus":"BOSS_RELIC","is_daily":false,"chose_seed":false,"campfire_upgraded":9,"win_rate":0.0,"timestamp":1609906741,"path_taken":["M","?","$","M","?","E","R","?","T","M","?","M","R","E","R","BOSS","M","?","M","$","M","E","R","E","T","R","$","R","?","?","R","BOSS","M","?","M","M","$","R","?","E","T","R","E","M","?","E","R","BOSS"],"items_purchased_type":["Relic","Relic","Card","Card","Card"],"build_version":"2020-12-22","purchased_purges":1,"victory":false,"max_hp_per_floor":[68,68,68,68,68,68,68,68,68,68,68,68,68,68,68,68,68,68,68,68,78,78,78,78,78,78,78,78,78,78,78,78,78,78,78,78,78,78,78,78,78,78,78,78,78,78,78,78,78,78,78],"relic_stats":{"Darkstone Periapt":0,"counters":[23,91],"Golden Idol":134,"CeramicFish":135,"PreservedInsect":382,"Pen Nib":[22],"Juzu Bracelet":1,"MawBank":12,"Mercury Hourglass":[259],"MealTicket":0,"Black Star":5,"Art of War":[2],"obtain_stats":[{"Darkstone Periapt":48,"Lantern":48,"Pear":21,"Golden Idol":5,"CeramicFish":14,"Oddly Smooth Stone":23,"PreservedInsect":3,"Pen Nib":9,"Juzu Bracelet":45,"TeardropLocket":42,"MawBank":2,"Ancient Tea Set":25,"Mercury Hourglass":6,"Anchor":25,"MealTicket":45,"Coffee Dripper":0,"Black Star":17,"Art of War":23,"PureWater":0,"TungstenRod":26,"InkBottle":42,"Runic Pyramid":34},{"Darkstone Periapt":22,"Lantern":22,"Pear":10,"Golden Idol":2,"CeramicFish":7,"Oddly Smooth Stone":12,"PreservedInsect":1,"Pen Nib":3,"Juzu Bracelet":20,"TeardropLocket":19,"MawBank":1,"Ancient Tea Set":13,"Mercury Hourglass":3,"Anchor":13,"MealTicket":20,"Coffee Dripper":0,"Black Star":8,"Art of War":12,"PureWater":0,"TungstenRod":13,"InkBottle":19,"Runic Pyramid":14},{"Darkstone Periapt":89,"Lantern":89,"Pear":34,"Golden Idol":8,"CeramicFish":20,"Oddly Smooth Stone":41,"PreservedInsect":6,"Pen Nib":11,"Juzu Bracelet":82,"TeardropLocket":77,"MawBank":6,"Ancient Tea Set":45,"Mercury Hourglass":11,"Anchor":45,"MealTicket":82,"Coffee Dripper":0,"Black Star":26,"Art of War":41,"PureWater":0,"TungstenRod":45,"InkBottle":77,"Runic Pyramid":54}],"TungstenRod":7,"InkBottle":[6]},"card_choices":[{"not_picked":["SashWhip","DeceiveReality"],"picked":"CarveReality","floor":1.0},{"not_picked":["WindmillStrike","Fasting2"],"picked":"ReachHeaven","floor":4.0},{"not_picked":["Crescendo","Pray","FollowUp"],"picked":"SKIP","floor":6.0},{"not_picked":["Crescendo","Prostrate"],"picked":"Protect","floor":10.0},{"not_picked":["FlyingSleeves","BowlingBash"],"picked":"Consecrate","floor":11.0},{"not_picked":["FlyingSleeves","Perseverance"],"picked":"FlurryOfBlows","floor":12.0},{"not_picked":["SignatureMove","Consecrate","Judgement"],"picked":"SKIP","floor":14.0},{"not_picked":["Wish","ConjureBlade"],"picked":"LessonLearned","floor":16.0},{"not_picked":["SashWhip","Crescendo"],"picked":"ClearTheMind","floor":18.0},{"not_picked":["SignatureMove+1","CrushJoints"],"picked":"MentalFortress","floor":20.0},{"not_picked":["LessonLearned","ClearTheMind"],"picked":"EmptyBody","floor":22.0},{"not_picked":["WaveOfTheHand","PathToVictory","FollowUp"],"picked":"SKIP","floor":23.0},{"not_picked":["FlurryOfBlows","Wireheading"],"picked":"Adaptation","floor":25.0},{"not_picked":["Indignation","CarveReality"],"picked":"Wireheading+1","floor":35.0},{"not_picked":["CrushJoints","SandsOfTime"],"picked":"Wallop","floor":37.0},{"not_picked":["Consecrate","Evaluate"],"picked":"EmptyFist","floor":38.0},{"not_picked":["CutThroughFate","JustLucky"],"picked":"LikeWater","floor":41.0},{"not_picked":["Wireheading+1","Evaluate"],"picked":"LikeWater","floor":42.0},{"not_picked":["Vault","Judgement"],"picked":"Tantrum+1","floor":45.0},{"not_picked":["WaveOfTheHand","FlyingSleeves"],"picked":"WheelKick","floor":46.0},{"not_picked":["ThirdEye+1","WaveOfTheHand","FollowUp"],"picked":"SKIP","floor":48}],"player_experience":762875,"relics_obtained":[{"floor":2.0,"key":"MawBank"},{"floor":6.0,"key":"Mercury Hourglass"},{"floor":9.0,"key":"Pen Nib"},{"floor":14.0,"key":"CeramicFish"},{"floor":23.0,"key":"Oddly Smooth Stone"},{"floor":23.0,"key":"Art of War"},{"floor":25.0,"key":"Anchor"},{"floor":25.0,"key":"Ancient Tea Set"},{"floor":26.0,"key":"TungstenRod"},{"floor":42.0,"key":"TeardropLocket"},{"floor":42.0,"key":"InkBottle"},{"floor":45.0,"key":"Juzu Bracelet"},{"floor":45.0,"key":"MealTicket"},{"floor":48,"key":"Darkstone Periapt"},{"floor":48,"key":"Lantern"}],"event_choices":[{"damage_healed":0.0,"max_hp_gain":0.0,"max_hp_loss":0.0,"gold_gain":0.0,"event_name":"Golden Idol","player_choice":"Take Damage","floor":5.0,"gold_loss":0.0,"damage_taken":23.0,"relics_obtained":["Golden Idol"]},{"cards_removed":["Strike_P"],"damage_healed":0.0,"max_hp_gain":0.0,"max_hp_loss":0.0,"gold_gain":0.0,"event_name":"Golden Wing","player_choice":"Card Removal","floor":8.0,"gold_loss":0.0,"damage_taken":7.0},{"damage_healed":0.0,"max_hp_gain":0.0,"max_hp_loss":0.0,"gold_gain":0.0,"event_name":"Back to Basics","player_choice":"Simplicity","floor":19.0,"gold_loss":0.0,"damage_taken":0.0,"cards_upgraded":["Strike_P","Strike_P","Strike_P","Defend_P","Defend_P","Defend_P","Defend_P"]},{"damage_healed":0.0,"max_hp_gain":0.0,"max_hp_loss":0.0,"gold_gain":0.0,"event_name":"Cursed Tome","player_choice":"Ignored","floor":30.0,"gold_loss":0.0,"damage_taken":0.0},{"damage_healed":16.0,"max_hp_gain":0.0,"max_hp_loss":0.0,"gold_gain":0.0,"event_name":"The Library","player_choice":"Heal","floor":31.0,"gold_loss":0.0,"damage_taken":0.0},{"damage_healed":0.0,"max_hp_gain":0.0,"max_hp_loss":0.0,"gold_gain":0.0,"event_name":"Lab","player_choice":"Got Potions","floor":36.0,"gold_loss":0.0,"damage_taken":0.0},{"cards_removed":["Consecrate"],"damage_healed":0.0,"max_hp_gain":0.0,"max_hp_loss":0.0,"gold_gain":0.0,"event_name":"Falling","player_choice":"Removed Attack","floor":47.0,"gold_loss":0.0,"damage_taken":0.0}],"is_beta":false,"boss_relics":[{"not_picked":["Philosopher\u0027s Stone","SlaversCollar"],"picked":"Black Star"},{"not_picked":["Busted Crown","Sozu"],"picked":"Runic Pyramid"}],"items_purged_floors":[39],"is_endless":false,"potions_floor_spawned":[4,11,14,16,20,33,38,41],"killed_by":"Donu and Deca","ascension_level":20}}