{"host":"dk10vuzdqf3wivcv","time":1609974167,"event":{"mods":["Aspiration","Astrologer","BaseMod","Colored Map","Conspire","Friendly Minions","Hubris","Minty Spire (QoL Compilation)","Replay The Spire","StSLib","SuperFastMode","Td1madao Mod","The Animator","The Cursed","The Gatherer","The Hierophant","The Jungle","The Marked","The Servant 0.9.4"],"gold_per_floor":[109,140,156,156,68,100,100,143,143,154,154,132,159,186,186,186,186],"floor_reached":16,"playtime":1064,"items_purged":[],"score":151,"play_id":"39b3e4a3-2b80-4add-8a75-1df4850b17de","local_time":"20210107000247","is_ascension_mode":true,"campfire_choices":[{"floor":15,"key":"RECALL"}],"circlet_count":0,"master_deck":["animator:Strike_Overlord","animator:Defend_Overlord","animator:Cocytus","animator:Demiurge+1","animator:Entoma+2","animator:Strike_GATE","animator:Strike_OnePunchMan","animator:Strike_Konosuba","animator:Defend_Fate","animator:Defend_MadokaMagica","animator:Defend_OnePunchMan","animator:Sebas","animator:Yoichi","animator:PandorasActor","animator:KrulTepes","animator:Evileye"],"relics":["animator:LivingPicture","animator:TheMissingPiece","animator:PurgingStone","aspiration:DSix","Vajra","aspiration:HiddenCompartment","aspiration:VileToxins"],"acts_visited":["Exordium"],"potions_floor_usage":[16],"damage_taken":[{"damage":0.0,"enemies":"2 Louse","floor":1.0,"turns":4.0},{"damage":0.0,"enemies":"Small Slimes","floor":2.0,"turns":5.0},{"damage":0.0,"enemies":"Cultist","floor":3.0,"turns":4.0},{"damage":17.0,"enemies":"3 Sentries","floor":6.0,"turns":9.0},{"damage":25.0,"enemies":"Gremlin Nob","floor":8.0,"turns":5.0},{"damage":0,"enemies":"Blue Slaver","floor":10,"turns":3},{"damage":6,"enemies":"3 Sentries","floor":13,"turns":6},{"damage":2,"enemies":"Exordium Thugs","floor":14,"turns":4},{"damage":33,"enemies":"The Guardian","floor":16,"turns":6}],"seed_played":"-1941082357282537512","potions_obtained":[{"floor":1.0,"key":"Weak Potion"},{"floor":2.0,"key":"DistilledChaos"},{"floor":10,"key":"SmokeBomb"},{"floor":13,"key":"Elixir"},{"floor":14,"key":"animator:FalseLifePotion"}],"is_trial":false,"path_per_floor":["M","M","M","?","?","E","?","E","T","M","?","$","E","M","R","B"],"character_chosen":"THE_ANIMATOR","items_purchased":["animator:PandorasActor"],"campfire_rested":0,"item_purchase_floors":[12],"current_hp_per_floor":[72,72,74,74,74,58,58,35,35,35,35,35,32,32,32,0,0],"gold":186,"neow_bonus":"TEN_PERCENT_HP_BONUS","is_daily":false,"chose_seed":false,"campfire_upgraded":0,"win_rate":0.0,"timestamp":1609974167,"path_taken":["M","M","M","?","?","E","?","E","T","?","?","$","E","M","R","BOSS"],"items_purchased_type":["Card"],"build_version":"2020-12-22","purchased_purges":0,"victory":false,"max_hp_per_floor":[72,72,74,74,74,75,75,77,77,77,77,77,80,82,82,82,82],"card_choices":[{"not_picked":["animator:Pride","animator:GazelDwargon","animator:TukaLunaMarceau"],"picked":"SKIP","floor":1.0},{"not_picked":["animator:Kazuma","animator:Demiurge"],"picked":"animator:Entoma","floor":2.0},{"not_picked":["animator:Ciel","animator:CrowleyEusford","animator:Genos"],"picked":"SKIP","floor":3.0},{"not_picked":["animator:Demiurge","animator:Entoma"],"picked":"animator:Sebas","floor":6.0},{"not_picked":["animator:Chung","animator:Eris"],"picked":"animator:Yoichi","floor":8},{"not_picked":["animator:YachiyoNanami","animator:MaesHughes","animator:Rena"],"picked":"SKIP","floor":10},{"not_picked":["animator:Shuna","animator:Yuuichirou"],"picked":"animator:KrulTepes","floor":13},{"not_picked":["animator:Cocytus","animator:Demiurge"],"picked":"animator:Evileye","floor":14}],"player_experience":139684,"relics_obtained":[{"floor":6.0,"key":"aspiration:DSix"},{"floor":8,"key":"aspiration:HiddenCompartment"},{"floor":13,"key":"aspiration:VileToxins"}],"event_choices":[{"damage_healed":0.0,"max_hp_gain":0.0,"max_hp_loss":0.0,"gold_gain":0.0,"event_name":"Living Wall","player_choice":"Grow","floor":4.0,"gold_loss":0.0,"damage_taken":0.0,"cards_upgraded":["animator:Demiurge"]},{"damage_healed":0.0,"max_hp_gain":0.0,"max_hp_loss":0.0,"gold_gain":0.0,"event_name":"WeMeetAgain","player_choice":"Gave Potion","floor":7.0,"gold_loss":0.0,"damage_taken":0.0,"relics_obtained":["Vajra"]},{"damage_healed":0,"gold_gain":0,"player_choice":"Leave","damage_taken":0,"max_hp_gain":0,"max_hp_loss":0,"event_name":"conspire:Investor","floor":11,"gold_loss":0}],"is_beta":false,"boss_relics":[],"items_purged_floors":[],"is_endless":false,"potions_floor_spawned":[1,2,10,13,14],"killed_by":"The Guardian","ascension_level":1}}