{"host":"qmufev141yub3yf0","time":1609946562,"event":{"mods":["BaseMod","Minty Spire (QoL Compilation)","Quick Restart","StSLib","SuperFastMode"],"gold_per_floor":[118,118,68,68,80,80,111,129,129,129,156,156,81,81,81,186,186,204,217,227,30,43,43,43],"floor_reached":23,"playtime":870,"items_purged":["Strike_R","Clothesline+1"],"score":258,"play_id":"95096f29-d3d1-408d-aef4-4df03ba4d0b3","local_time":"20210106232242","is_ascension_mode":true,"campfire_choices":[{"data":"Feel No Pain","floor":6,"key":"SMITH"},{"data":"Shrug It Off","floor":10,"key":"SMITH"},{"floor":12,"key":"RECALL"},{"data":"Strike_R","floor":15,"key":"SMITH"}],"circlet_count":0,"master_deck":["Defend_R","Defend_R","Bash+1","Shrug It Off+1","Feel No Pain+1","Reaper+1","Shockwave+1","Thunderclap+1","Dramatic Entrance+1","Metallicize+1"],"relics":["Burning Blood","NeowsBlessing","Molten Egg 2","Whetstone","Boot","Oddly Smooth Stone","Astrolabe"],"acts_visited":["Exordium","TheCity"],"potions_floor_usage":[16,20,23],"damage_taken":[{"damage":0,"enemies":"Small Slimes","floor":1,"turns":1},{"damage":0,"enemies":"Jaw Worm","floor":5,"turns":1},{"damage":0,"enemies":"Lagavulin","floor":7,"turns":1},{"damage":8,"enemies":"2 Louse","floor":8,"turns":5},{"damage":14,"enemies":"3 Sentries","floor":11,"turns":14},{"damage":32,"enemies":"The Guardian","floor":16,"turns":14},{"damage":7,"enemies":"3 Byrds","floor":18,"turns":6},{"damage":17,"enemies":"Chosen","floor":19,"turns":8},{"damage":23,"enemies":"3 Cultists","floor":20,"turns":5},{"damage":10,"enemies":"Chosen and Byrds","floor":22,"turns":8},{"damage":84,"enemies":"Book of Stabbing","floor":23,"turns":10}],"seed_played":"-8122261308352647135","potions_obtained":[{"floor":8,"key":"SteroidPotion"},{"floor":11,"key":"Block Potion"},{"floor":16,"key":"Strength Potion"},{"floor":18,"key":"Explosive Potion"}],"is_trial":false,"path_per_floor":["M","?","?","?","M","R","E","M","T","R","E","R","$","T","R","B",null,"M","M","M","$","M","E"],"character_chosen":"IRONCLAD","items_purchased":["Dramatic Entrance+1"],"campfire_rested":0,"item_purchase_floors":[21],"current_hp_per_floor":[80,80,80,73,79,79,80,78,78,78,70,70,70,70,70,44,80,79,73,63,63,71,0,0],"gold":43,"neow_bonus":"THREE_ENEMY_KILL","is_daily":false,"chose_seed":false,"campfire_upgraded":3,"win_rate":0.0,"timestamp":1609946562,"path_taken":["M","?","?","?","M","R","E","M","T","R","E","R","$","?","R","BOSS","M","M","M","$","M","E"],"items_purchased_type":["Card"],"build_version":"2020-12-22","purchased_purges":2,"victory":false,"max_hp_per_floor":[80,80,80,80,80,80,80,80,80,80,80,80,80,80,80,80,80,80,80,80,80,80,80,80],"card_choices":[{"not_picked":["Heavy Blade","Dropkick"],"picked":"Shrug It Off","floor":1},{"not_picked":["Wild Strike","Infernal Blade"],"picked":"Feel No Pain","floor":5},{"not_picked":["Heavy Blade+1","Warcry","Clash+1"],"picked":"SKIP","floor":7},{"not_picked":["Ghostly Armor","Warcry","Pommel Strike+1"],"picked":"SKIP","floor":8},{"not_picked":["Headbutt+1","Second Wind","Disarm"],"picked":"SKIP","floor":11},{"not_picked":["Exhume","Limit Break"],"picked":"Reaper+1","floor":16},{"not_picked":["Searing Blow+1","Sword Boomerang+1","Havoc"],"picked":"SKIP","floor":18},{"not_picked":["Flex","Evolve","Warcry"],"picked":"SKIP","floor":19},{"not_picked":["Perfected Strike+1","True Grit","Disarm"],"picked":"SKIP","floor":20},{"not_picked":["Cleave+1","Whirlwind+1"],"picked":"Metallicize+1","floor":22}],"player_experience":235812,"relics_obtained":[{"floor":7,"key":"Molten Egg 2"},{"floor":9,"key":"Whetstone"},{"floor":11,"key":"Boot"},{"floor":14,"key":"Oddly Smooth Stone"}],"event_choices":[{"cards_removed":["Defend_R"],"damage_healed":0,"gold_gain":0,"player_choice":"Forget","damage_taken":0,"max_hp_gain":0,"max_hp_loss":0,"event_name":"Living Wall","floor":2,"gold_loss":0},{"cards_removed":["Strike_R"],"damage_healed":0,"gold_gain":0,"player_choice":"Card Removal","damage_taken":0,"max_hp_gain":0,"max_hp_loss":0,"event_name":"The Cleric","floor":3,"gold_loss":50},{"cards_removed":["Strike_R"],"damage_healed":0,"gold_gain":0,"player_choice":"Card Removal","damage_taken":7,"max_hp_gain":0,"max_hp_loss":0,"event_name":"Golden Wing","floor":4,"gold_loss":0}],"is_beta":false,"boss_relics":[{"not_picked":["Velvet Choker","Calling Bell"],"picked":"Astrolabe"}],"items_purged_floors":[13,21],"is_endless":false,"potions_floor_spawned":[8,11,16,18,19],"killed_by":"Book of Stabbing","ascension_level":3}}