{"host":"98ajcw3do3zsggh8","time":1609966684,"event":{"mods":["BaseMod","Minty Spire (QoL Compilation)","Replay The Spire","StSLib","The Marked"],"gold_per_floor":[112,112,112,124,140,140,170,187,187,187,187,187],"floor_reached":11,"playtime":199,"items_purged":[],"score":84,"play_id":"3e11128a-7799-48a7-b6c4-e6d0b2072e82","local_time":"20210106215804","is_ascension_mode":true,"campfire_choices":[{"data":"Bash","floor":6,"key":"SMITH"},{"data":"Strike_R","floor":10,"key":"SMITH"}],"circlet_count":0,"master_deck":["Strike_R+1","Strike_R","Strike_R","Strike_R","Strike_R+1","Defend_R","Defend_R","Defend_R+1","Defend_R","Bash+1"],"relics":["Burning Blood","NeowsBlessing","Darkstone Periapt","Prayer Wheel","BranchBurnRelic"],"acts_visited":["Exordium"],"potions_floor_usage":[],"damage_taken":[{"damage":0,"enemies":"Cultist","floor":1,"turns":1},{"damage":0,"enemies":"2 Louse","floor":4,"turns":1},{"damage":0,"enemies":"Jaw Worm","floor":5,"turns":1},{"damage":52,"enemies":"Lagavulin","floor":7,"turns":6},{"damage":2,"enemies":"2 Fungi Beasts","floor":8,"turns":4},{"damage":50,"enemies":"3 Sentries","floor":11,"turns":6}],"seed_played":"-4409705045024972952","potions_obtained":[{"floor":4,"key":"FearPotion"},{"floor":7,"key":"Strength Potion"}],"is_trial":false,"path_per_floor":["M","?","?","M","M","R","E","M","T","R","E"],"character_chosen":"IRONCLAD","items_purchased":[],"campfire_rested":0,"item_purchase_floors":[],"current_hp_per_floor":[80,64,61,67,73,73,27,31,31,31,0,0],"gold":187,"neow_bonus":"THREE_ENEMY_KILL","is_daily":false,"chose_seed":false,"campfire_upgraded":2,"win_rate":0.0,"timestamp":1609966684,"path_taken":["M","?","?","M","M","R","E","M","T","R","E"],"items_purchased_type":[],"build_version":"2020-12-22","purchased_purges":0,"victory":false,"max_hp_per_floor":[80,80,80,80,80,80,80,80,80,80,80,80],"card_choices":[{"not_picked":["Anger","Pummel","Replay:Undeath\u0027s Touch"],"picked":"SKIP","floor":1},{"not_picked":["Sentinel","Reckless Charge","Run Through"],"picked":"SKIP","floor":4},{"not_picked":["Pommel Strike","Entrench","Shrug It Off"],"picked":"SKIP","floor":5},{"not_picked":["Evolve","Defy Death","Headbutt"],"picked":"SKIP","floor":7},{"not_picked":["True Grit","Iron Wave","Hemogenesis"],"picked":"SKIP","floor":8},{"not_picked":["Life Link","ReplayTheSpireMod:Strike From Hell","Run Through"],"picked":"SKIP","floor":8}],"player_experience":318585,"relics_obtained":[{"floor":7,"key":"Prayer Wheel"},{"floor":9,"key":"Dead Branch"}],"event_choices":[{"damage_healed":0,"gold_gain":0,"player_choice":"Entered Light","damage_taken":16,"max_hp_gain":0,"max_hp_loss":0,"event_name":"Shining Light","floor":2,"gold_loss":0,"cards_upgraded":["Defend_R","Strike_R"]},{"damage_healed":0,"gold_gain":0,"player_choice":"Success","damage_taken":3,"relics_obtained":["Darkstone Periapt"],"max_hp_gain":0,"max_hp_loss":0,"event_name":"Scrap Ooze","floor":3,"gold_loss":0}],"is_beta":false,"boss_relics":[],"items_purged_floors":[],"is_endless":false,"potions_floor_spawned":[4,7],"killed_by":"3 Sentries","ascension_level":3}}