{"host":"qrt7o4dq2qslzw13","time":1609940343,"event":{"mods":["AchievementEnabler","BaseMod","Colored Map","Colored Powertips","Minty Spire (QoL Compilation)","Quick Restart","StSLib","SuperFastMode"],"gold_per_floor":[113,132,149,165,179,179,191,205,205,32,51,51,1,32,32,133,133,152,167,186,186,111,111,128,128,152,184,201,217,217,237,237,335,335,351,406,421,222,222,222,233,233,233,262,285,297,309,337,349,361,373,385,49,80,80,80],"floor_reached":55,"playtime":2986,"items_purged":[],"score":871,"play_id":"62426800-ed88-4ab4-b86b-e8049811a6df","local_time":"20210106083903","is_ascension_mode":false,"campfire_choices":[{"data":"Wild Strike","floor":6.0,"key":"SMITH"},{"data":"Fire Breathing","floor":12.0,"key":"SMITH"},{"data":"Feel No Pain","floor":15.0,"key":"SMITH"},{"data":"Pommel Strike","floor":23.0,"key":"SMITH"},{"data":"Second Wind","floor":25.0,"key":"SMITH"},{"floor":32.0,"key":"REST"},{"data":"Warcry","floor":40.0,"key":"SMITH"},{"floor":42.0,"key":"REST"},{"floor":49.0,"key":"RECALL"},{"data":"Dark Embrace","floor":52.0,"key":"SMITH"}],"circlet_count":0,"master_deck":["Strike_R","Strike_R","Strike_R","Strike_R","Strike_R","Defend_R","Defend_R","Defend_R","Defend_R","Bash","Wild Strike+1","Sever Soul","Second Wind+1","Wild Strike","Wild Strike","Shockwave","Feel No Pain+1","Purity","True Grit","Fire Breathing+1","Reckless Charge","Double Tap","Cleave+1","Flex+1","Pommel Strike+1","Shrug It Off","Decay","Reckless Charge","Feel No Pain+1","Feel No Pain+1","Fiend Fire","Sentinel+1","Sentinel","Headbutt","Warcry+1","Intimidate","Parasite","Body Slam+1","Dark Embrace+1","Doubt","Armaments"],"relics":["Burning Blood","NeowsBlessing","Mercury Hourglass","Meat on the Bone","Cursed Key","Self Forming Clay","Runic Cube","Calipers","Anchor","MawBank","Spirit Poop","Bottled Tornado","Nunchaku"],"acts_visited":["Exordium","TheCity","TheBeyond","TheEnding"],"potions_floor_usage":[],"damage_taken":[{"damage":0.0,"enemies":"Cultist","floor":1.0,"turns":1.0},{"damage":0.0,"enemies":"2 Louse","floor":2.0,"turns":1.0},{"damage":0.0,"enemies":"Jaw Worm","floor":3.0,"turns":1.0},{"damage":0.0,"enemies":"3 Louse","floor":4.0,"turns":1.0},{"damage":13.0,"enemies":"Red Slaver","floor":5.0,"turns":4.0},{"damage":1.0,"enemies":"2 Fungi Beasts","floor":7.0,"turns":2.0},{"damage":3.0,"enemies":"Exordium Wildlife","floor":8.0,"turns":4.0},{"damage":2.0,"enemies":"Looter","floor":11.0,"turns":4.0},{"damage":18.0,"enemies":"3 Sentries","floor":14.0,"turns":4.0},{"damage":16.0,"enemies":"Slime Boss","floor":16.0,"turns":6.0},{"damage":20.0,"enemies":"Spheric Guardian","floor":18.0,"turns":4.0},{"damage":20.0,"enemies":"2 Thieves","floor":19.0,"turns":2.0},{"damage":12.0,"enemies":"3 Cultists","floor":20.0,"turns":5.0},{"damage":3.0,"enemies":"Snecko","floor":24.0,"turns":3.0},{"damage":6.0,"enemies":"Gremlin Leader","floor":27.0,"turns":6.0},{"damage":5.0,"enemies":"Cultist and Chosen","floor":28.0,"turns":5.0},{"damage":36.0,"enemies":"Snake Plant","floor":29.0,"turns":4.0},{"damage":19.0,"enemies":"Sentry and Sphere","floor":31.0,"turns":4.0},{"damage":30.0,"enemies":"Collector","floor":33.0,"turns":10.0},{"damage":17.0,"enemies":"Orb Walker","floor":35.0,"turns":4.0},{"damage":44.0,"enemies":"2 Orb Walkers","floor":36.0,"turns":5.0},{"damage":26.0,"enemies":"3 Darklings","floor":37.0,"turns":6.0},{"damage":25.0,"enemies":"Jaw Worm Horde","floor":41.0,"turns":6.0},{"damage":8.0,"enemies":"Writhing Mass","floor":44.0,"turns":6.0},{"damage":10.0,"enemies":"4 Shapes","floor":45.0,"turns":4.0},{"damage":20.0,"enemies":"Transient","floor":48.0,"turns":5.0},{"damage":49.0,"enemies":"Donu and Deca","floor":50.0,"turns":8.0},{"damage":33.0,"enemies":"Shield and Spear","floor":54.0,"turns":8.0},{"damage":53,"enemies":"The Heart","floor":55,"turns":9}],"seed_played":"-8686499145137021453","potions_obtained":[{"floor":2.0,"key":"Explosive Potion"},{"floor":3.0,"key":"PowerPotion"},{"floor":11.0,"key":"SteroidPotion"},{"floor":14.0,"key":"BloodPotion"},{"floor":24.0,"key":"EssenceOfSteel"},{"floor":29.0,"key":"Fire Potion"},{"floor":33.0,"key":"Regen Potion"},{"floor":36.0,"key":"PowerPotion"},{"floor":41.0,"key":"Fire Potion"}],"is_trial":false,"path_per_floor":["M","M","M","M","M","R","M","M","T","$","M","R","$","E","R","B",null,"M","M","M","?","?","R","M","R","T","E","M","M","?","M","R","B",null,"M","?","M","$","?","R","M","R","T","M","M","?","?","M","R","B",null,"R","$","E","B"],"character_chosen":"IRONCLAD","items_purchased":["Feel No Pain","Purity","True Grit","Weak Potion","Anchor","Warcry","Bottled Tornado","Block Potion","Energy Potion"],"campfire_rested":2,"item_purchase_floors":[10,10,10,13,38,38,53,53,53],"current_hp_per_floor":[80,80,80,80,73,73,78,80,80,80,80,80,80,68,68,58,80,66,52,58,58,58,58,61,61,61,61,62,48,80,67,80,56,80,69,57,49,49,49,49,42,66,66,64,60,80,80,66,66,35,80,80,80,53,0,0],"gold":80,"neow_bonus":"THREE_ENEMY_KILL","is_daily":false,"chose_seed":false,"campfire_upgraded":7,"win_rate":0.0,"timestamp":1609940343,"path_taken":["M","?","?","M","M","R","M","M","T","$","M","R","$","E","R","BOSS","M","M","M","?","?","R","M","R","T","E","M","M","?","M","R","BOSS","M","?","M","$","?","R","M","R","T","?","M","?","?","M","R","BOSS","R","$","E","BOSS"],"items_purchased_type":["Card","Card","Card","Potion","Relic","Card","Relic","Potion","Potion"],"build_version":"2020-12-22","purchased_purges":0,"victory":false,"max_hp_per_floor":[80,80,80,80,80,80,80,80,80,80,80,80,80,80,80,80,80,80,80,80,80,80,80,80,80,80,80,80,80,80,80,80,80,80,80,80,80,80,80,80,80,80,80,80,80,80,80,80,80,80,80,80,80,80,80,80],"card_choices":[{"not_picked":["Perfected Strike","Headbutt"],"picked":"Wild Strike","floor":1.0},{"not_picked":["Body Slam","Dual Wield"],"picked":"Cleave","floor":2.0},{"not_picked":["Headbutt","Cleave"],"picked":"Sever Soul","floor":3.0},{"not_picked":["Body Slam","Burning Pact"],"picked":"Second Wind","floor":4.0},{"not_picked":["Pommel Strike","Carnage"],"picked":"Wild Strike","floor":5.0},{"not_picked":["Sword Boomerang","Thunderclap"],"picked":"Wild Strike","floor":7.0},{"not_picked":["Havoc","Warcry"],"picked":"Shockwave","floor":8.0},{"not_picked":["Shrug It Off","Cleave"],"picked":"Fire Breathing","floor":11.0},{"not_picked":["Sever Soul","Hemokinesis"],"picked":"Reckless Charge","floor":14.0},{"not_picked":["Reaper","Bludgeon"],"picked":"Double Tap","floor":16.0},{"not_picked":["Disarm","Metallicize"],"picked":"Cleave+1","floor":18.0},{"not_picked":["Flex+1","Infernal Blade","Twin Strike"],"picked":"SKIP","floor":19.0},{"not_picked":["Infernal Blade","Twin Strike"],"picked":"Flex+1","floor":19.0},{"not_picked":["Bloodletting","Armaments"],"picked":"Pommel Strike","floor":20.0},{"not_picked":["True Grit","Pommel Strike"],"picked":"Shrug It Off","floor":24.0},{"not_picked":["Metallicize","Reaper"],"picked":"Reckless Charge","floor":27.0},{"not_picked":["Entrench+1","Clash"],"picked":"Feel No Pain+1","floor":28.0},{"not_picked":["Perfected Strike+1","Havoc"],"picked":"Feel No Pain+1","floor":29.0},{"not_picked":["Clash","Iron Wave","Hemokinesis"],"picked":"SKIP","floor":31.0},{"not_picked":["Feed","Berserk"],"picked":"Fiend Fire","floor":33.0},{"not_picked":["Wild Strike","Headbutt+1"],"picked":"Sentinel+1","floor":35.0},{"not_picked":["Blood for Blood","Seeing Red+1"],"picked":"Sentinel","floor":36.0},{"not_picked":["Clash","Clothesline"],"picked":"Headbutt","floor":37.0},{"not_picked":["Sever Soul+1","Perfected Strike+1"],"picked":"Intimidate","floor":41.0},{"not_picked":["Iron Wave+1","Armaments"],"picked":"Body Slam+1","floor":44.0},{"not_picked":["Headbutt+1","Perfected Strike"],"picked":"Dark Embrace","floor":45.0},{"not_picked":["Searing Blow+1","Iron Wave+1"],"picked":"Armaments","floor":48.0},{"not_picked":["Sever Soul","Combust","Perfected Strike"],"picked":"SKIP","floor":54.0}],"player_experience":510901,"relics_obtained":[{"floor":9.0,"key":"Mercury Hourglass"},{"floor":14.0,"key":"Meat on the Bone"},{"floor":27.0,"key":"Self Forming Clay"},{"floor":36.0,"key":"Calipers"},{"floor":43.0,"key":"MawBank"},{"floor":54.0,"key":"Nunchaku"}],"event_choices":[{"damage_healed":0.0,"max_hp_gain":0.0,"max_hp_loss":0.0,"gold_gain":0.0,"event_name":"Vampires","player_choice":"Ignored","floor":21.0,"gold_loss":0.0,"damage_taken":0.0},{"cards_removed":["Cleave"],"damage_healed":0.0,"max_hp_gain":0.0,"max_hp_loss":0.0,"gold_gain":0.0,"event_name":"Beggar","player_choice":"Gave Gold","floor":22.0,"gold_loss":75.0,"damage_taken":0.0},{"damage_healed":32.0,"max_hp_gain":0.0,"max_hp_loss":0.0,"gold_gain":0.0,"event_name":"Wheel of Change","player_choice":"Full Heal","floor":30.0,"gold_loss":0.0,"damage_taken":0.0},{"damage_healed":0.0,"max_hp_gain":0.0,"max_hp_loss":0.0,"gold_gain":0.0,"event_name":"Mysterious Sphere","player_choice":"Fight","floor":36.0,"gold_loss":0.0,"damage_taken":0.0},{"damage_healed":0.0,"max_hp_gain":0.0,"max_hp_loss":0.0,"gold_gain":0.0,"event_name":"Tomb of Lord Red Mask","player_choice":"Ignored","floor":39.0,"gold_loss":0.0,"damage_taken":0.0},{"damage_healed":20.0,"max_hp_gain":0.0,"max_hp_loss":0.0,"gold_gain":0.0,"event_name":"MindBloom","player_choice":"Heal","floor":46.0,"gold_loss":0.0,"damage_taken":0.0,"cards_obtained":["Doubt"]},{"cards_removed":["Shame"],"damage_healed":0.0,"max_hp_gain":0.0,"max_hp_loss":0.0,"gold_gain":0.0,"event_name":"Bonfire Elementals","player_choice":"Offered Curse","floor":47.0,"gold_loss":0.0,"damage_taken":0.0,"relics_obtained":["Spirit Poop"]}],"is_beta":false,"boss_relics":[{"not_picked":["Sozu","Calling Bell"],"picked":"Cursed Key"},{"not_picked":["SlaversCollar","Busted Crown"],"picked":"Runic Cube"}],"items_purged_floors":[],"is_endless":false,"potions_floor_spawned":[2,3,11,14,24,29,33,36,41],"killed_by":"The Heart","ascension_level":0}}