{"host":"eqdfsjv4ws7ianga","time":1609963099,"event":{"mods":["Abigail Mod","Arknights The Spire","Ascension Reborn","BaseMod","CapriCore","Friendly Minions","GungeonMod","Hermit","Kiyohime£¨?ýï£©","Koishi","Minty Spire (QoL Compilation)","READ ME - Guardian Mod","READ ME - Snecko Mod","StSLib","The Animator","The Immortal","The Poker Player","WarShipGirlsR/??á´Ò³R mod"],"gold_per_floor":[111,111,111,123,141,167,167,167,167,92,146,162,162,7,7,137,137,158,158,173,187,210,210,245,245,245,245,283,307,307,406,406,535,535,550,619,642,333,346,346,360,360,360,61,82,82,82,82,82,82,82],"floor_reached":50,"playtime":3285,"items_purged":["ats:Defend"],"score":503,"play_id":"a3fb0ec4-e862-4613-a79c-1d2127ba11c7","local_time":"20210107045819","is_ascension_mode":true,"campfire_choices":[{"floor":8,"key":"REST"},{"data":"ats:Guardian Obelisk","floor":15,"key":"SMITH"},{"data":"ats:Emotion Absorption","floor":23,"key":"SMITH"},{"data":"ats:Mental Burst","floor":25,"key":"SMITH"},{"floor":27,"key":"RECALL"},{"data":"ats:Burning Ground","floor":32,"key":"SMITH"},{"data":"ats:Beaten Up","floor":40,"key":"SMITH"},{"data":"ats:Shell Defense","floor":42,"key":"SMITH"},{"data":"Parasite","floor":47,"key":"PURGE"},{"data":"ats:Defend+1","floor":49,"key":"PURGE"}],"circlet_count":0,"master_deck":["ats:Strike C+1","ats:Strike G+1","ats:Strike S+1","ats:Armor Crushing Shot","ats:Defend+1","ats:Defend+1","ats:Emotion Absorption+1","ats:Explosion Area Strengthen","ats:Burning Ground+1","ats:Mental Burst+1","ats:Wolf Pack","ats:Part Time Job","ats:Childhood Dance+1","ats:Guardian Obelisk+1","ats:Soul Rend","ats:Cat Scratch+1","ats:Steam Pump+1","ats:Childhood Dance+1","ats:Burning Ground","ats:Defend Order","ats:Ambush","ats:Volcano","ats:Shell Defense+1","ats:Beaten Up+1","ats:Revitalization+1","Thinking Ahead"],"relics":["ats:Sanity","Mummified Hand","ats:Originium","Torii","Golden Idol","Sundial","DemoMod:ClearGuonStone","ats:Tactical Delivery","Letter Opener","Kunai","Coffee Dripper","Ice Cream","Shuriken","StoneCalendar","Peace Pipe"],"acts_visited":["Exordium","TheCity","TheBeyond"],"potions_floor_usage":[6,24,36,41,45,50],"damage_taken":[{"damage":8,"enemies":"Cultist","floor":1,"turns":5},{"damage":4,"enemies":"2 Louse","floor":4,"turns":3},{"damage":10,"enemies":"Small Slimes","floor":5,"turns":4},{"damage":14,"enemies":"Gremlin Nob","floor":6,"turns":3},{"damage":0,"enemies":"Blue Slaver","floor":12,"turns":3},{"damage":12,"enemies":"The Guardian","floor":16,"turns":9},{"damage":16,"enemies":"2 Thieves","floor":18,"turns":4},{"damage":9,"enemies":"Chosen","floor":20,"turns":6},{"damage":2,"enemies":"Snake Plant","floor":21,"turns":4},{"damage":2,"enemies":"Snecko","floor":22,"turns":6},{"damage":42,"enemies":"Gremlin Leader","floor":24,"turns":6},{"damage":2,"enemies":"Book of Stabbing","floor":28,"turns":5},{"damage":2,"enemies":"Centurion and Healer","floor":29,"turns":6},{"damage":9,"enemies":"Automaton","floor":33,"turns":9},{"damage":0,"enemies":"Orb Walker","floor":35,"turns":3},{"damage":28,"enemies":"2 Orb Walkers","floor":36,"turns":5},{"damage":12,"enemies":"3 Shapes","floor":37,"turns":3},{"damage":17,"enemies":"Transient","floor":39,"turns":5},{"damage":8,"enemies":"Writhing Mass","floor":41,"turns":6},{"damage":42,"enemies":"Spire Growth","floor":45,"turns":6},{"damage":13,"enemies":"Donu and Deca","floor":50,"turns":4}],"seed_played":"2099999971670657473","potions_obtained":[{"floor":4,"key":"BlessingOfTheForge"},{"floor":22,"key":"SteroidPotion"},{"floor":28,"key":"FearPotion"},{"floor":33,"key":"LiquidBronze"},{"floor":35,"key":"BlessingOfTheForge"},{"floor":39,"key":"DuplicationPotion"},{"floor":41,"key":"Dexterity Potion"}],"is_trial":false,"path_per_floor":["M","?","?","M","M","E","?","R","T","$","T","M","?","$","R","B",null,"M","?","M","M","M","R","E","R","T","R","E","M","?","?","R","B",null,"M","?","M","$","M","R","M","R","T","$","M","?","R","?","R","B"],"character_chosen":"DOCTOR_CLASS","items_purchased":["ats:Part Time Job","ats:Guardian Obelisk","ats:Shell Defense","Shuriken","Peace Pipe"],"campfire_rested":1,"item_purchase_floors":[10,14,38,38,44],"current_hp_per_floor":[71,64,64,60,50,36,17,40,40,40,40,45,38,38,38,32,79,67,67,66,69,76,76,41,41,41,41,45,49,49,49,49,51,79,79,58,52,52,43,43,40,40,40,40,5,5,5,5,5,0,0],"gold":82,"neow_bonus":"TEN_PERCENT_HP_BONUS","is_daily":false,"chose_seed":false,"campfire_upgraded":6,"win_rate":0.0,"timestamp":1609963099,"path_taken":["M","?","?","M","M","E","?","R","T","?","?","?","?","$","R","BOSS","M","?","?","?","?","R","E","R","T","R","E","M","?","?","R","BOSS","M","?","M","$","M","R","M","R","T","$","M","?","R","?","R","BOSS"],"items_purchased_type":["Card","Card","Card","Relic","Relic"],"build_version":"2020-12-22","purchased_purges":1,"victory":false,"max_hp_per_floor":[79,79,79,79,79,79,79,79,79,79,79,79,79,79,79,79,79,79,79,79,79,79,79,79,79,79,79,79,79,79,79,79,79,79,79,79,79,79,79,79,79,79,79,79,79,75,72,72,72,72,72],"card_choices":[{"not_picked":["ats:Flexible Camouflage","ats:Shell Defense"],"picked":"ats:Explosion Area Strengthen","floor":1},{"not_picked":["ats:Shell Defense","ats:Thermite Blade"],"picked":"ats:Burning Ground","floor":4},{"not_picked":["ats:Defend Order","ats:Explosion Area Strengthen"],"picked":"ats:Mental Burst","floor":5},{"not_picked":["ats:Hammer On","ats:Poison Spread"],"picked":"ats:Wolf Pack","floor":6},{"not_picked":["ats:Overload","ats:Leaping Hammer"],"picked":"ats:Childhood Dance","floor":12},{"not_picked":["ats:Shadow Assault","ats:Fractured Body"],"picked":"ats:Soul Rend","floor":16},{"not_picked":["ats:Ignite+1","ats:Flexible Camouflage"],"picked":"ats:Cat Scratch+1","floor":18},{"not_picked":["ats:Beaten Up","ats:Powerful Strike+1"],"picked":"ats:Steam Pump+1","floor":20},{"not_picked":["ats:Healing Drone","ats:Closed Bolt Burst Fire"],"picked":"ats:Childhood Dance+1","floor":21},{"not_picked":["ats:Curse Doll","ats:Consecutive Shot Auto+1","ats:Steam Pump+1"],"picked":"SKIP","floor":22},{"not_picked":["ats:Thermite Blade","ats:Consecutive Shot Auto+1","ats:LN2 Cannon"],"picked":"SKIP","floor":24},{"not_picked":["ats:Ignite","ats:Childhood Dance+1"],"picked":"ats:Burning Ground","floor":28},{"not_picked":["ats:Leaping Hammer","ats:Ignite"],"picked":"ats:Defend Order","floor":29},{"not_picked":["ats:Soul Rend","ats:Dogmatic Field"],"picked":"ats:Ambush","floor":33},{"not_picked":["ats:Spore Proliferation+1","ats:Red Shift","ats:Powerful Strike"],"picked":"SKIP","floor":35},{"not_picked":["ats:Poison Spread","ats:Closed Bolt Burst Fire"],"picked":"ats:Volcano","floor":37},{"not_picked":["ats:Explosion Area Strengthen","ats:Closed Bolt Burst Fire"],"picked":"ats:Beaten Up","floor":39},{"not_picked":["ats:Automatic Cover","ats:Leaping Hammer+1","ats:Assault Order"],"picked":"SKIP","floor":41},{"not_picked":["ats:Automatic Cover","ats:Leaping Hammer+1","ats:Assault Order"],"picked":"SKIP","floor":41},{"not_picked":["ats:Closed Bolt Burst Fire+1","ats:Apocalypse"],"picked":"ats:Revitalization+1","floor":45},{"not_picked":["Discovery","Trip"],"picked":"Thinking Ahead","floor":48}],"player_experience":419787,"relics_obtained":[{"floor":6,"key":"ats:Originium"},{"floor":6,"key":"Torii"},{"floor":9,"key":"Sundial"},{"floor":11,"key":"DemoMod:ClearGuonStone"},{"floor":24,"key":"Letter Opener"},{"floor":28,"key":"Kunai"},{"floor":36,"key":"Ice Cream"},{"floor":43,"key":"StoneCalendar"}],"event_choices":[{"damage_healed":0,"gold_gain":0,"player_choice":"Success","damage_taken":7,"relics_obtained":["Mummified Hand"],"max_hp_gain":0,"max_hp_loss":0,"event_name":"Scrap Ooze","floor":2,"gold_loss":0},{"damage_healed":0,"gold_gain":0,"player_choice":"Ignored","damage_taken":0,"max_hp_gain":0,"max_hp_loss":0,"event_name":"Liars Game","floor":3,"gold_loss":0},{"damage_healed":0,"gold_gain":0,"player_choice":"Take Damage","damage_taken":19,"relics_obtained":["Golden Idol"],"max_hp_gain":0,"max_hp_loss":0,"event_name":"Golden Idol","floor":7,"gold_loss":0},{"cards_removed":["ats:Strike V"],"damage_healed":0,"gold_gain":0,"player_choice":"Card Removal","damage_taken":7,"max_hp_gain":0,"max_hp_loss":0,"event_name":"Golden Wing","floor":13,"gold_loss":0},{"damage_healed":0,"gold_gain":0,"player_choice":"Forge","damage_taken":0,"max_hp_gain":0,"max_hp_loss":0,"event_name":"Accursed Blacksmith","floor":19,"gold_loss":0,"cards_upgraded":["ats:Childhood Dance"]},{"damage_healed":0,"gold_gain":0,"player_choice":"Simplicity","damage_taken":0,"max_hp_gain":0,"max_hp_loss":0,"event_name":"Back to Basics","floor":30,"gold_loss":0,"cards_upgraded":["ats:Strike C","ats:Strike G","ats:Strike S","ats:Defend","ats:Defend","ats:Defend"]},{"damage_healed":0,"gold_gain":99,"player_choice":"Stole From Cult","damage_taken":0,"max_hp_gain":0,"max_hp_loss":0,"event_name":"Nest","floor":31,"gold_loss":0},{"damage_healed":0,"gold_gain":0,"player_choice":"Fight","damage_taken":0,"max_hp_gain":0,"max_hp_loss":0,"event_name":"Mysterious Sphere","floor":36,"gold_loss":0},{"damage_healed":0,"gold_gain":0,"player_choice":"Max HP","damage_taken":0,"max_hp_gain":0,"max_hp_loss":4,"event_name":"Winding Halls","floor":46,"gold_loss":0},{"damage_healed":0,"gold_gain":0,"player_choice":"Memory 1","damage_taken":0,"max_hp_gain":0,"max_hp_loss":0,"event_name":"SensoryStone","floor":48,"gold_loss":0}],"is_beta":false,"boss_relics":[{"not_picked":["Pandora\u0027s Box","Astrolabe"],"picked":"ats:Tactical Delivery"},{"not_picked":["Calling Bell","Velvet Choker"],"picked":"Coffee Dripper"}],"items_purged_floors":[14],"is_endless":false,"potions_floor_spawned":[4,22,28,33,35,39,41],"killed_by":"Donu and Deca","ascension_level":0}}