{"host":"vex7walpoxzv48nx","time":1609960904,"event":{"mods":["BaseMod","Highlight Path","Minty Spire (QoL Compilation)","Permanent Neow","Quick Restart","Relic Stats"],"gold_per_floor":[110,129,6,6,6,36,36,54,77,77,93,121,7,34,34,137,137,149,159,159,109,20,51,51,81,105,122,132,147,147,178,178,178,178],"floor_reached":33,"playtime":3785,"items_purged":["Strike_B"],"score":380,"play_id":"4a8d86ff-c183-4c45-9753-ea8908c71f8d","local_time":"20210106202144","is_ascension_mode":true,"campfire_choices":[{"floor":7,"key":"REST"},{"data":"Zap","floor":10,"key":"SMITH"},{"floor":15,"key":"REST"},{"data":"Lockon","floor":24,"key":"SMITH"},{"data":"Fission","floor":32,"key":"SMITH"}],"circlet_count":0,"master_deck":["Strike_B","Strike_B+1","Strike_B+1","Defend_B+1","Defend_B","Defend_B","Zap+1","Dualcast","BootSequence+1","Doom and Gloom","Compile Driver","Streamline","Coolheaded","Chill","Self Repair","Auto Shields","Buffer","White Noise+1","Beam Cell","Ghostly","Ghostly","Ghostly","Ghostly","Ghostly","Sunder","Lockon+1","Melter","Fission+1","Streamline","Coolheaded","Lockon+1","Lockon+1"],"relics":["Cracked Core","Whetstone","Potion Belt","Centennial Puzzle","Omamori","Cables","Nuclear Battery","Meat on the Bone","Vajra","War Paint","Bottled Flame"],"acts_visited":["Exordium","TheCity"],"potions_floor_usage":[12,23,25,25,29,31],"damage_taken":[{"damage":2,"enemies":"2 Louse","floor":1,"turns":3},{"damage":0,"enemies":"Jaw Worm","floor":2,"turns":2},{"damage":22,"enemies":"Gremlin Nob","floor":6,"turns":4},{"damage":0,"enemies":"Small Slimes","floor":8,"turns":2},{"damage":2,"enemies":"2 Fungi Beasts","floor":11,"turns":2},{"damage":19,"enemies":"Lagavulin","floor":12,"turns":5},{"damage":22,"enemies":"Gremlin Nob","floor":14,"turns":4},{"damage":10,"enemies":"The Guardian","floor":16,"turns":12},{"damage":11,"enemies":"Spheric Guardian","floor":18,"turns":4},{"damage":3,"enemies":"2 Thieves","floor":19,"turns":4},{"damage":3,"enemies":"Book of Stabbing","floor":23,"turns":5},{"damage":7,"enemies":"Slavers","floor":25,"turns":3},{"damage":1,"enemies":"Snake Plant","floor":27,"turns":5},{"damage":0,"enemies":"Snecko","floor":28,"turns":5},{"damage":13,"enemies":"Cultist and Chosen","floor":29,"turns":7},{"damage":4,"enemies":"Gremlin Leader","floor":31,"turns":7},{"damage":46,"enemies":"Champ","floor":33,"turns":8}],"seed_played":"-2141873720066903936","potions_obtained":[{"floor":1,"key":"Explosive Potion"},{"floor":6,"key":"BlessingOfTheForge"},{"floor":8,"key":"SkillPotion"},{"floor":11,"key":"Dexterity Potion"},{"floor":19,"key":"LiquidMemories"},{"floor":23,"key":"DistilledChaos"},{"floor":31,"key":"SpeedPotion"}],"is_trial":false,"path_per_floor":["M","M","$","?","?","E","R","M","T","R","M","E","$","E","R","B",null,"M","M","?","?","$","E","R","E","T","M","M","M","?","E","R","B"],"character_chosen":"DEFECT","items_purchased":["Compile Driver","Self Repair","Auto Shields","Sunder","Energy Potion"],"campfire_rested":2,"item_purchase_floors":[3,13,13,22,22],"current_hp_per_floor":[73,73,73,66,66,44,66,66,66,66,64,45,45,30,52,49,75,71,75,37,37,37,37,37,37,37,37,37,31,31,34,34,0,0],"gold":178,"neow_bonus":"RANDOM_COMMON_RELIC","is_daily":false,"chose_seed":false,"campfire_upgraded":3,"win_rate":0.0,"timestamp":1609960904,"path_taken":["M","M","$","?","?","E","R","M","T","R","M","E","$","E","R","BOSS","M","M","?","?","$","E","R","E","T","M","M","?","?","E","R","BOSS"],"items_purchased_type":["Card","Card","Card","Card","Potion"],"build_version":"2020-12-22","purchased_purges":1,"victory":false,"max_hp_per_floor":[75,75,75,75,75,75,75,75,75,75,75,75,75,75,75,75,75,75,75,37,37,37,37,37,37,37,37,37,37,37,37,37,37,37],"relic_stats":{"Centennial Puzzle":[36],"counters":[17,82],"Whetstone":["Strike_B","Strike_B"],"War Paint":["BootSequence","Defend_B"],"obtain_stats":[{"Potion Belt":6,"Centennial Puzzle":9,"Bottled Flame":31,"Vajra":25,"Omamori":12,"Whetstone":0,"War Paint":26,"Cracked Core":0,"Cables":14,"Nuclear Battery":17,"Meat on the Bone":23},{"Potion Belt":3,"Centennial Puzzle":4,"Bottled Flame":16,"Vajra":12,"Omamori":6,"Whetstone":0,"War Paint":12,"Cracked Core":0,"Cables":7,"Nuclear Battery":8,"Meat on the Bone":11},{"Potion Belt":9,"Centennial Puzzle":11,"Bottled Flame":74,"Vajra":50,"Omamori":18,"Whetstone":0,"War Paint":50,"Cracked Core":0,"Cables":22,"Nuclear Battery":34,"Meat on the Bone":47}],"Cables":[49,19,14,0,16],"Meat on the Bone":0},"card_choices":[{"not_picked":["Go for the Eyes","Turbo"],"picked":"BootSequence","floor":1},{"not_picked":["Ball Lightning","Undo"],"picked":"Doom and Gloom","floor":2},{"not_picked":["Sweeping Beam","Barrage"],"picked":"Streamline","floor":6},{"not_picked":["Lockon","Redo","Rebound"],"picked":"SKIP","floor":8},{"not_picked":["Melter","Darkness"],"picked":"Coolheaded","floor":11},{"not_picked":["Conserve Battery","Force Field"],"picked":"Chill","floor":12},{"not_picked":["Barrage","Scrape","Sweeping Beam"],"picked":"SKIP","floor":14},{"not_picked":["Multi-Cast","Creative AI"],"picked":"Buffer","floor":16},{"not_picked":["Genetic Algorithm","Heatsinks"],"picked":"White Noise+1","floor":18},{"not_picked":["Gash","Leap"],"picked":"Beam Cell","floor":19},{"not_picked":["Steam+1","Cold Snap"],"picked":"Lockon","floor":23},{"not_picked":["Reinforced Body","Rebound+1"],"picked":"Melter","floor":25},{"not_picked":["Defragment","Stack"],"picked":"Fission","floor":27},{"not_picked":["Cold Snap","Rip and Tear"],"picked":"Streamline","floor":28},{"not_picked":["Sweeping Beam","Self Repair"],"picked":"Coolheaded","floor":29},{"not_picked":["Buffer","Melter"],"picked":"Lockon+1","floor":31}],"player_experience":91057,"relics_obtained":[{"floor":6,"key":"Potion Belt"},{"floor":9,"key":"Centennial Puzzle"},{"floor":12,"key":"Omamori"},{"floor":14,"key":"Cables"},{"floor":23,"key":"Meat on the Bone"},{"floor":25,"key":"Vajra"},{"floor":26,"key":"War Paint"},{"floor":31,"key":"Bottled Flame"}],"event_choices":[{"cards_removed":["Defend_B"],"damage_healed":0,"gold_gain":0,"player_choice":"Card Removal","damage_taken":7,"max_hp_gain":0,"max_hp_loss":0,"event_name":"Golden Wing","floor":4,"gold_loss":0},{"damage_healed":0,"gold_gain":0,"player_choice":"Ignored","damage_taken":0,"max_hp_gain":0,"max_hp_loss":0,"event_name":"Golden Idol","floor":5,"gold_loss":0},{"damage_healed":0,"gold_gain":0,"player_choice":"Became a Ghost","damage_taken":0,"max_hp_gain":0,"max_hp_loss":38,"event_name":"Ghosts","floor":20,"gold_loss":0,"cards_obtained":["Ghostly","Ghostly","Ghostly","Ghostly","Ghostly"]},{"damage_healed":0,"gold_gain":0,"player_choice":"Bet on Murderer","damage_taken":0,"max_hp_gain":0,"max_hp_loss":0,"event_name":"The Joust","floor":21,"gold_loss":50},{"damage_healed":0,"gold_gain":0,"player_choice":"Copied","damage_taken":0,"max_hp_gain":0,"max_hp_loss":0,"event_name":"Duplicator","floor":30,"gold_loss":0,"cards_obtained":["Lockon"]}],"is_beta":false,"boss_relics":[{"not_picked":["Runic Pyramid","Ectoplasm"],"picked":"Nuclear Battery"}],"items_purged_floors":[3],"is_endless":false,"potions_floor_spawned":[1,6,8,11,19,23,31],"killed_by":"Champ","ascension_level":2}}