{"host":"51fyd6gkml7xavq8","time":1609974886,"event":{"mods":["BaseMod","BetterRewards","Colored Map","Energized Spire","Infinite Spire","Minty Spire (QoL Compilation)","Replay The Spire","Shop Mod","Spicy Shops","StSLib","The Blue Laboratory","[IsaacMod]????"],"gold_per_floor":[109,59,70,170,189,189,206,218,294,307,93,106,74,149,149,245,245,263,263,280,295,92,92,92,124,198,198,198],"floor_reached":27,"playtime":1113,"items_purged":["Defend_G","Strike_G","Strike_G","Strike_G","Doubt"],"score":450,"play_id":"5e898df9-1ec6-4e7c-87df-de9c11722fc8","local_time":"20210106201446","is_ascension_mode":true,"campfire_choices":[{"data":"EpicFetus","floor":6.0,"key":"SMITH"},{"data":"Noxious Fumes","floor":15.0,"key":"SMITH"},{"data":"Bandage Up","floor":23,"key":"SMITH"}],"circlet_count":0,"master_deck":["Strike_G","Strike_G","Defend_G","Defend_G","Defend_G","Defend_G","Survivor","Neutralize","EpicFetus+1","Poisoned Stab","Corpse Explosion","Poisoned Stab","Noxious Fumes+1","Bandage Up+1","Poisoned Stab"],"relics":["HushsDoor","SteamSale","MerchantsRug","Peace Pipe","Sundial","Bronze Scales","Torii","Potion Belt","Runic Pyramid","infinitespire:Joker Card","White Beast Statue","Replay:Bottled Steam"],"acts_visited":["Exordium","TheCity"],"potions_floor_usage":[21],"damage_taken":[{"damage":0.0,"enemies":"2 Louse","floor":1.0,"turns":4.0},{"damage":6.0,"enemies":"Cultist","floor":3.0,"turns":3.0},{"damage":0.0,"enemies":"Jaw Worm","floor":5.0,"turns":3.0},{"damage":11.0,"enemies":"Looter","floor":7.0,"turns":3.0},{"damage":0.0,"enemies":"Exordium Thugs","floor":8.0,"turns":3.0},{"damage":0.0,"enemies":"Lots of Slimes","floor":10.0,"turns":1.0},{"damage":0.0,"enemies":"Large Slime","floor":12.0,"turns":4.0},{"damage":0.0,"enemies":"Slime Boss","floor":16.0,"turns":5.0},{"damage":7.0,"enemies":"Spheric Guardian","floor":18.0,"turns":4.0},{"damage":27.0,"enemies":"Shell Parasite","floor":20.0,"turns":4.0},{"damage":1,"enemies":"Cultist and Chosen","floor":21,"turns":4},{"damage":31,"enemies":"Gremlin Leader","floor":25,"turns":5},{"damage":23,"enemies":"Snecko","floor":27,"turns":3}],"seed_played":"-3181921043846847624","potions_obtained":[{"floor":1.0,"key":"blueLaboratory:HorrorPotion"},{"floor":7.0,"key":"blueLaboratory:Moonshine"},{"floor":8.0,"key":"Cursed Concoction"},{"floor":20.0,"key":"SkillPotion"},{"floor":21,"key":"blueLaboratory:BubblePotion"}],"is_trial":false,"path_per_floor":["M","$","M","?","M","R","M","M","T","M","$","M","$","?","R","B",null,"M","?","M","M","$","R","?","E","T","M"],"character_chosen":"THE_SILENT","items_purchased":["MerchantsRug","Peace Pipe","Bronze Scales","Torii","Potion Belt","Noxious Fumes","infinitespire:Joker Card","Bandage Up","Poisoned Stab"],"campfire_rested":0,"item_purchase_floors":[0,0,11,11,11,13,22,22,22],"current_hp_per_floor":[55,55,49,49,49,49,38,38,38,38,38,38,38,27,27,27,70,63,63,36,35,35,35,35,10,10,0,0],"gold":198,"neow_bonus":"","is_daily":false,"chose_seed":false,"campfire_upgraded":3,"win_rate":0.0,"timestamp":1609974886,"path_taken":["M","$","M","?","?","R","?","M","T","M","$","M","$","?","R","BOSS","M","?","M","M","$","R","?","E","T","M"],"items_purchased_type":["Relic","Relic","Relic","Relic","Relic","Card","Relic","Card","Card"],"build_version":"2020-12-22","purchased_purges":5,"victory":false,"max_hp_per_floor":[70,70,70,70,70,70,70,70,70,70,70,70,70,70,70,70,70,70,70,70,70,70,70,70,70,70,70,70],"card_choices":[{"not_picked":[],"picked":"EpicFetus","floor":0.0},{"not_picked":["Concentrate","Blade Dance"],"picked":"Poisoned Stab","floor":1.0},{"not_picked":["Dagger Spray","Poisoned Stab"],"picked":"Corpse Explosion","floor":3.0},{"not_picked":["Endless Agony","Cloak And Dagger"],"picked":"Poisoned Stab","floor":4.0},{"not_picked":["Dagger Spray","PiercingWail","Prepared"],"picked":"SKIP","floor":5.0},{"not_picked":["Quick Slash","Hidden Blade","Deflect"],"picked":"SKIP","floor":7.0},{"not_picked":["Riddle With Holes","Flying Knee","PiercingWail"],"picked":"SKIP","floor":8.0},{"not_picked":["Sucker Punch","PiercingWail","Backflip"],"picked":"SKIP","floor":10.0},{"not_picked":["Sneak Up","Flying Knee","Slice"],"picked":"SKIP","floor":12.0},{"not_picked":["Flying Knee","Deadly Poison","Skewer"],"picked":"SKIP","floor":18.0},{"not_picked":["Dagger Throw","Quick Slash+1","Expertise"],"picked":"SKIP","floor":20.0},{"not_picked":["Hidden Blade","Dagger Throw","Prepared+1"],"picked":"SKIP","floor":21},{"not_picked":["Underhanded Strike","Bouncing Flask","Infinite Blades"],"picked":"SKIP","floor":25}],"player_experience":469706,"relics_obtained":[{"floor":9.0,"key":"Sundial"},{"floor":25,"key":"White Beast Statue"},{"floor":26,"key":"Replay:Bottled Steam"}],"event_choices":[{"damage_healed":0.0,"max_hp_gain":0.0,"max_hp_loss":0.0,"gold_gain":75.0,"event_name":"World of Goop","player_choice":"Gather Gold","floor":14.0,"gold_loss":0.0,"damage_taken":11.0},{"damage_healed":0,"gold_gain":0,"player_choice":"0 cards matched","damage_taken":0,"max_hp_gain":0,"max_hp_loss":0,"event_name":"Match and Keep!","floor":24,"gold_loss":0,"cards_obtained":[]}],"is_beta":false,"boss_relics":[{"not_picked":["SlaversCollar","energizedSpire:NeverEndingSparkler"],"picked":"Runic Pyramid"},{"not_picked":[]}],"items_purged_floors":[0,2,11,13,22],"is_endless":false,"potions_floor_spawned":[1,7,8,20,21],"killed_by":"Snecko","ascension_level":4}}