{"host":"gl7gfqdgzaxu5sie","time":1609913910,"event":{"mods":["AchievementEnabler","BaseMod","Colored Map","DeckTracker","Minty Spire (QoL Compilation)"],"gold_per_floor":[115,125,135,149,149,174,174,174,174,174,187,200,215,230,230,230,230],"floor_reached":16,"playtime":1187,"items_purged":[],"score":159,"play_id":"9d98b629-15c4-48a3-b774-bf3449e94308","local_time":"20210106151830","is_ascension_mode":true,"campfire_choices":[{"data":"Perfected Strike","floor":10,"key":"SMITH"},{"floor":15,"key":"RECALL"}],"circlet_count":0,"master_deck":["AscendersBane","Strike_R","Strike_R","Strike_R","Strike_R","Strike_R","Defend_R","Defend_R","Defend_R","Defend_R","Bash","Jack Of All Trades","Shrug It Off","Armaments","Perfected Strike","Perfected Strike+1","Offering","Evolve","Feel No Pain","Flame Barrier","Battle Trance"],"relics":["Burning Blood","Sundial","Centennial Puzzle"],"acts_visited":["Exordium"],"potions_floor_usage":[14],"damage_taken":[{"damage":7,"enemies":"2 Louse","floor":1,"turns":3},{"damage":1,"enemies":"Small Slimes","floor":2,"turns":4},{"damage":15,"enemies":"Jaw Worm","floor":3,"turns":5},{"damage":9,"enemies":"Large Slime","floor":4,"turns":10},{"damage":24,"enemies":"Gremlin Nob","floor":6,"turns":4},{"damage":2,"enemies":"Exordium Thugs","floor":11,"turns":5},{"damage":7,"enemies":"3 Louse","floor":12,"turns":4},{"damage":6,"enemies":"Blue Slaver","floor":13,"turns":3},{"damage":7,"enemies":"Exordium Thugs","floor":14,"turns":4},{"damage":50,"enemies":"Hexaghost","floor":16,"turns":7}],"seed_played":"1656241656608042470","potions_obtained":[{"floor":1,"key":"BloodPotion"},{"floor":3,"key":"DistilledChaos"}],"is_trial":false,"path_per_floor":["M","M","M","M","$","E","?","?","T","R","M","M","M","M","R","B"],"character_chosen":"IRONCLAD","items_purchased":[],"campfire_rested":0,"item_purchase_floors":[],"current_hp_per_floor":[71,76,67,64,64,46,51,48,48,48,52,51,51,50,50,0,0],"gold":230,"neow_bonus":"RANDOM_COLORLESS","is_daily":false,"chose_seed":false,"campfire_upgraded":1,"win_rate":0.0,"timestamp":1609913910,"path_taken":["M","M","M","M","$","E","?","?","T","R","M","M","M","M","R","BOSS"],"items_purchased_type":[],"build_version":"2020-12-22","purchased_purges":0,"victory":false,"max_hp_per_floor":[80,80,80,80,80,80,85,85,85,85,85,85,85,85,85,85,85],"card_choices":[{"not_picked":["Impatience","Deep Breath"],"picked":"Jack Of All Trades","floor":0},{"not_picked":["Flex","Pommel Strike"],"picked":"Shrug It Off","floor":1},{"not_picked":["Rupture","Iron Wave"],"picked":"Armaments","floor":2},{"not_picked":["Thunderclap","Warcry"],"picked":"Perfected Strike","floor":3},{"not_picked":["Hemokinesis","Sword Boomerang"],"picked":"Perfected Strike","floor":4},{"not_picked":["Feel No Pain","Clash"],"picked":"Offering","floor":6},{"not_picked":["Flex","Twin Strike"],"picked":"Evolve","floor":11},{"not_picked":["Havoc","Whirlwind"],"picked":"Feel No Pain","floor":12},{"not_picked":["Sword Boomerang","Shockwave"],"picked":"Flame Barrier","floor":13},{"not_picked":["Cleave","Warcry"],"picked":"Battle Trance","floor":14}],"player_experience":564050,"relics_obtained":[{"floor":6,"key":"Sundial"}],"event_choices":[{"damage_healed":0,"gold_gain":0,"player_choice":"Donut","damage_taken":0,"max_hp_gain":5,"max_hp_loss":0,"event_name":"Big Fish","floor":7,"gold_loss":0},{"damage_healed":0,"gold_gain":0,"player_choice":"Success","damage_taken":3,"relics_obtained":["Centennial Puzzle"],"max_hp_gain":0,"max_hp_loss":0,"event_name":"Scrap Ooze","floor":8,"gold_loss":0}],"is_beta":false,"boss_relics":[],"items_purged_floors":[],"is_endless":false,"potions_floor_spawned":[1,3],"killed_by":"Hexaghost","ascension_level":10}}