{"host":"ktoxvvst1mwxww91","time":1609927665,"event":{"mods":["BaseMod","Hermit","Minty Spire (QoL Compilation)","StSLib","The Hierophant","The Mystic","The Necromancer"],"gold_per_floor":[114,39,39,51,51,79,79,129,178,189,203,168,199,199,199,199,199],"floor_reached":16,"playtime":303,"items_purged":["Strike_B"],"score":200,"play_id":"1776fdf2-2827-4866-b948-403038625282","local_time":"20210106110745","is_ascension_mode":true,"campfire_choices":[{"floor":7,"key":"REST"},{"data":"Loop","floor":15,"key":"SMITH"}],"circlet_count":0,"master_deck":["AscendersBane","Strike_B","Strike_B","Defend_B","Defend_B","Defend_B","Defend_B","Zap","Dualcast","Doom and Gloom","Capacitor","Melter","Gash","Go for the Eyes","Loop+1"],"relics":["Cracked Core","Toy Ornithopter","Singing Bowl","Bronze Scales","Lantern","Incense Burner"],"acts_visited":["Exordium"],"potions_floor_usage":[4,11,13],"damage_taken":[{"damage":7.0,"enemies":"Jaw Worm","floor":1.0,"turns":4.0},{"damage":0,"enemies":"Cultist","floor":4,"turns":3},{"damage":35,"enemies":"Lagavulin","floor":6,"turns":5},{"damage":0,"enemies":"2 Louse","floor":10,"turns":3},{"damage":25,"enemies":"Gremlin Gang","floor":11,"turns":4},{"damage":25,"enemies":"Gremlin Nob","floor":13,"turns":4},{"damage":27,"enemies":"Hexaghost","floor":16,"turns":7}],"seed_played":"2890492460792282706","potions_obtained":[{"floor":1.0,"key":"Block Potion"},{"floor":10,"key":"Strength Potion"},{"floor":11,"key":"Weak Potion"}],"is_trial":false,"path_per_floor":["M","$","?","M","$","E","R","?","T","M","M","?","E","T","R","B"],"character_chosen":"DEFECT","items_purchased":[],"campfire_rested":1,"item_purchase_floors":[],"current_hp_per_floor":[57,57,57,62,62,27,48,48,48,48,28,45,25,25,25,0,0],"gold":199,"neow_bonus":"RANDOM_COMMON_RELIC","is_daily":false,"chose_seed":false,"campfire_upgraded":1,"win_rate":0.0,"timestamp":1609927665,"path_taken":["M","$","?","M","?","E","R","?","T","?","M","?","E","?","R","BOSS"],"items_purchased_type":[],"build_version":"2020-12-22","purchased_purges":1,"victory":false,"max_hp_per_floor":[71,71,71,71,71,71,71,71,71,71,71,71,71,71,71,71,71],"card_choices":[{"not_picked":["Defragment","Recycle"],"picked":"Doom and Gloom","floor":1.0},{"not_picked":["Stack","Turbo"],"picked":"Capacitor","floor":4},{"not_picked":["Turbo","Capacitor"],"picked":"Melter","floor":6},{"not_picked":["Redo","Double Energy"],"picked":"Gash","floor":10},{"not_picked":["Hello World","Steam Power"],"picked":"Go for the Eyes","floor":11},{"not_picked":["Redo","Aggregate"],"picked":"Loop","floor":13}],"player_experience":977020,"relics_obtained":[{"floor":6,"key":"Singing Bowl"},{"floor":9,"key":"Bronze Scales"},{"floor":13,"key":"Lantern"},{"floor":14,"key":"Incense Burner"}],"event_choices":[{"cards_removed":["Strike_B"],"damage_healed":0.0,"max_hp_gain":0.0,"max_hp_loss":0.0,"gold_gain":0.0,"event_name":"Purifier","player_choice":"Purged","floor":3.0,"gold_loss":0.0,"damage_taken":0.0},{"damage_healed":0,"gold_gain":50,"player_choice":"Pray","damage_taken":0,"max_hp_gain":0,"max_hp_loss":0,"event_name":"Golden Shrine","floor":8,"gold_loss":0},{"damage_healed":17,"gold_gain":0,"player_choice":"Healed","damage_taken":0,"max_hp_gain":0,"max_hp_loss":0,"event_name":"The Cleric","floor":12,"gold_loss":35}],"is_beta":false,"boss_relics":[],"items_purged_floors":[2],"is_endless":false,"potions_floor_spawned":[1,10,11],"killed_by":"Hexaghost","ascension_level":17}}