{"host":"hcrpk3ks1jn59x6u","time":1609901141,"event":{"mods":["BaseMod","Better Altar","Better Note","Better Sensory Stone","Better Skull","Better Third Choice","BetterRewards","Colored Map","Conspire","Downfall","GifTheSpireLib","Googly Eyes","Halation","Hermit","Highlight Path","Minty Spire (QoL Compilation)","StSLib","Stuff the Spire","The Bug Knight","The Construct","The Hierophant","everything is the same but u backflip on backflip"],"gold_per_floor":[212,212,212,212,222,222,222,255,255,285,285,295,324,13,13,116,116,134,151,151,161,171,171,188,188,188,188,202,202,202],"floor_reached":29,"playtime":2023,"items_purged":["Strike_G"],"score":267,"play_id":"5f5736f6-7fe4-433f-95ff-02c375c87d90","local_time":"20210106104541","is_ascension_mode":true,"campfire_choices":[{"data":"StuffTheSpire:MirrorStance","floor":6,"key":"SMITH"},{"floor":11,"key":"REST"},{"floor":15,"key":"REST"},{"floor":23,"key":"REST"},{"floor":25,"key":"REST"},{"data":"After Image","floor":27,"key":"SMITH"}],"circlet_count":0,"master_deck":["Strike_G","Strike_G","Defend_G","Defend_G+1","Defend_G","Defend_G","Defend_G","Survivor","Neutralize+1","Deadly Poison","StuffTheSpire:MirrorStance+1","Bane","StuffTheSpire:BrimstoneBlast","Terror","StuffTheSpire:ReptileScales","Poisoned Stab","After Image+1","Burst","Setup","Footwork","Distraction","Accuracy+1","StuffTheSpire:Injection","Blade Dance"],"relics":["Ring of the Snake","Nunchaku","conspire:DeflatedDodgeball","Omamori","Bag of Preparation","Empty Cage","Bottled Flame"],"acts_visited":["Exordium","TheCity"],"potions_floor_usage":[8,14,16,19,21,22,24,24],"damage_taken":[{"damage":3,"enemies":"Jaw Worm","floor":1,"turns":5},{"damage":3,"enemies":"2 Louse","floor":5,"turns":4},{"damage":27,"enemies":"Gremlin Nob","floor":8,"turns":5},{"damage":15,"enemies":"3 Sentries","floor":10,"turns":12},{"damage":3,"enemies":"Small Slimes","floor":12,"turns":2},{"damage":9,"enemies":"Lagavulin","floor":13,"turns":6},{"damage":14,"enemies":"The Guardian","floor":16,"turns":11},{"damage":27,"enemies":"3 Byrds","floor":18,"turns":8},{"damage":13,"enemies":"Spheric Guardian","floor":19,"turns":7},{"damage":5,"enemies":"Centurion and Healer","floor":21,"turns":9},{"damage":10,"enemies":"Snecko","floor":22,"turns":7},{"damage":23,"enemies":"3 Cultists","floor":24,"turns":7},{"damage":30,"enemies":"Centurion and Healer","floor":28,"turns":10},{"damage":16,"enemies":"Snake Plant","floor":29,"turns":2}],"seed_played":"1437862839528259454","potions_obtained":[{"floor":1,"key":"SteroidPotion"},{"floor":12,"key":"Dexterity Potion"},{"floor":16,"key":"EssenceOfSteel"},{"floor":18,"key":"LiquidBronze"},{"floor":19,"key":"SneckoOil"},{"floor":21,"key":"Fire Potion"},{"floor":22,"key":"EssenceOfSteel"}],"is_trial":false,"path_per_floor":["M","$","?","?","M","R","?","E","T","E","R","M","E","$","R","B",null,"M","M","?","M","M","R","M","R","T","R","M","M"],"character_chosen":"THE_SILENT","items_purchased":["Poisoned Stab","After Image","Fruit Juice"],"campfire_rested":4,"item_purchase_floors":[14,14,14],"current_hp_per_floor":[67,67,67,53,50,50,50,23,23,8,29,26,17,22,44,30,75,48,35,35,30,20,42,19,41,41,41,11,0,0],"gold":202,"neow_bonus":"HUNDRED_GOLD","is_daily":false,"chose_seed":false,"campfire_upgraded":2,"win_rate":0.0,"timestamp":1609901141,"path_taken":["M","$","?","?","M","R","?","E","T","E","R","M","E","$","R","BOSS","M","M","?","M","M","R","M","R","T","R","M","M"],"items_purchased_type":["Card","Card","Potion"],"build_version":"2020-12-22","purchased_purges":1,"victory":false,"max_hp_per_floor":[70,70,70,70,70,70,70,70,70,70,70,70,70,75,75,75,75,75,75,75,75,75,75,75,75,75,75,75,75,75],"card_choices":[{"not_picked":["Predator","StuffTheSpire:BumpUp"],"picked":"Deadly Poison","floor":1},{"not_picked":["Outmaneuver","StuffTheSpire:ClusterCrunch"],"picked":"StuffTheSpire:MirrorStance","floor":5},{"not_picked":["StuffTheSpire:Python","StuffTheSpire:BumpUp"],"picked":"Bane","floor":8},{"not_picked":["Predator","Infinite Blades"],"picked":"StuffTheSpire:BrimstoneBlast","floor":10},{"not_picked":["Slice","StuffTheSpire:BumpUp"],"picked":"Terror","floor":12},{"not_picked":["All Out Attack","Bouncing Flask"],"picked":"StuffTheSpire:ReptileScales","floor":13},{"not_picked":["A Thousand Cuts","Night Terror"],"picked":"Burst","floor":16},{"not_picked":["Outmaneuver","Eviscerate"],"picked":"Setup","floor":18},{"not_picked":["Dagger Throw","PiercingWail"],"picked":"Footwork","floor":19},{"not_picked":["Caltrops","Bane"],"picked":"Distraction","floor":21},{"not_picked":["StuffTheSpire:BumpUp+1","Distraction"],"picked":"Accuracy+1","floor":22},{"not_picked":["Reflex","Cloak And Dagger"],"picked":"StuffTheSpire:Injection","floor":24},{"not_picked":["Skewer","Sucker Punch"],"picked":"Blade Dance","floor":28}],"player_experience":238273,"relics_obtained":[{"floor":8,"key":"Nunchaku"},{"floor":9,"key":"conspire:DeflatedDodgeball"},{"floor":10,"key":"Omamori"},{"floor":13,"key":"Bag of Preparation"},{"floor":26,"key":"Bottled Flame"}],"event_choices":[{"damage_healed":0,"gold_gain":0,"player_choice":"Leave","damage_taken":0,"max_hp_gain":0,"max_hp_loss":0,"event_name":"conspire:Investor","floor":3,"gold_loss":0},{"damage_healed":67,"gold_gain":0,"player_choice":"Upgrade","damage_taken":14,"max_hp_gain":0,"max_hp_loss":70,"event_name":"betterThird:BetterShining","floor":4,"gold_loss":0,"cards_upgraded":["Neutralize","Defend_G"]},{"damage_healed":0,"gold_gain":0,"player_choice":"Ignored","damage_taken":0,"max_hp_gain":0,"max_hp_loss":0,"event_name":"Golden Wing","floor":7,"gold_loss":0},{"damage_healed":0,"gold_gain":0,"player_choice":"Ignored","damage_taken":0,"max_hp_gain":0,"max_hp_loss":0,"event_name":"The Mausoleum","floor":20,"gold_loss":0}],"is_beta":false,"boss_relics":[{"not_picked":["Velvet Choker","SacredBark"],"picked":"Empty Cage"}],"items_purged_floors":[14],"is_endless":false,"potions_floor_spawned":[1,12,16,18,19,21,22],"killed_by":"Snake Plant","ascension_level":2}}