{"host":"jm9833yuloeli2yd","time":1609904217,"event":{"mods":["BaseMod","Better Altar","Better Match","Better Note","Better Sensory Stone","Better Skull","Better Third Choice","Better Vampires","BetterRewards","Colored Map","Colored Powertips","DeckTracker","Minty Spire (QoL Compilation)","Permanent Neow","Quick Restart","StSLib","SuperFastMode"],"gold_per_floor":[111,131,145,70,82,113,113,148,173,185,204,260,260,270,270,344,344,362,22,39,39,56,56,56],"floor_reached":23,"playtime":835,"items_purged":["Strike_B","Strike_B"],"score":660,"play_id":"cb7f4103-ead7-4370-9594-43011d10bc9f","local_time":"20210105223657","is_ascension_mode":true,"campfire_choices":[{"data":"Buffer","floor":7.0,"key":"SMITH"},{"data":"Auto Shields","floor":13,"key":"SMITH"},{"floor":15,"key":"REST"}],"circlet_count":0,"master_deck":["AscendersBane","Strike_B","Strike_B","Defend_B","Defend_B+1","Defend_B","Defend_B","Zap","Dualcast","Lockon","Compile Driver","FTL","Buffer+1","BootSequence+1","Conserve Battery","Auto Shields+1","Beam Cell","Capacitor","All For One","Glacier","Consume","Turbo"],"relics":["Cracked Core","Shuriken","Bag of Marbles","Nunchaku","Potion Belt","War Paint","Runic Pyramid","OrangePellets","Orichalcum"],"acts_visited":["Exordium","TheCity"],"potions_floor_usage":[12,16,16,16,16,16,20,20],"damage_taken":[{"damage":2.0,"enemies":"2 Louse","floor":1.0,"turns":2.0},{"damage":4.0,"enemies":"Small Slimes","floor":2.0,"turns":4.0},{"damage":1.0,"enemies":"Cultist","floor":3.0,"turns":3.0},{"damage":11.0,"enemies":"Looter","floor":5.0,"turns":5.0},{"damage":28.0,"enemies":"3 Sentries","floor":6.0,"turns":8.0},{"damage":0,"enemies":"Lagavulin","floor":8,"turns":6},{"damage":0,"enemies":"3 Louse","floor":10,"turns":4},{"damage":0,"enemies":"Red Slaver","floor":11,"turns":2},{"damage":0,"enemies":"Gremlin Nob","floor":12,"turns":4},{"damage":0,"enemies":"Large Slime","floor":14,"turns":5},{"damage":10,"enemies":"Hexaghost","floor":16,"turns":9},{"damage":11,"enemies":"Shell Parasite","floor":18,"turns":6},{"damage":7,"enemies":"3 Byrds","floor":20,"turns":5},{"damage":0,"enemies":"Snecko","floor":22,"turns":11},{"damage":26,"enemies":"Book of Stabbing","floor":23,"turns":7}],"seed_played":"-1857877022196669640","potions_obtained":[{"floor":1.0,"key":"Block Potion"},{"floor":2.0,"key":"EntropicBrew"},{"floor":8,"key":"LiquidBronze"},{"floor":10,"key":"Swift Potion"},{"floor":11,"key":"Energy Potion"},{"floor":12,"key":"Weak Potion"}],"is_trial":false,"path_per_floor":["M","M","M","$","M","E","R","E","T","M","M","?","R","M","R","B",null,"M","$","M","?","M","E"],"character_chosen":"DEFECT","items_purchased":["Shuriken","Consume","OrangePellets"],"campfire_rested":1,"item_purchase_floors":[0,19,19],"current_hp_per_floor":[62,58,57,57,46,18,18,18,18,18,18,18,18,18,39,29,61,50,50,43,25,25,0,0],"gold":56,"neow_bonus":"","is_daily":false,"chose_seed":false,"campfire_upgraded":2,"win_rate":0.0,"timestamp":1609904217,"path_taken":["M","M","M","$","M","E","R","E","T","M","M","?","R","M","R","BOSS","M","$","M","?","?","E"],"items_purchased_type":["Relic","Card","Relic"],"build_version":"2020-12-22","purchased_purges":2,"victory":false,"max_hp_per_floor":[71,71,71,71,71,71,71,71,71,71,71,71,71,71,71,71,71,71,71,71,71,71,71,71],"card_choices":[{"not_picked":["Redo","Turbo","Aggregate"],"picked":"SKIP","floor":1.0},{"not_picked":["Streamline","Stack"],"picked":"Lockon","floor":2.0},{"not_picked":["Leap","Hologram"],"picked":"Compile Driver","floor":3.0},{"not_picked":["Skim","Recycle"],"picked":"FTL","floor":5.0},{"not_picked":["Recycle","Scrape"],"picked":"Buffer","floor":6.0},{"not_picked":["Stack","Doom and Gloom"],"picked":"BootSequence","floor":8},{"not_picked":["Sweeping Beam","Barrage"],"picked":"Conserve Battery","floor":10},{"not_picked":["Undo","Capacitor"],"picked":"Auto Shields","floor":11},{"not_picked":["Creative AI","Ball Lightning"],"picked":"Beam Cell","floor":12},{"not_picked":["Reinforced Body","Barrage"],"picked":"Capacitor","floor":14},{"not_picked":["Rainbow","Meteor Strike"],"picked":"All For One","floor":16},{"not_picked":["Ball Lightning","Go for the Eyes"],"picked":"Glacier","floor":18},{"not_picked":["Conserve Battery","Sweeping Beam"],"picked":"Turbo","floor":20},{"not_picked":["Rebound","Skim","Redo"],"picked":"SKIP","floor":22}],"player_experience":1260850,"relics_obtained":[{"floor":6.0,"key":"Bag of Marbles"},{"floor":8,"key":"Nunchaku"},{"floor":9,"key":"Potion Belt"},{"floor":12,"key":"War Paint"}],"event_choices":[{"damage_healed":0,"gold_gain":0,"player_choice":"Searched \u00271\u0027 times","damage_taken":0,"max_hp_gain":0,"max_hp_loss":0,"event_name":"Dead Adventurer","floor":12,"gold_loss":0},{"damage_healed":0,"gold_gain":0,"player_choice":"RE ","damage_taken":20,"relics_obtained":["Orichalcum"],"max_hp_gain":0,"max_hp_loss":0,"event_name":"betterSkull:BetterSkull","floor":21,"gold_loss":0,"cards_upgraded":[]}],"is_beta":false,"boss_relics":[{"not_picked":["Fusion Hammer","Black Star"],"picked":"Runic Pyramid"}],"items_purged_floors":[4,19],"is_endless":false,"potions_floor_spawned":[1,2,8,10,11,12],"killed_by":"Book of Stabbing","ascension_level":20}}