{"host":"nqsrckqog5ia9mbo","time":1609958596,"event":{"mods":["AchievementEnabler","BaseMod","Colored Map","Highlight Path","Minty Spire (QoL Compilation)"],"gold_per_floor":[111,111,111,131,131,160,172,128,179,179,204,218,234,246,246,348,348,365,378,378,378,396,321,321,321],"floor_reached":24,"playtime":1201,"items_purged":[],"score":268,"play_id":"69f0ae0c-7a38-44d0-a8fd-1be97e86743c","local_time":"20210106194316","is_ascension_mode":true,"campfire_choices":[{"data":"Neutralize","floor":10,"key":"SMITH"},{"data":"Bouncing Flask","floor":15,"key":"SMITH"}],"circlet_count":0,"master_deck":["Strike_G","Strike_G","Strike_G","Strike_G","Defend_G","Defend_G","Defend_G","Defend_G","Defend_G+1","Survivor","Neutralize+1","Poisoned Stab+1","Backstab","Blur","Bane","Backflip","Bouncing Flask+1","Adrenaline","Reflex","Choke+1","Noxious Fumes"],"relics":["Ring of the Snake","NeowsBlessing","Potion Belt","Eternal Feather","Nunchaku","Bottled Lightning","Sozu","MutagenicStrength"],"acts_visited":["Exordium","TheCity"],"potions_floor_usage":[16,20,22],"damage_taken":[{"damage":0,"enemies":"Small Slimes","floor":1,"turns":1},{"damage":0,"enemies":"Jaw Worm","floor":4,"turns":1},{"damage":0,"enemies":"3 Sentries","floor":6,"turns":1},{"damage":0,"enemies":"2 Louse","floor":7,"turns":3},{"damage":4,"enemies":"Lagavulin","floor":11,"turns":11},{"damage":10,"enemies":"Exordium Wildlife","floor":12,"turns":7},{"damage":0,"enemies":"3 Louse","floor":13,"turns":4},{"damage":0,"enemies":"Blue Slaver","floor":14,"turns":3},{"damage":10,"enemies":"Hexaghost","floor":16,"turns":9},{"damage":1,"enemies":"Shell Parasite","floor":18,"turns":4},{"damage":0,"enemies":"Chosen","floor":19,"turns":3},{"damage":6,"enemies":"Snake Plant","floor":22,"turns":3},{"damage":65,"enemies":"Gremlin Leader","floor":24,"turns":4}],"seed_played":"-616674442419822786","potions_obtained":[{"floor":6,"key":"SneckoOil"},{"floor":12,"key":"EntropicBrew"},{"floor":14,"key":"DuplicationPotion"},{"floor":16,"key":"LiquidMemories"}],"is_trial":false,"path_per_floor":["M","?","?","M","?","E","M","?","T","R","E","M","M","M","R","B",null,"M","M","?","?","M","?","E"],"character_chosen":"THE_SILENT","items_purchased":[],"campfire_rested":0,"item_purchase_floors":[],"current_hp_per_floor":[70,70,63,63,49,49,49,49,49,58,54,44,44,44,53,43,70,69,69,69,69,63,63,0,0],"gold":321,"neow_bonus":"THREE_ENEMY_KILL","is_daily":false,"chose_seed":false,"campfire_upgraded":2,"win_rate":0.0,"timestamp":1609958596,"path_taken":["M","?","?","M","?","E","?","?","T","R","E","M","M","M","R","BOSS","M","M","?","?","M","?","E"],"items_purchased_type":[],"build_version":"2020-12-22","purchased_purges":0,"victory":false,"max_hp_per_floor":[70,70,70,70,70,70,70,70,70,70,70,70,70,70,70,70,70,70,70,70,70,70,70,70,70],"card_choices":[{"not_picked":["Caltrops","Blade Dance"],"picked":"Poisoned Stab","floor":1},{"not_picked":["Outmaneuver","Sucker Punch"],"picked":"Backstab","floor":4},{"not_picked":["Crippling Poison","Distraction"],"picked":"Blur","floor":6},{"not_picked":["Caltrops","Masterful Stab","Slice"],"picked":"SKIP","floor":7},{"not_picked":["PiercingWail","Slice","Prepared"],"picked":"SKIP","floor":11},{"not_picked":["Cloak And Dagger","Slice"],"picked":"Bane","floor":12},{"not_picked":["Reflex","Dash"],"picked":"Backflip","floor":13},{"not_picked":["Flying Knee","Heel Hook"],"picked":"Bouncing Flask","floor":14},{"not_picked":["Bullet Time","Glass Knife"],"picked":"Adrenaline","floor":16},{"not_picked":["Quick Slash","Escape Plan"],"picked":"Reflex","floor":18},{"not_picked":["Slice","Dodge and Roll"],"picked":"Choke+1","floor":19},{"not_picked":["Choke+1","Poisoned Stab"],"picked":"Noxious Fumes","floor":22}],"player_experience":160639,"relics_obtained":[{"floor":6,"key":"Eternal Feather"},{"floor":9,"key":"Nunchaku"},{"floor":11,"key":"Bottled Lightning"}],"event_choices":[{"damage_healed":0,"gold_gain":0,"player_choice":"Ignored","damage_taken":0,"max_hp_gain":0,"max_hp_loss":0,"event_name":"Golden Idol","floor":2,"gold_loss":0},{"damage_healed":0,"gold_gain":0,"player_choice":"Success","damage_taken":7,"relics_obtained":["Potion Belt"],"max_hp_gain":0,"max_hp_loss":0,"event_name":"Scrap Ooze","floor":3,"gold_loss":0},{"damage_healed":0,"gold_gain":0,"player_choice":"Entered Light","damage_taken":14,"max_hp_gain":0,"max_hp_loss":0,"event_name":"Shining Light","floor":5,"gold_loss":0,"cards_upgraded":["Defend_G","Poisoned Stab"]},{"damage_healed":0,"gold_gain":0,"player_choice":"Left Gold","damage_taken":0,"max_hp_gain":0,"max_hp_loss":0,"event_name":"World of Goop","floor":8,"gold_loss":44},{"damage_healed":0,"gold_gain":0,"player_choice":"Ignored","damage_taken":0,"max_hp_gain":0,"max_hp_loss":0,"event_name":"Vampires","floor":20,"gold_loss":0},{"damage_healed":0,"gold_gain":0,"player_choice":"Inject Mutagens","damage_taken":0,"relics_obtained":["MutagenicStrength"],"max_hp_gain":0,"max_hp_loss":0,"event_name":"Drug Dealer","floor":21,"gold_loss":0},{"cards_removed":["Strike_G"],"damage_healed":0,"gold_gain":0,"player_choice":"Gave Gold","damage_taken":0,"max_hp_gain":0,"max_hp_loss":0,"event_name":"Beggar","floor":23,"gold_loss":75}],"is_beta":false,"boss_relics":[{"not_picked":["Coffee Dripper","Ectoplasm"],"picked":"Sozu"}],"items_purged_floors":[],"is_endless":false,"potions_floor_spawned":[6,12,14,16,18,19],"killed_by":"Gremlin Leader","ascension_level":3}}