{"host":"n900smz9wr3yo27a","time":1609942764,"event":{"mods":["Arknights The Spire","BaseMod","CapriCore","GungeonMod","Hermit","Koishi","Lobotomy","Marisa£¨Ùöéë¡¡Øª×âÞÞ£©","Minty Spire (QoL Compilation)","Prisma Mod","Replay The Spire","StSLib","Td1madao Mod","The Animator","The Bug Knight","The Cursed","The Dragon Tamer","The Gatherer","The Hierophant","The Immortal","The Jungle","The Necromancer","The Poker Player","The Runesmith","WarShipGirlsR/??á´Ò³R mod"],"gold_per_floor":[117,214,226,250,262,274,302,314,314],"floor_reached":8,"playtime":264,"items_purged":[],"score":71,"play_id":"30d6e44c-6bd4-41c9-9cca-30452ed42853","local_time":"20210106231924","daily_mods":["Draft","Specialized","Vintage","Heirloom","Time Dilation","Flight","DeadlyEvents","Elite Swarm"],"is_ascension_mode":false,"campfire_choices":[{"data":"HollowMod:BlackTendrils","floor":6,"key":"SMITH"}],"circlet_count":0,"master_deck":["HollowMod:RecoilStrike","HollowMod:RecoilStrike","HollowMod:RecoilStrike","HollowMod:RecoilStrike","HollowMod:DashSlash","HollowMod:DoubleDash","HollowMod:NewGlowingWomb+1","HollowMod:MothsMistake","HollowMod:DescendingDark","HollowMod:NewJinnsSoul","HollowMod:DoubleDash","HollowMod:CloakDash","HollowMod:BlackTendrils+1","HollowMod:MantisMark","HollowMod:HeavyBlow","HollowMod:InfectedAttack","HollowMod:FallenFury","HollowMod:TaintedHusks","HollowMod:AbyssShriek","HollowMod:VengefulVoid+1"],"relics":["HollowMod:VesselMask","replay:Trail_Library","Gambling Chip","MawBank","Lantern","DemoMod:GlassGuonStoneRelic","ReplayTheSpireMod:Lightbulb","DemoMod:PoisonVial"],"acts_visited":["Exordium"],"potions_floor_usage":[],"damage_taken":[{"damage":15,"enemies":"Small Slimes","floor":1,"turns":2},{"damage":3,"enemies":"Jaw Worm","floor":4,"turns":2},{"damage":3,"enemies":"Cultist","floor":7,"turns":2},{"damage":0,"enemies":"3 Sentries","floor":8,"turns":1}],"seed_played":"-1041326828160950400","potions_obtained":[{"floor":7,"key":"Venom Potion"}],"is_trial":true,"path_per_floor":["M","?","?","M","?","R","M","E"],"character_chosen":"THE_BUGKNIGHT","items_purchased":[],"campfire_rested":0,"item_purchase_floors":[],"current_hp_per_floor":[60,42,42,42,27,27,29,29,29],"gold":314,"neow_bonus":"","is_daily":false,"chose_seed":false,"campfire_upgraded":1,"win_rate":0.0,"timestamp":1609942764,"path_taken":["M","?","?","?","?","R","M","?"],"items_purchased_type":[],"build_version":"2020-12-22","purchased_purges":0,"victory":false,"max_hp_per_floor":[75,75,75,75,75,75,75,75,75],"card_choices":[{"not_picked":["HollowMod:SiblingsSouls","HollowMod:FastStrike"],"picked":"HollowMod:DashSlash","floor":0},{"not_picked":["HollowMod:SharpenedNail","HollowMod:SoulVessel"],"picked":"HollowMod:DoubleDash","floor":0},{"not_picked":["HollowMod:SoulShaman","HollowMod:CrystalDash"],"picked":"HollowMod:NewGlowingWomb","floor":0},{"not_picked":["HollowMod:DreamGate","HollowMod:SoulEater"],"picked":"HollowMod:MothsMistake","floor":0},{"not_picked":["HollowMod:MothsMistake","HollowMod:RecoilStrike"],"picked":"HollowMod:DescendingDark","floor":0},{"not_picked":["HollowMod:BaldurShell","HollowMod:DoubleDash"],"picked":"HollowMod:NewJinnsSoul","floor":0},{"not_picked":["HollowMod:SharpenedNail","HollowMod:BaldurShell"],"picked":"HollowMod:DoubleDash","floor":0},{"not_picked":["HollowMod:SharpenedNail","HollowMod:AbyssShriek"],"picked":"HollowMod:CloakDash","floor":0},{"not_picked":["HollowMod:InfectedCysts","HollowMod:DescendingDark"],"picked":"HollowMod:BlackTendrils","floor":0},{"not_picked":["HollowMod:TaintedHusks","HollowMod:LifebloodCocoon"],"picked":"HollowMod:MantisMark","floor":0},{"not_picked":["HollowMod:TaintedHusks","HollowMod:NewJinnsSoul"],"picked":"HollowMod:HeavyBlow","floor":0},{"not_picked":["HollowMod:SoulStrike","HollowMod:VengefulSpirit"],"picked":"HollowMod:InfectedAttack","floor":0},{"not_picked":["HollowMod:FastStrike","HollowMod:SoulStrike"],"picked":"HollowMod:FallenFury","floor":0},{"not_picked":["HollowMod:SharpenedNail","HollowMod:ChannelNail"],"picked":"HollowMod:TaintedHusks","floor":0},{"not_picked":["HollowMod:DoubleDash","HollowMod:SoulSplash"],"picked":"HollowMod:AbyssShriek","floor":0},{"not_picked":["HollowMod:CycloneSlash","HollowMod:PureNailStrike"],"picked":"HollowMod:VengefulVoid","floor":2}],"player_experience":806589,"relics_obtained":[{"floor":1,"key":"MawBank"},{"floor":2,"key":"Lantern"},{"floor":4,"key":"ReplayTheSpireMod:Lightbulb"},{"floor":7,"key":"DemoMod:PoisonVial"}],"event_choices":[{"cards_removed":["HollowMod:RecoilStrike"],"damage_healed":0,"gold_gain":0,"player_choice":"Purged","damage_taken":0,"max_hp_gain":0,"max_hp_loss":0,"event_name":"Purifier","floor":3,"gold_loss":0},{"damage_healed":0,"gold_gain":0,"player_choice":"Entered Light","damage_taken":15,"max_hp_gain":0,"max_hp_loss":0,"event_name":"Shining Light","floor":5,"gold_loss":0,"cards_upgraded":["HollowMod:VengefulVoid","HollowMod:NewGlowingWomb"]}],"is_beta":false,"boss_relics":[],"items_purged_floors":[],"is_endless":false,"potions_floor_spawned":[7],"killed_by":"3 Sentries","ascension_level":0}}