{"host":"f7rb14kzcw8hx1r1","time":1609973021,"event":{"mods":["BaseMod","Better Note","Better Third Choice","Colored Map","Highlight Path","Hubris","Minty Spire (QoL Compilation)","Replay The Spire","StSLib","The Forsaken"],"gold_per_floor":[111,211,224,241,251,251,72,72,118,133,133,148,164,181,181,278,278,292,652,662,366,366,366,366,366,393,393,418,246,276,291,291,396,396,412,496,508,508,508,508,535,535,581,431,431,441,454,80,80,80],"floor_reached":51,"playtime":2028,"items_purged":["Strike_B","Strike_B","Strike_B","Defend_B","Defend_B"],"score":755,"play_id":"e26c88b1-74d8-4c47-99f8-f4263b061be0","local_time":"20210106234341","is_ascension_mode":false,"campfire_choices":[{"data":"Zap","floor":6,"key":"SMITH"},{"data":"Dualcast","floor":8,"key":"SMITH"},{"data":"ReplayTheSpireMod:Calculation Training","floor":11,"key":"SMITH"},{"data":"ReplayTheSpireMod:Calculation Training","floor":15,"key":"SMITH"},{"data":"hubris:DoWhile","floor":23,"key":"SMITH"},{"data":"Defragment","floor":25,"key":"SMITH"},{"data":"Coolheaded","floor":27,"key":"SMITH"},{"floor":32,"key":"DIG"},{"data":"Mirror Shield","floor":40,"key":"SMITH"},{"data":"Coolheaded","floor":42,"key":"SMITH"},{"data":"BasicCrystalCard","floor":45,"key":"SMITH"},{"data":"White Noise","floor":49,"key":"SMITH"}],"circlet_count":0,"master_deck":["Strike_B+1","Defend_B","Defend_B+1","Zap+1","Dualcast+1","BasicCrystalCard+1","ReplayTheSpireMod:Calculation Training+1","Sweeping Beam","Capacitor","Conserve Battery","ReplayTheSpireMod:Calculation Training+1","Coolheaded+1","hubris:DoWhile+1","Defragment+1","Conserve Battery","Self Repair","Coolheaded+1","Mirror Shield+1","Ball Lightning","Cold Snap","White Noise+1"],"relics":["Cracked Core","Gambling Chip","Replay:Baseball","Inserter","Art of War","hubris:Towel","Anchor","Replay:Wax Seal","hubris:BundleOfHerbs","Iron Hammer","Philosopher\u0027s Stone","Centennial Puzzle","hubris:SlimyHat","Cables","Simple Rune","Cauldron"],"acts_visited":["Exordium","TheCity","TheBeyond"],"potions_floor_usage":[10,16,20,30,33,50,50],"damage_taken":[{"damage":1,"enemies":"2 Louse","floor":1,"turns":2},{"damage":0,"enemies":"Cultist","floor":3,"turns":3},{"damage":0,"enemies":"Small Slimes","floor":4,"turns":2},{"damage":1,"enemies":"2 Fungi Beasts","floor":5,"turns":3},{"damage":11,"enemies":"Exordium Thugs","floor":10,"turns":4},{"damage":0,"enemies":"Lots of Slimes","floor":12,"turns":3},{"damage":9,"enemies":"3 Louse","floor":13,"turns":3},{"damage":0,"enemies":"Exordium Wildlife","floor":14,"turns":3},{"damage":6,"enemies":"Slime Boss","floor":16,"turns":9},{"damage":5,"enemies":"Shell Parasite","floor":18,"turns":7},{"damage":6,"enemies":"Spheric Guardian","floor":20,"turns":6},{"damage":13,"enemies":"Slavers","floor":28,"turns":6},{"damage":9,"enemies":"Gremlin Leader","floor":30,"turns":9},{"damage":3,"enemies":"Snecko","floor":31,"turns":6},{"damage":6,"enemies":"Automaton","floor":33,"turns":11},{"damage":0,"enemies":"3 Darklings","floor":35,"turns":6},{"damage":2,"enemies":"Orb Walker","floor":37,"turns":3},{"damage":0,"enemies":"Giant Head","floor":41,"turns":9},{"damage":0,"enemies":"3 Darklings","floor":46,"turns":5},{"damage":0,"enemies":"4 Shapes","floor":47,"turns":6},{"damage":8,"enemies":"Donu and Deca","floor":50,"turns":9}],"seed_played":"705716000332529376","potions_obtained":[{"floor":4,"key":"Adrenaline Potion"},{"floor":5,"key":"Dexterity Potion"},{"floor":10,"key":"Block Potion"},{"floor":13,"key":"FocusPotion"},{"floor":28,"key":"Swift Potion"},{"floor":31,"key":"FairyPotion"},{"floor":33,"key":"Fire Potion"},{"floor":35,"key":"Weak Potion"},{"floor":36,"key":"CultistPotion"},{"floor":36,"key":"Venom Potion"},{"floor":41,"key":"Death Potion"},{"floor":48,"key":"Flashbang"}],"is_trial":false,"path_per_floor":["M","?","M","M","M","R","$","R","T","M","R","M","M","M","R","B",null,"M","?","M","$","?","R","?","R","T","R","E","$","E","M","R_BF","B",null,"M","?","M","?","?","R","E","R","T","$","R","M","M","$","R","B",null],"character_chosen":"DEFECT","items_purchased":["Capacitor","Conserve Battery","Art of War","Conserve Battery","Coolheaded","Cauldron","BlessingOfTheForge"],"campfire_rested":0,"item_purchase_floors":[7,7,21,21,29,48,48],"current_hp_per_floor":[53,53,53,53,52,52,52,52,52,41,41,41,32,32,32,26,75,70,34,28,28,28,28,28,28,28,28,15,15,13,17,17,63,75,75,57,62,62,62,62,72,72,72,72,72,75,75,75,75,75],"gold":80,"neow_bonus":"ONE_RARE_RELIC","is_daily":false,"chose_seed":false,"campfire_upgraded":11,"win_rate":0.0,"timestamp":1609973021,"path_taken":["M","?","?","M","M","R","$","R","T","M","R","M","M","?","R","BOSS","M","?","M","$","?","R","?","R","T","R","E","$","E","M","R_BF","BOSS","M","?","M","?","?","R","E","R","T","$","R","?","M","$","R","BOSS"],"items_purchased_type":["Card","Card","Relic","Card","Card","Relic","Potion"],"build_version":"2020-12-22","purchased_purges":5,"victory":true,"max_hp_per_floor":[75,75,75,75,75,75,75,75,75,75,75,75,75,75,75,75,75,75,75,75,75,75,75,75,75,75,75,75,75,75,75,75,75,75,75,75,75,75,75,75,75,75,75,75,75,75,75,75,75,75],"card_choices":[{"not_picked":["Lockon","Gash"],"picked":"BasicCrystalCard","floor":1},{"not_picked":["Barrage","ReplayTheSpireMod:System Scan"],"picked":"ReplayTheSpireMod:Calculation Training","floor":3},{"not_picked":["Storm","Doom and Gloom"],"picked":"Sweeping Beam","floor":4},{"not_picked":["Rebound","Darkness","Beam Cell"],"picked":"SKIP","floor":5},{"not_picked":["Force Field","Turbo","Beam Cell"],"picked":"SKIP","floor":10},{"not_picked":["Darkness","Stack","Steam"],"picked":"SKIP","floor":12},{"not_picked":["Biased Cognition","Gash"],"picked":"ReplayTheSpireMod:Calculation Training","floor":13},{"not_picked":["Skim","Crystallizer"],"picked":"Coolheaded","floor":14},{"not_picked":["Amplify","hubris:Prefetch"],"picked":"hubris:DoWhile","floor":16},{"not_picked":["Go for the Eyes","Gash","ReplayTheSpireMod:System Scan"],"picked":"SKIP","floor":18},{"not_picked":["Recycle","Sweeping Beam"],"picked":"Defragment","floor":20},{"not_picked":["Thunder Strike","Panic Button"],"picked":"Self Repair","floor":28},{"not_picked":["Rainbow","Steam Power","Doom and Gloom+1"],"picked":"SKIP","floor":30},{"not_picked":["Redo+1","Stack","Rip and Tear"],"picked":"SKIP","floor":31},{"not_picked":["Reboot","Creative AI"],"picked":"Mirror Shield","floor":33},{"not_picked":["Turbo+1","hubris:PowerSurge","Sweeping Beam+1"],"picked":"SKIP","floor":35},{"not_picked":["Heatsinks","Go for the Eyes+1"],"picked":"Ball Lightning","floor":36},{"not_picked":["Leap","Self Repair"],"picked":"Cold Snap","floor":37},{"not_picked":["hubris:PowerSurge","Panic Button"],"picked":"White Noise","floor":41},{"not_picked":["Panic Button","Cold Snap","Coolheaded"],"picked":"SKIP","floor":46},{"not_picked":["Panic Button+1","Streamline+1","Turbo+1"],"picked":"SKIP","floor":47}],"player_experience":907668,"relics_obtained":[{"floor":9,"key":"Replay:Baseball"},{"floor":26,"key":"Anchor"},{"floor":28,"key":"Replay:Wax Seal"},{"floor":30,"key":"hubris:BundleOfHerbs"},{"floor":32,"key":"Iron Hammer"},{"floor":36,"key":"Centennial Puzzle"},{"floor":41,"key":"Cables"},{"floor":43,"key":"Simple Rune"}],"event_choices":[{"damage_healed":0,"gold_gain":100,"player_choice":"Pray","damage_taken":0,"max_hp_gain":0,"max_hp_loss":0,"event_name":"Golden Shrine","floor":2,"gold_loss":0},{"damage_healed":0,"gold_gain":360,"player_choice":"GOLD GOLD GOLD GOLD ","damage_taken":36,"max_hp_gain":0,"max_hp_loss":0,"event_name":"Knowing Skull","floor":19,"potions_obtained":[],"gold_loss":0,"cards_obtained":[]},{"cards_removed":["hubris:DoWhile"],"damage_healed":0,"gold_gain":0,"player_choice":"Take \u0026 Give","damage_taken":0,"max_hp_gain":0,"max_hp_loss":0,"event_name":"betterNote:BetterNote","floor":22,"gold_loss":0,"cards_obtained":["ReplayTheSpireMod:From All Sides"]},{"damage_healed":0,"gold_gain":0,"player_choice":"Ignored","damage_taken":0,"max_hp_gain":0,"max_hp_loss":0,"event_name":"Tomb of Lord Red Mask","floor":38,"gold_loss":0},{"cards_removed":["ReplayTheSpireMod:From All Sides"],"damage_healed":0,"gold_gain":0,"player_choice":"Gave Card","damage_taken":0,"relics_obtained":["hubris:SlimyHat"],"max_hp_gain":0,"max_hp_loss":0,"event_name":"WeMeetAgain","floor":39,"gold_loss":0}],"is_beta":false,"boss_relics":[{"not_picked":["Replay:Drink Me","ChewingGum"],"picked":"Inserter"},{"not_picked":["Replay:Grab Bag","Snecko Heart"],"picked":"Philosopher\u0027s Stone"}],"items_purged_floors":[7,21,29,44,48],"is_endless":false,"potions_floor_spawned":[4,5,10,13,14,28,31,33,35,41,46],"ascension_level":0}}