{"host":"ds1yr10zonoc6w4a","time":1609916675,"event":{"mods":["BaseMod","Better Match","Better Third Choice","BetterRewards","Minty Spire (QoL Compilation)","StSLib","The Animator"],"gold_per_floor":[113,125,137,159,169,215,215,227,227,61,88,120,135,146,146,225,225,264,179,197,122,47,47,47],"floor_reached":23,"playtime":3515,"items_purged":["animator:Strike"],"score":568,"play_id":"40f1a054-8919-4b17-ab11-816c97a9a4e9","local_time":"20210106000435","is_ascension_mode":true,"campfire_choices":[{"data":"animator:IrohaTamaki","floor":7,"key":"SMITH"},{"data":"animator:Kaijin","floor":15,"key":"SMITH"}],"circlet_count":0,"master_deck":["AscendersBane","animator:Strike_MadokaMagica","animator:Defend_MadokaMagica","animator:Strike+1","animator:Defend","animator:Defend","animator:Defend","animator:IrohaTamaki+1","animator:YuiTsuruno","animator:Patchouli","animator:Arpeggio","animator:KyokoSakura","animator:Boros","animator:Kaijin+1","animator:OrikoMikuni","animator:HomuraAkemi","animator:MadokaKaname","animator:Evileye","animator:Geryuganshoop","animator:Kyubey","animator:MamiTomoe","animator:SayakaMiki"],"relics":["animator:LivingPicture","animator:TheMissingPiece","Girya","Mercury Hourglass","animator:Hoodie","animator:HolyGrailRelic","Shuriken"],"acts_visited":["Exordium","TheCity"],"potions_floor_usage":[5,6,12,16,16,20],"damage_taken":[{"damage":2,"enemies":"Cultist","floor":1,"turns":3},{"damage":9,"enemies":"Jaw Worm","floor":2,"turns":4},{"damage":7,"enemies":"Small Slimes","floor":3,"turns":3},{"damage":16,"enemies":"3 Louse","floor":4,"turns":6},{"damage":10,"enemies":"Exordium Wildlife","floor":5,"turns":4},{"damage":16,"enemies":"Gremlin Nob","floor":6,"turns":4},{"damage":19,"enemies":"Large Slime","floor":8,"turns":6},{"damage":13,"enemies":"Exordium Thugs","floor":11,"turns":4},{"damage":16,"enemies":"Lagavulin","floor":12,"turns":8},{"damage":3,"enemies":"Blue Slaver","floor":13,"turns":4},{"damage":0,"enemies":"3 Louse","floor":14,"turns":3},{"damage":33,"enemies":"Slime Boss","floor":16,"turns":7},{"damage":29,"enemies":"Shell Parasite","floor":18,"turns":5},{"damage":34,"enemies":"2 Thieves","floor":20,"turns":6},{"damage":40,"enemies":"Gremlin Leader","floor":23,"turns":5}],"seed_played":"-4776257220391161006","potions_obtained":[{"floor":4,"key":"Regen Potion"},{"floor":5,"key":"Energy Potion"},{"floor":6,"key":"FairyPotion"},{"floor":11,"key":"Regen Potion"},{"floor":13,"key":"Weak Potion"},{"floor":14,"key":"Ancient Potion"},{"floor":18,"key":"SkillPotion"}],"is_trial":false,"path_per_floor":["M","M","M","M","M","E","R","M","T","$","M","E","M","M","R","B",null,"M","?","M","$","?","E"],"character_chosen":"THE_ANIMATOR","items_purchased":["animator:Patchouli","animator:Arpeggio","animator:HomuraAkemi"],"campfire_rested":0,"item_purchase_floors":[0,0,10],"current_hp_per_floor":[52,43,36,20,19,6,6,16,16,16,8,25,25,28,28,8,59,38,38,23,23,23,0,0],"gold":47,"neow_bonus":"","is_daily":false,"chose_seed":false,"campfire_upgraded":2,"win_rate":0.0,"timestamp":1609916675,"path_taken":["M","?","M","M","M","E","R","M","T","$","M","E","M","M","R","BOSS","M","?","M","$","?","E"],"items_purchased_type":["Card","Card","Card"],"build_version":"2020-12-22","purchased_purges":1,"victory":false,"max_hp_per_floor":[60,60,60,60,60,60,60,61,61,61,61,61,61,64,64,65,73,75,75,79,79,79,79,79],"card_choices":[{"not_picked":["animator:Chung","animator:IzunaHatsuse","animator:Shion"],"picked":"SKIP","floor":1},{"not_picked":["animator:Chung","animator:Lu","animator:LeleiLaLalena"],"picked":"SKIP","floor":2},{"not_picked":["animator:Genos","animator:Ciel","animator:Shion"],"picked":"SKIP","floor":3},{"not_picked":["animator:YuiTsuruno","animator:IrohaTamaki"],"picked":"animator:KyokoSakura","floor":4},{"not_picked":["animator:Emonzaemon","animator:PandorasActor"],"picked":"animator:Boros","floor":5},{"not_picked":["animator:Genos","animator:Hitei"],"picked":"animator:Kaijin","floor":6},{"not_picked":["animator:MetalKnight","animator:UneriGinkaku"],"picked":"animator:OrikoMikuni","floor":8},{"not_picked":["animator:OrikoMikuni","animator:MamiTomoe"],"picked":"animator:MadokaKaname","floor":11},{"not_picked":["animator:TsurugaMeisai","animator:Jibril","animator:Azekura"],"picked":"SKIP","floor":12},{"not_picked":["animator:Vesta","animator:Rena"],"picked":"animator:Evileye","floor":13},{"not_picked":["animator:Bozes","animator:Togame"],"picked":"animator:Geryuganshoop","floor":14},{"not_picked":["animator:Albedo","animator:Shizu"],"picked":"animator:Kyubey","floor":16},{"not_picked":["animator:KyokoSakura","animator:IrohaTamaki"],"picked":"animator:MamiTomoe","floor":18},{"not_picked":["animator:YaoHaDucy","animator:Genos"],"picked":"animator:SayakaMiki","floor":20}],"player_experience":653903,"relics_obtained":[{"floor":6,"key":"Girya"},{"floor":9,"key":"Mercury Hourglass"},{"floor":12,"key":"animator:Hoodie"}],"event_choices":[{"damage_healed":0,"gold_gain":0,"player_choice":"Obtained Relic","damage_taken":0,"relics_obtained":["Shuriken"],"max_hp_gain":0,"max_hp_loss":0,"event_name":"Addict","floor":19,"gold_loss":85},{"cards_removed":["animator:Strike"],"damage_healed":0,"gold_gain":0,"player_choice":"Gave Gold","damage_taken":0,"max_hp_gain":0,"max_hp_loss":0,"event_name":"Beggar","floor":22,"gold_loss":75}],"is_beta":false,"boss_relics":[{"not_picked":["Sozu","Philosopher\u0027s Stone"],"picked":"animator:HolyGrailRelic"}],"items_purged_floors":[21],"is_endless":false,"potions_floor_spawned":[4,5,6,11,13,14,18],"killed_by":"Gremlin Leader","ascension_level":17}}