{"host":"Luther","time":1609929458,"event":{"mods":["Ascension Reborn","BaseMod","Better-Laid Plans","Challenge The Spire","Dota2Spire","Minty Spire (QoL Compilation)","Quick Restart","Relic Stats","Replay The Spire","Spicy Shops","StSLib","[IsaacMod]ÒÔÈö¼âËþ","¡¾ÒÅÎï¿¨ÅÆ¡¿REMEMod"],"gold_per_floor":[110,129,129,147,157,182,182,215,240,38,53,82,98,98,98,98,98,196,196,209,19,19,19,19,38,57,91,91,126,126,126,139,139,173,173,173,268,318,335,346,31,44,0,34,46,157,204,230,243,253,288,288,288,288,288],"floor_reached":54,"playtime":4384,"items_purged":[],"score":1081,"play_id":"8963751f-8f7d-4bcd-b123-e8dce40da381","local_time":"20210106183738","is_ascension_mode":true,"campfire_choices":[{"floor":7,"key":"REST"},{"data":"ReplayTheSpireMod:Muscle Training","floor":17,"key":"SMITH"},{"data":"Feed","floor":28,"key":"SMITH"},{"data":"Feed","floor":33,"key":"SMITH"},{"data":"REME_WheelOfFate","floor":53,"key":"SMITH"}],"circlet_count":0,"master_deck":["Strike_R","Strike_R","Strike_R","Strike_R","Strike_R","Defend_R","Defend_R","Defend_R","Defend_R+1","Bash","Feed+1","Perfected Strike","Headbutt","ReplayTheSpireMod:Corrosion Curse","Bloodletting","Pommel Strike","ReplayTheSpireMod:Muscle Training+1","ReplayTheSpireMod:Muscle Training","Feed+1","Perfected Strike","Flex","Immolate","ReplayTheSpireMod:Strike From Hell","Headbutt","Perfected Strike+1","RitualDagger","Hemogenesis+1","Life Link","REME_WheelOfFate+1","Mayhem","Burning Pact+1","Perfected Strike+1","Perfected Strike","REME_ACTH","Amnesia"],"relics":["Burning Blood","REME_ComplimentaryCards","HushsDoor","DeathBook","ReplayTheSpireMod:TigerMarble","Blue Doll","TuHaoJin","Membership Card","Replay:Kaleidoscope","Electric Blood","GuppysHead","GuppysPaw","GuppysCollar","PreservedInsect","Dota2Spire:Vanguard","Bag of Marbles","Nunchaku","Singing Bowl","Dota2Spire:PowerTreads","Dota2Spire:LotusOrb","Dota2Spire:EchoSabre","Tiny House","Replay:Baseball","King of Hearts","ReplayTheSpireMod:ShopPack","NineVolt","Red Mask","Dota2Spire:MagicBottle","Happy Flower","Paper Frog","ReplayTheSpireMod:Spearhead","Prayer Wheel","Lizard Tail","Lantern","Ring of Searing","Ring of Misfortune","BookOfRevelations"],"acts_visited":["Exordium","TheCity","TheBeyond"],"potions_floor_usage":[4,18,18,25,27,54,54,54],"damage_taken":[{"damage":0,"enemies":"2 Louse","floor":1,"turns":4},{"damage":0,"enemies":"Cultist","floor":2,"turns":1},{"damage":11,"enemies":"Jaw Worm","floor":4,"turns":2},{"damage":19,"enemies":"Blue Slaver","floor":5,"turns":3},{"damage":37,"enemies":"Replay:BlueRogue","floor":6,"turns":5},{"damage":28,"enemies":"Gremlin Nob","floor":8,"turns":4},{"damage":7,"enemies":"3 Louse","floor":11,"turns":2},{"damage":0,"enemies":"3 Sentries","floor":12,"turns":1},{"damage":1,"enemies":"Gremlin Gang","floor":13,"turns":2},{"damage":60,"enemies":"Fading Forest","floor":18,"turns":11},{"damage":4,"enemies":"3 Byrds","floor":20,"turns":2},{"damage":0,"enemies":"Chosen","floor":25,"turns":1},{"damage":1,"enemies":"3 Cultists","floor":26,"turns":2},{"damage":15,"enemies":"Replay:Snechameleon","floor":27,"turns":3},{"damage":0,"enemies":"REME_1_Revenger","floor":29,"turns":1},{"damage":1,"enemies":"Centurion and Healer","floor":32,"turns":2},{"damage":3,"enemies":"Slavers","floor":34,"turns":1},{"damage":10,"enemies":"Collector","floor":37,"turns":3},{"damage":5,"enemies":"3 Shapes","floor":39,"turns":1},{"damage":2,"enemies":"Orb Walker","floor":40,"turns":2},{"damage":9,"enemies":"Jaw Worm Horde","floor":42,"turns":1},{"damage":6,"enemies":"R_Hoarder","floor":44,"turns":3},{"damage":25,"enemies":"Transient","floor":45,"turns":5},{"damage":9,"enemies":"Reptomancer","floor":46,"turns":2},{"damage":6,"enemies":"R_Hoarder","floor":48,"turns":2},{"damage":12,"enemies":"Sphere and 2 Shapes","floor":49,"turns":1},{"damage":3,"enemies":"Writhing Mass","floor":50,"turns":2},{"damage":8,"enemies":"Reptomancer","floor":51,"turns":2},{"damage":224,"enemies":"Delirium","floor":54,"turns":15}],"seed_played":"-7232473100940858875","potions_obtained":[{"floor":4,"key":"Fruit Juice"},{"floor":6,"key":"DuplicationPotion"},{"floor":8,"key":"Strength Potion"},{"floor":12,"key":"SpeedPotion"},{"floor":20,"key":"Block Potion"},{"floor":27,"key":"Swift Potion"},{"floor":36,"key":"Strength Potion"},{"floor":36,"key":"BlessingOfTheForge"},{"floor":48,"key":"SteroidPotion"}],"is_trial":false,"path_per_floor":["M","M","$","M","M","E","R","E","T","$","M","E","M","PTL","PTL","?","R","B",null,"M","$","?","PTL","PTL","M","M","E","R","E","T","?","M","R","E","?","R","B",null,"M","M","$","M","?","E","M","E","T","E","M","M","E","?","R","B"],"character_chosen":"IRONCLAD","items_purchased":["Membership Card","ReplayTheSpireMod:Muscle Training","Feed","GuppysHead","GuppysPaw","GuppysCollar","PreservedInsect","Dota2Spire:Vanguard","Bag of Marbles","Replay:Baseball","King of Hearts","ReplayTheSpireMod:ShopPack","NineVolt","Bomb","Life Link"],"campfire_rested":1,"item_purchase_floors":[10,10,10,19,19,19,21,21,21,41,41,41,41,41,41],"current_hp_per_floor":[91,91,91,91,78,47,75,53,53,53,63,72,77,77,77,77,77,23,72,72,72,57,57,57,66,74,67,67,75,75,69,76,76,85,85,85,81,94,99,101,103,102,102,102,109,108,108,110,106,111,121,121,121,0,0],"gold":288,"neow_bonus":"TEN_PERCENT_HP_BONUS","is_daily":false,"chose_seed":false,"campfire_upgraded":4,"win_rate":0.0,"timestamp":1609929458,"path_taken":["M","M","$","M","M","E","R","E","T","$","M","E","M","PTL","PTL","?","R","BOSS","M","$","?","PTL","PTL","M","M","E","R","E","T","?","M","R","E","?","R","BOSS","M","M","$","M","?","E","M","E","T","E","M","?","E","?","R","BOSS"],"items_purchased_type":["Relic","Card","Card","Relic","Relic","Relic","Relic","Relic","Relic","Relic","Relic","Relic","Relic","Card","Card"],"build_version":"2020-12-18","purchased_purges":0,"victory":false,"max_hp_per_floor":[91,91,91,96,96,96,96,96,96,96,102,105,105,105,105,105,105,105,72,72,72,72,72,72,72,75,77,77,79,79,79,81,81,87,87,87,87,94,99,101,103,105,105,105,109,111,111,113,115,117,121,121,121,121,121],"relic_stats":{"Nunchaku":[17],"Lizard Tail":60,"Singing Bowl":28,"Happy Flower":[8],"counters":[29,86],"Prayer Wheel":2,"PreservedInsect":381,"obtain_stats":[{"Dota2Spire:EchoSabre":34,"Dota2Spire:PowerTreads":29,"Lantern":51,"Tiny House":38,"Singing Bowl":27,"NineVolt":41,"GuppysPaw":19,"Blue Doll":8,"Dota2Spire:Vanguard":21,"King of Hearts":41,"Burning Blood":0,"Dota2Spire:LotusOrb":30,"Ring of Searing":52,"Dota2Spire:MagicBottle":44,"DeathBook":0,"Nunchaku":22,"Lizard Tail":48,"Prayer Wheel":48,"TuHaoJin":9,"Red Mask":43,"Electric Blood":19,"Paper Frog":46,"KeepersGift":0,"Happy Flower":45,"BookOfRevelations":54,"PreservedInsect":21,"Replay:Kaleidoscope":12,"Replay:Baseball":41,"ReplayTheSpireMod:Spearhead":47,"Ring of Misfortune":52,"ReplayTheSpireMod:TigerMarble":6,"Bag of Marbles":21,"Membership Card":10,"GuppysHead":19,"HushsDoor":0,"GuppysCollar":19,"REME_ComplimentaryCards":0,"ReplayTheSpireMod:ShopPack":41},{"Dota2Spire:EchoSabre":17,"Dota2Spire:PowerTreads":15,"Lantern":28,"Tiny House":18,"Singing Bowl":14,"NineVolt":20,"GuppysPaw":10,"Blue Doll":6,"Dota2Spire:Vanguard":11,"King of Hearts":20,"Burning Blood":0,"Dota2Spire:LotusOrb":15,"Ring of Searing":28,"Dota2Spire:MagicBottle":22,"DeathBook":0,"Nunchaku":11,"Lizard Tail":25,"Prayer Wheel":25,"TuHaoJin":6,"Red Mask":21,"Electric Blood":10,"Paper Frog":24,"KeepersGift":0,"Happy Flower":23,"BookOfRevelations":29,"PreservedInsect":11,"Replay:Kaleidoscope":8,"Replay:Baseball":20,"ReplayTheSpireMod:Spearhead":24,"Ring of Misfortune":28,"ReplayTheSpireMod:TigerMarble":5,"Bag of Marbles":11,"Membership Card":6,"GuppysHead":10,"HushsDoor":0,"GuppysCollar":10,"REME_ComplimentaryCards":0,"ReplayTheSpireMod:ShopPack":20},{"Dota2Spire:EchoSabre":47,"Dota2Spire:PowerTreads":44,"Lantern":71,"Tiny House":50,"Singing Bowl":43,"NineVolt":53,"GuppysPaw":35,"Blue Doll":19,"Dota2Spire:Vanguard":37,"King of Hearts":53,"Burning Blood":0,"Dota2Spire:LotusOrb":44,"Ring of Searing":71,"Dota2Spire:MagicBottle":57,"DeathBook":0,"Nunchaku":37,"Lizard Tail":66,"Prayer Wheel":65,"TuHaoJin":19,"Red Mask":54,"Electric Blood":35,"Paper Frog":64,"KeepersGift":0,"Happy Flower":61,"BookOfRevelations":74,"PreservedInsect":37,"Replay:Kaleidoscope":22,"Replay:Baseball":53,"ReplayTheSpireMod:Spearhead":64,"Ring of Misfortune":71,"ReplayTheSpireMod:TigerMarble":15,"Bag of Marbles":37,"Membership Card":19,"GuppysHead":35,"HushsDoor":0,"GuppysCollar":35,"REME_ComplimentaryCards":0,"ReplayTheSpireMod:ShopPack":53}],"Burning Blood":145},"card_choices":[{"not_picked":[],"picked":"Bomb","floor":0},{"not_picked":["Metallicize","Whirlwind"],"picked":"Perfected Strike","floor":1},{"not_picked":["Warcry","Clash"],"picked":"Headbutt","floor":2},{"not_picked":["Metallicize","Warcry"],"picked":"ReplayTheSpireMod:Corrosion Curse","floor":4},{"not_picked":["Juggernaut","Iron Wave"],"picked":"Bloodletting","floor":5},{"not_picked":["Clash","Reckless Charge","Whirlwind"],"picked":"SKIP","floor":6},{"not_picked":["Rupture","Havoc"],"picked":"Pommel Strike","floor":8},{"not_picked":["Flex","Entrench"],"picked":"Perfected Strike","floor":11},{"not_picked":["Clash","Wild Strike","Heavy Blade"],"picked":"SKIP","floor":12},{"not_picked":["True Grit","Shrug It Off"],"picked":"Flex","floor":13},{"not_picked":["Fiend Fire","Barricade"],"picked":"Immolate","floor":18},{"not_picked":["Combust","True Grit"],"picked":"ReplayTheSpireMod:Strike From Hell","floor":20},{"not_picked":["Clash","Dark Embrace"],"picked":"Headbutt","floor":25},{"not_picked":["Inflame","Rage"],"picked":"Perfected Strike+1","floor":26},{"not_picked":["Intimidate","Pummel","Clothesline+1"],"picked":"Singing Bowl","floor":27},{"not_picked":["Twin Strike+1","Body Slam+1","Hemokinesis"],"picked":"Singing Bowl","floor":29},{"not_picked":["Cleave","Ghostly Armor","Shrug It Off+1"],"picked":"Singing Bowl","floor":32},{"not_picked":["REME_Cut","Sword Boomerang","Shrug It Off"],"picked":"Singing Bowl","floor":34},{"not_picked":["Offering","Exhume"],"picked":"Hemogenesis","floor":37},{"not_picked":["Heavy Blade","Pommel Strike","Body Slam"],"picked":"Singing Bowl","floor":38},{"not_picked":["Clothesline+1","Bloodletting+1","Sever Soul+1"],"picked":"Singing Bowl","floor":39},{"not_picked":["Anger","Clothesline","Flex+1"],"picked":"Singing Bowl","floor":40},{"not_picked":["ReplayTheSpireMod:Brewmster","Panache"],"picked":"REME_WheelOfFate","floor":41},{"not_picked":["ReplayTheSpireMod:Brewmster","Forethought"],"picked":"Mayhem","floor":41},{"not_picked":["Discovery","Replay:Sssssssssshield","REME_FirmDetermination"],"picked":"Singing Bowl","floor":41},{"not_picked":["ReplayTheSpireMod:Corrosion Curse","Evolve+1","Barricade"],"picked":"Singing Bowl","floor":42},{"not_picked":["Wild Strike","ReplayTheSpireMod:Limb From Limb"],"picked":"Burning Pact+1","floor":44},{"not_picked":["Cleave+1","Anger","Run Through+1"],"picked":"Singing Bowl","floor":45},{"not_picked":["Demon Form","Bloodletting+1","Whirlwind"],"picked":"Singing Bowl","floor":46},{"not_picked":["Sword Boomerang","Rampage","REME_FearOfPain+1"],"picked":"Singing Bowl","floor":48},{"not_picked":["Cleave+1","Combust+1","Reckless Charge"],"picked":"Singing Bowl","floor":49},{"not_picked":["Spot Weakness+1","Shrug It Off"],"picked":"Perfected Strike+1","floor":49},{"not_picked":["Abandon","Life Link","Clash"],"picked":"Singing Bowl","floor":50},{"not_picked":["Rupture+1","Warcry"],"picked":"Perfected Strike","floor":50},{"not_picked":["Reckless Charge+1","Pummel"],"picked":"REME_ACTH","floor":51}],"player_experience":20006,"relics_obtained":[{"floor":6,"key":"ReplayTheSpireMod:TigerMarble"},{"floor":8,"key":"Blue Doll"},{"floor":9,"key":"TuHaoJin"},{"floor":12,"key":"Replay:Kaleidoscope"},{"floor":27,"key":"Singing Bowl"},{"floor":29,"key":"Dota2Spire:PowerTreads"},{"floor":30,"key":"Dota2Spire:LotusOrb"},{"floor":34,"key":"Dota2Spire:EchoSabre"},{"floor":44,"key":"Dota2Spire:MagicBottle"},{"floor":46,"key":"Paper Frog"},{"floor":47,"key":"ReplayTheSpireMod:Spearhead"},{"floor":48,"key":"Lizard Tail"},{"floor":51,"key":"Lantern"},{"floor":52,"key":"Ring of Searing"},{"floor":52,"key":"Ring of Misfortune"}],"event_choices":[{"damage_healed":0,"gold_gain":0,"player_choice":"Joined the Cult","damage_taken":6,"max_hp_gain":0,"max_hp_loss":0,"event_name":"Nest","floor":31,"gold_loss":0,"cards_obtained":["RitualDagger"]},{"damage_healed":0,"gold_gain":0,"player_choice":"Paid","damage_taken":0,"relics_obtained":["Red Mask"],"max_hp_gain":0,"max_hp_loss":0,"event_name":"Tomb of Lord Red Mask","floor":43,"gold_loss":44}],"is_beta":true,"boss_relics":[{"not_picked":["REME_DuelDisc","Dota2Spire:Bloodstone"],"picked":"Electric Blood"},{"not_picked":[]},{"not_picked":["Calling Bell","Busted Crown"],"picked":"Tiny House"},{"not_picked":[]}],"items_purged_floors":[],"is_endless":false,"potions_floor_spawned":[4,6,8,12,20,27,39,40,48,49,50],"killed_by":"Delirium","ascension_level":1}}