{"host":"nlbr7nnijupf3yfg","time":1609907101,"event":{"mods":["AchievementEnabler","BaseMod","Colored Powertips","DeckTracker","Downfall","Hubris","Marisa????????","Minty Spire (QoL Compilation)","Replay The Spire","StSLib","SuperFastMode"],"gold_per_floor":[110,110,130,144,164,191,203,203,230,104,114,128,128,128,128,263,263,290,319,70,70,102,146,146,46,72,72,104,203,221,233,233,333,333,378,67,67,101,144,144,161,174,174,208,208,208,208,224,224,224,224],"floor_reached":50,"playtime":1255,"items_purged":["Strike_MRS","Strike_MRS","Defend_MRS","Languid"],"score":695,"play_id":"8a096107-9030-43fc-962f-cf093243af1f","local_time":"20210105232501","is_ascension_mode":false,"campfire_choices":[{"floor":8,"key":"REST"},{"floor":13,"key":"REST"},{"floor":15,"key":"REST"},{"floor":24,"key":"REST"},{"floor":32,"key":"REST"},{"floor":40,"key":"REST"},{"floor":47,"key":"REST"},{"floor":49,"key":"REST"}],"circlet_count":0,"master_deck":["Strike_MRS+1","Strike_MRS+1","Defend_MRS","Defend_MRS","MasterSpark","UpSweep","GalacticHalo","BlazingStar","PropBag","DC","NonDirectionalLaser","IllusionStar","LuminesStrike","AlicesGift+1","GrandCross","WitchOfGreed","Robbery","MasterSpark","MilkyWay","BlazeAway","SporeBomb","hubris:DuctTapeCard","AsteroidBelt","WitchOfGreed","MysteriousBeam","EscapeVelocity","MysteriousBeam","expansioncontent:StudyTheSpire","AsteroidBelt","AsteroidBelt","LuminesStrike+1","GalacticHalo+1","WitchOfGreed","hubris:DuctTapeCard","SprinkleStarSeal+1"],"relics":["MiniHakkero","NeowsBlessing","Dream Catcher","Pen Nib","Busted Crown","hubris:DuctTape","Whetstone","Vajra","Replay:Bronze Core","BargainBundle","Bag of Marbles","StoneCalendar","ReplayTheSpireMod:CursedCoin","Letter Opener"],"acts_visited":["Exordium","TheCity","TheBeyond"],"potions_floor_usage":[4,19,19,31,33,42,44,50],"damage_taken":[{"damage":0,"enemies":"Jaw Worm","floor":1,"turns":1},{"damage":0,"enemies":"Cultist","floor":3,"turns":1},{"damage":0,"enemies":"2 Louse","floor":4,"turns":1},{"damage":34,"enemies":"Exordium Thugs","floor":5,"turns":6},{"damage":12,"enemies":"Gremlin Nob","floor":6,"turns":3},{"damage":15,"enemies":"2 Fungi Beasts","floor":7,"turns":3},{"damage":15,"enemies":"Red Slaver","floor":11,"turns":2},{"damage":12,"enemies":"Blue Slaver","floor":12,"turns":2},{"damage":2,"enemies":"Slime Boss","floor":16,"turns":7},{"damage":9,"enemies":"Shell Parasite","floor":18,"turns":4},{"damage":13,"enemies":"3 Byrds","floor":19,"turns":4},{"damage":13,"enemies":"Snecko","floor":22,"turns":4},{"damage":39,"enemies":"Book of Stabbing","floor":23,"turns":5},{"damage":10,"enemies":"Cultist and Chosen","floor":28,"turns":3},{"damage":4,"enemies":"Centurion and Healer","floor":30,"turns":3},{"damage":1,"enemies":"Sentry and Sphere","floor":31,"turns":3},{"damage":61,"enemies":"Pondfish","floor":33,"turns":11},{"damage":15,"enemies":"3 Shapes","floor":35,"turns":3},{"damage":11,"enemies":"3 Darklings","floor":38,"turns":5},{"damage":38,"enemies":"4 Shapes","floor":39,"turns":5},{"damage":24,"enemies":"Writhing Mass","floor":41,"turns":3},{"damage":8,"enemies":"3 Darklings","floor":42,"turns":3},{"damage":19,"enemies":"Jaw Worm Horde","floor":44,"turns":4},{"damage":8,"enemies":"Spire Growth","floor":48,"turns":3},{"damage":73,"enemies":"Awakened One","floor":50,"turns":6}],"seed_played":"7338573017021229665","potions_obtained":[{"floor":4,"key":"Fruit Juice"},{"floor":5,"key":"SpeedPotion"},{"floor":7,"key":"ColorlessPotion"},{"floor":16,"key":"Reflective Coating"},{"floor":19,"key":"Milkshake"},{"floor":21,"key":"sneckomod:MuddlingPotion"},{"floor":31,"key":"Regen Potion"},{"floor":35,"key":"Swift Potion"},{"floor":39,"key":"ColorlessPotion"},{"floor":41,"key":"FairyPotion"},{"floor":44,"key":"Death Potion"},{"floor":44,"key":"ShroomBrew"}],"is_trial":false,"path_per_floor":["M","?","M","M","M","E","M","R","T","$","M","M","R","?","R","B",null,"M","M","$","?","M","E","R","$","T","$","M","?","M","M","R","B",null,"M","$","?","M","M","R","M","M","T","M","?","$","R","M","R","B"],"character_chosen":"MARISA","items_purchased":["AlicesGift+1","hubris:DuctTape","BargainBundle","expansioncontent:StudyTheSpire","AsteroidBelt","ReplayTheSpireMod:CursedCoin"],"campfire_rested":8,"item_purchase_floors":[10,20,36,36,36,46],"current_hp_per_floor":[75,75,75,80,46,34,19,43,43,43,28,16,40,40,64,62,80,71,58,58,58,45,18,42,42,42,42,32,32,28,27,51,17,80,65,65,65,54,16,40,16,8,8,24,24,24,48,40,64,0,0],"gold":224,"neow_bonus":"THREE_ENEMY_KILL","is_daily":false,"chose_seed":false,"campfire_upgraded":0,"win_rate":0.0,"timestamp":1609907101,"path_taken":["M","?","?","M","?","E","M","R","T","$","M","M","R","?","R","BOSS","M","?","$","?","M","E","R","$","T","?","M","?","M","M","R","BOSS","M","$","?","M","M","R","M","?","T","M","?","?","R","M","R","BOSS"],"items_purchased_type":["Card","Relic","Relic","Card","Card","Relic"],"build_version":"2020-12-22","purchased_purges":4,"victory":false,"max_hp_per_floor":[75,75,75,80,80,80,80,80,80,80,80,80,80,80,80,80,80,80,80,80,80,80,80,80,80,80,80,80,80,80,80,80,80,80,80,80,80,80,80,80,80,80,80,80,80,80,80,80,80,80,80],"card_choices":[{"not_picked":["DarkSpark","Occultation"],"picked":"GalacticHalo","floor":1},{"not_picked":["AlicesGift","6A"],"picked":"PropBag","floor":3},{"not_picked":["GravityBeat","PropBag"],"picked":"DC","floor":4},{"not_picked":["AlicesGift","DarkSpark"],"picked":"WitchLeyline","floor":5},{"not_picked":["ChargeUpSpray","EscapeVelocity"],"picked":"NonDirectionalLaser","floor":6},{"not_picked":["UnstableBomb","WitchLeyline"],"picked":"IllusionStar","floor":7},{"not_picked":["DC","AsteroidBelt"],"picked":"LuminesStrike","floor":8},{"not_picked":["6A","JA"],"picked":"GrandCross","floor":11},{"not_picked":["GrandCross","DC"],"picked":"WitchOfGreed","floor":12},{"not_picked":["StarBarrage","DC"],"picked":"Robbery","floor":13},{"not_picked":["ShootTheMoon","FairyDestructionRay"],"picked":"MilkyWay","floor":15},{"not_picked":["MaximisePower","BlazingStar"],"picked":"SuperNova","floor":16},{"not_picked":[],"picked":"BlazeAway","floor":18},{"not_picked":[],"picked":"SporeBomb","floor":19},{"not_picked":[],"picked":"AsteroidBelt","floor":22},{"not_picked":[],"picked":"WitchOfGreed","floor":23},{"not_picked":[],"picked":"MysteriousBeam","floor":24},{"not_picked":["DC"],"picked":"SKIP","floor":28},{"not_picked":["Acceleration"],"picked":"SKIP","floor":30},{"not_picked":["LuminesStrike"],"picked":"SKIP","floor":31},{"not_picked":[],"picked":"EscapeVelocity","floor":33},{"not_picked":[],"picked":"MysteriousBeam","floor":35},{"not_picked":[],"picked":"LuminesStrike+1","floor":38},{"not_picked":["StarlightTyphoon"],"picked":"SKIP","floor":39},{"not_picked":["SporeBomb"],"picked":"SKIP","floor":41},{"not_picked":[],"picked":"GalacticHalo+1","floor":42},{"not_picked":[],"picked":"WitchOfGreed","floor":44},{"not_picked":[],"picked":"SprinkleStarSeal+1","floor":48}],"player_experience":35811,"relics_obtained":[{"floor":6,"key":"Dream Catcher"},{"floor":9,"key":"Pen Nib"},{"floor":23,"key":"Whetstone"},{"floor":26,"key":"Vajra"},{"floor":43,"key":"StoneCalendar"}],"event_choices":[{"damage_healed":0,"gold_gain":0,"cards_transformed":["Defend_MRS"],"player_choice":"Transformed","damage_taken":0,"max_hp_gain":0,"max_hp_loss":0,"event_name":"Transmorgrifier","floor":2,"gold_loss":0,"cards_obtained":["BlazingStar"]},{"damage_healed":0,"gold_gain":0,"player_choice":"1 cards matched","damage_taken":0,"max_hp_gain":0,"max_hp_loss":0,"event_name":"Match and Keep!","floor":14,"gold_loss":0,"cards_obtained":["MasterSpark"]},{"damage_healed":0,"gold_gain":0,"player_choice":"Got Potions","damage_taken":0,"max_hp_gain":0,"max_hp_loss":0,"event_name":"Lab","floor":21,"gold_loss":0},{"damage_healed":0,"gold_gain":99,"player_choice":"Stole From Cult","damage_taken":0,"max_hp_gain":0,"max_hp_loss":0,"event_name":"Nest","floor":29,"gold_loss":0},{"damage_healed":0,"gold_gain":0,"player_choice":"Gave Potion","damage_taken":0,"relics_obtained":["Bag of Marbles"],"max_hp_gain":0,"max_hp_loss":0,"event_name":"WeMeetAgain","floor":37,"gold_loss":0},{"damage_healed":0,"gold_gain":0,"player_choice":"Copied","damage_taken":0,"max_hp_gain":0,"max_hp_loss":0,"event_name":"Duplicator","floor":45,"gold_loss":0,"cards_obtained":["hubris:DuctTapeCard"]}],"is_beta":false,"boss_relics":[{"not_picked":["Replay:Grab Bag","Runic Pyramid"],"picked":"Busted Crown"},{"not_picked":["Velvet Choker","Sozu"],"picked":"Replay:Bronze Core"}],"items_purged_floors":[10,25,36,46],"is_endless":false,"potions_floor_spawned":[4,5,7,16,19,23,28,31,39,41,44],"killed_by":"Awakened One","ascension_level":0}}