{"host":"dn6kke80v5f7isus","time":1609967821,"event":{"mods":["AchievementEnabler","Act Like it!","BaseMod","Colored Powertips","Custom Start","Defuse TimeMaze Blight","Downfall","Duelist Mod","Gremlin Skip","Highlight Path","Hubris","Infinite Spire","Minty Spire (QoL Compilation)","Rare Cards Sparkle","Replay The Spire","StSLib","The Cursed","Uncapped"],"gold_per_floor":[140,155,175,190,265,300,300,339,365,365,383,418,418,437,437,557,557,577,201,300,280,294,294,338,83,83,117,117,117,117,117,117,241,241,259,0,25,25,39,79,79,79,79,79,94,55,78,78,90,230,242,266,278,165,172,181,181,158,158],"floor_reached":58,"playtime":3546,"items_purged":["theDuelist:CastleWalls","theDuelist:CastleWalls","Languid"],"score":911,"play_id":"e1eb4260-47e2-4cb9-9482-fdbe1cdbe27d","local_time":"20210106161701","is_ascension_mode":true,"campfire_choices":[{"data":"theDuelist:VoidVanishment","floor":10.0,"key":"SMITH"},{"data":"theDuelist:HarpieFeather","floor":13.0,"key":"SMITH"},{"floor":15.0,"key":"REST"},{"data":"theDuelist:DarkPaladin","floor":23.0,"key":"SMITH"},{"data":"theDuelist:PotGreed","floor":30.0,"key":"SMITH"},{"floor":32.0,"key":"REST"},{"floor":41.0,"key":"REST"},{"floor":44.0,"key":"REST"},{"floor":49.0,"key":"REST"},{"data":"theDuelist:Mudballman","floor":57,"key":"SMITH"}],"circlet_count":0,"master_deck":["theDuelist:DarkMagician","theDuelist:MysticalElf+1","theDuelist:MysticalElf","theDuelist:NeoMagic","theDuelist:Sparks","theDuelist:VoidVanishment+1","theDuelist:DoomShaman","theDuelist:PotGreed+1","theDuelist:ApprenticeIllusionMagician","theDuelist:HarpieFeather+1","theDuelist:DarkPaladin+1","theDuelist:SwordsRevealing","theDuelist:RainbowKuriboh+1","hubris:Compulsion","CommonCold","Injury","theDuelist:FairyBox","theDuelist:InfernoFireBlast","theDuelist:GuardianAngel+1","theDuelist:BookSecret+1","theDuelist:BlizzardPrincess","theDuelist:Mudballman","theDuelist:Mudballman+1","theDuelist:GrandSpellbookTower+1","theDuelist:RainbowDarkDragon","theDuelist:SwordsBurning+1","theDuelist:SilentDoom+4","theDuelist:Yami+1"],"relics":["theDuelist:MillenniumPuzzle","theDuelist:CardPoolRelic","theDuelist:CardPoolBasicRelic","theDuelist:BoosterPackPoolRelic","theDuelist:CardPoolAddRelic","theDuelist:CardPoolMinusRelic","theDuelist:CardPoolSaveRelic","theDuelist:CardPoolOptionsRelic","theDuelist:SpellcasterStone","Golden Idol","theDuelist:MillenniumArmor","ReplayFunnel","Mango","Philosopher\u0027s Stone","theDuelist:SummonAnchor","Chemical X","Snack Pack","hexamod:BolsterEngine","theDuelist:ArmorPlateC","theDuelist:AeroRelic","theDuelist:DuelistTeaSet","Replay:Ancient Bell","Lantern","Ornamental Fan","hubris:Zylophone","Red Mask","Centennial Puzzle","War Paint","MawBank","Kintsugi"],"acts_visited":["Exordium","TheCity","TheBeyond","Exordium"],"potions_floor_usage":[50,50,58],"damage_taken":[{"damage":0.0,"enemies":"Cultist","floor":1.0,"turns":5.0},{"damage":3.0,"enemies":"Small Slimes","floor":2.0,"turns":5.0},{"damage":0.0,"enemies":"Jaw Worm","floor":3.0,"turns":5.0},{"damage":6.0,"enemies":"Exordium Wildlife","floor":4.0,"turns":4.0},{"damage":4.0,"enemies":"Gremlin Nob","floor":6.0,"turns":5.0},{"damage":0.0,"enemies":"Lagavulin","floor":8.0,"turns":7.0},{"damage":0.0,"enemies":"Large Slime","floor":11.0,"turns":5.0},{"damage":0.0,"enemies":"3 Sentries","floor":12.0,"turns":7.0},{"damage":1.0,"enemies":"Lots of Slimes","floor":14.0,"turns":4.0},{"damage":12.0,"enemies":"The Guardian","floor":16.0,"turns":11.0},{"damage":0.0,"enemies":"2 Thieves","floor":18.0,"turns":4.0},{"damage":4.0,"enemies":"Chosen","floor":22.0,"turns":5.0},{"damage":6.0,"enemies":"Book of Stabbing","floor":24.0,"turns":6.0},{"damage":33.0,"enemies":"Slavers","floor":27.0,"turns":6.0},{"damage":14.0,"enemies":"Automaton","floor":33.0,"turns":12.0},{"damage":6.0,"enemies":"3 Darklings","floor":35.0,"turns":5.0},{"damage":0.0,"enemies":"Orb Walker","floor":37.0,"turns":4.0},{"damage":19.0,"enemies":"Jaw Worm Horde","floor":39.0,"turns":6.0},{"damage":73.0,"enemies":"Nightmare","floor":40.0,"turns":10.0},{"damage":3.0,"enemies":"Writhing Mass","floor":45.0,"turns":5.0},{"damage":0.0,"enemies":"3 Darklings","floor":47.0,"turns":6.0},{"damage":1,"enemies":"hubris:GrandSnecko","floor":50,"turns":13},{"damage":0,"enemies":"Jaw Worm","floor":52,"turns":2},{"damage":0,"enemies":"2 Louse","floor":55,"turns":2},{"damage":0,"enemies":"Cultist","floor":56,"turns":3},{"damage":103,"enemies":"Nightmare","floor":58,"turns":5}],"seed_played":"-4593634623682833166","potions_obtained":[{"floor":1.0,"key":"theDuelist:WhiteBottle"},{"floor":6.0,"key":"BlessingOfTheForge"},{"floor":11.0,"key":"theDuelist:FlamingBottle"},{"floor":21.0,"key":"CultistPotion"},{"floor":22.0,"key":"theDuelist:VampireVial"},{"floor":33.0,"key":"LifebloodPotion"},{"floor":37.0,"key":"theDuelist:ExtraOrbsBottle"},{"floor":45.0,"key":"theDuelist:CoolBottle"},{"floor":47.0,"key":"SkillPotion"},{"floor":55,"key":"Block Potion"}],"is_trial":false,"path_per_floor":["M","M","M","M","?","E","?","E","T","R","M","E","R","M","R","B",null,"M","$","?","?","M","R","E","$","T","E","$","?","R","?","R","B",null,"M","?","M","$","M","NM","R","?","T","R","M","$","M","?","R","B",null,"M","?","$","M","M","R","NM"],"character_chosen":"THE_DUELIST","items_purchased":["theDuelist:SummonAnchor","Chemical X","hexamod:BolsterEngine","theDuelist:Mudballman"],"campfire_rested":5,"item_purchase_floors":[19,19,25,46],"current_hp_per_floor":[80,77,77,71,60,56,36,36,36,36,36,50,50,49,77,65,94,94,94,94,94,90,90,84,84,84,55,55,49,49,49,77,73,94,92,92,94,94,75,12,40,40,40,68,67,67,69,69,94,94,94,94,94,94,94,94,94,0,0],"gold":158,"neow_bonus":"ONE_RANDOM_RARE_CARD","is_daily":false,"chose_seed":false,"campfire_upgraded":5,"win_rate":0.0,"timestamp":1609967821,"path_taken":["M","M","?","M","?","E","?","E","T","R","M","E","R","M","R","BOSS","M","$","?","?","?","R","E","$","T","E","?","?","R","?","R","BOSS","M","?","M","?","?","NM","R","?","T","R","M","$","M","?","R","BOSS","M","?","$","M","M","R","NM"],"items_purchased_type":["Relic","Relic","Relic","Card"],"build_version":"2020-12-22","purchased_purges":3,"victory":false,"max_hp_per_floor":[80,80,80,80,80,80,80,80,80,80,80,94,94,94,94,94,94,94,94,94,94,94,94,94,94,94,94,94,94,94,94,94,94,94,94,94,94,94,94,94,94,94,94,94,94,94,94,94,94,94,94,94,94,94,94,94,94,94,94],"card_choices":[{"not_picked":["theDuelist:FrontierWiseman","theDuelist:BattleOx","theDuelist:GilfordLegend","theDuelist:PreventRat","theDuelist:BlackPendant"],"picked":"SKIP","floor":1.0},{"not_picked":["theDuelist:Sangan","theDuelist:PotAvarice","theDuelist:Kuribohrn","theDuelist:Polymerization","theDuelist:BattleguardKing"],"picked":"SKIP","floor":2.0},{"not_picked":["theDuelist:ExodiaRA","theDuelist:ThousandEyesIdol","theDuelist:InjectionFairy","theDuelist:Illusionist"],"picked":"theDuelist:DoomShaman","floor":3.0},{"not_picked":["theDuelist:FuryFire","theDuelist:MudGolem","theDuelist:RainbowBridge","theDuelist:GilfordLegend"],"picked":"theDuelist:PotGreed","floor":4.0},{"not_picked":["theDuelist:ExodiaRA","theDuelist:ExodiaLA","theDuelist:MindAir","theDuelist:FogKing"],"picked":"theDuelist:ApprenticeIllusionMagician","floor":6.0},{"not_picked":["theDuelist:InjectionFairy","theDuelist:DarkMagician","theDuelist:BlueDragonSummoner","theDuelist:MysticalElf","theDuelist:BlizzardPrincess"],"picked":"SKIP","floor":8.0},{"not_picked":["theDuelist:Sangan","theDuelist:WormWarlord","theDuelist:BigKoala","theDuelist:Jinzo"],"picked":"theDuelist:HarpieFeather","floor":11.0},{"not_picked":["theDuelist:EarthEffigy","theDuelist:EvilswarmHeliotrope","theDuelist:GemArmadillo","theDuelist:MudGolem","theDuelist:RainbowKuriboh"],"picked":"SKIP","floor":12.0},{"not_picked":["theDuelist:FrontierWiseman","theDuelist:PowerKaishin","theDuelist:Illusionist","theDuelist:GeminiElf","theDuelist:BookSecret"],"picked":"SKIP","floor":14.0},{"not_picked":["theDuelist:Wildfire","theDuelist:VoidVanishment","theDuelist:GrandSpellbookTower","theDuelist:GateGuardian"],"picked":"theDuelist:DarkPaladin","floor":16.0},{"not_picked":["theDuelist:SkilledDarkMagician","theDuelist:GrandSpellbookTower","theDuelist:LegendaryFlameLord","theDuelist:FrontierWiseman","theDuelist:SwordsBurning"],"picked":"SKIP","floor":18.0},{"not_picked":["theDuelist:Wildfire","theDuelist:IrisEarthMother","theDuelist:QueenDragunDjinn","theDuelist:VoidVanishment"],"picked":"theDuelist:SwordsRevealing","floor":22.0},{"not_picked":["theDuelist:SangaThunder+1","theDuelist:BlueDragonSummoner","theDuelist:WhiteMagicalHat","theDuelist:PowerKaishin","theDuelist:OnslaughtFireKings"],"picked":"SKIP","floor":24.0},{"not_picked":["theDuelist:MythicalBeast","theDuelist:ThousandEyesIdol","theDuelist:ExodiaRL","theDuelist:WitchBlackRose","theDuelist:CircleFireKings"],"picked":"SKIP","floor":27.0},{"not_picked":["theDuelist:RainbowDarkDragon+1","theDuelist:IrisEarthMother","theDuelist:RainbowMagician","theDuelist:RainbowOverdragon"],"picked":"theDuelist:RainbowKuriboh","floor":33.0},{"not_picked":["infinitespire:Pacifist","theDuelist:VampireCurse"],"picked":"hubris:Compulsion","floor":34.0},{"not_picked":["sneckomod:Bewildered","hexamod:Haunted"],"picked":"CommonCold","floor":34.0},{"not_picked":["Regret","theDuelist:CurseAging"],"picked":"Injury","floor":34.0},{"not_picked":["theDuelist:SangaThunder+1","theDuelist:ThousandEyesIdol","theDuelist:Illusionist","theDuelist:CallAtlanteans+1"],"picked":"theDuelist:FairyBox","floor":35.0},{"not_picked":["theDuelist:OnslaughtFireKings","theDuelist:VoidExpansion+1","theDuelist:WonderWand+1","theDuelist:SpellShatteringArrow"],"picked":"theDuelist:InfernoFireBlast","floor":37.0},{"not_picked":["theDuelist:SpellShatteringArrow+1","theDuelist:NeoMagic+1","theDuelist:OnslaughtFireKings+1","theDuelist:MysticalElf"],"picked":"theDuelist:GuardianAngel","floor":39.0},{"not_picked":["theDuelist:ExodiaLA+1","theDuelist:FrontierWiseman+1","theDuelist:MythicalBeast","theDuelist:Yami+1"],"picked":"theDuelist:BookSecret+1","floor":40.0},{"not_picked":["theDuelist:BlizzardWarrior","theDuelist:InjectionFairy","theDuelist:Mudballman+1","theDuelist:Illusionist+1"],"picked":"theDuelist:BlizzardPrincess","floor":45.0},{"not_picked":["theDuelist:RainbowDarkDragon+1","theDuelist:DarkPaladin","theDuelist:SwordsBurning","theDuelist:GateGuardian+1"],"picked":"theDuelist:GrandSpellbookTower+1","floor":47.0},{"not_picked":["theDuelist:IrisEarthMother+1","theDuelist:RainbowMagician+1","theDuelist:RainbowKuriboh","theDuelist:RainbowOverdragon+1"],"picked":"theDuelist:RainbowDarkDragon","floor":50},{"not_picked":["theDuelist:FogKing+1","theDuelist:GiantTrunade+1","theDuelist:SangaEarth+1","theDuelist:WhiteHowling+1"],"picked":"theDuelist:SwordsBurning+1","floor":52},{"not_picked":["theDuelist:SpellShatteringArrow+1","theDuelist:SangaThunder+1","theDuelist:LegendaryExodia+1","theDuelist:BlizzardWarrior+1"],"picked":"theDuelist:SilentDoom+4","floor":55},{"not_picked":["theDuelist:SpellShatteringArrow+1","theDuelist:MagicalBlast+1","theDuelist:DiffusionWaveMotion+1","theDuelist:GiantTrunade+1"],"picked":"theDuelist:Yami+1","floor":56}],"player_experience":530784,"relics_obtained":[{"floor":6.0,"key":"theDuelist:SpellcasterStone"},{"floor":8.0,"key":"theDuelist:MillenniumArmor"},{"floor":9.0,"key":"ReplayFunnel"},{"floor":12.0,"key":"Mango"},{"floor":24.0,"key":"Snack Pack"},{"floor":26.0,"key":"theDuelist:ArmorPlateC"},{"floor":27.0,"key":"theDuelist:AeroRelic"},{"floor":40.0,"key":"Centennial Puzzle"},{"floor":43.0,"key":"War Paint"}],"event_choices":[{"damage_healed":0.0,"max_hp_gain":0.0,"max_hp_loss":0.0,"gold_gain":75.0,"event_name":"World of Goop","player_choice":"Gather Gold","floor":5.0,"gold_loss":0.0,"damage_taken":11.0},{"damage_healed":0.0,"max_hp_gain":0.0,"max_hp_loss":0.0,"gold_gain":0.0,"event_name":"Golden Idol","player_choice":"Take Damage","floor":7.0,"gold_loss":0.0,"damage_taken":20.0,"relics_obtained":["Golden Idol"]},{"damage_healed":0.0,"max_hp_gain":0.0,"max_hp_loss":0.0,"gold_gain":99.0,"event_name":"Nest","player_choice":"Stole From Cult","floor":20.0,"gold_loss":0.0,"damage_taken":0.0},{"damage_healed":0.0,"max_hp_gain":0.0,"max_hp_loss":0.0,"gold_gain":0.0,"event_name":"The Woman in Blue","player_choice":"Bought 1 Potion","floor":21.0,"gold_loss":0.0,"damage_taken":0.0},{"damage_healed":0.0,"max_hp_gain":0.0,"max_hp_loss":0.0,"gold_gain":0.0,"event_name":"Aknamkanon\u0027s Tomb","player_choice":"Dig - random Duelist relic","duelist":true,"floor":29.0,"gold_loss":0.0,"damage_taken":0.0},{"damage_healed":0.0,"max_hp_gain":0.0,"max_hp_loss":0.0,"gold_gain":0.0,"event_name":"Relic Duplicator","player_choice":"Leave","duelist":true,"floor":31.0,"gold_loss":0.0,"damage_taken":0.0},{"damage_healed":0.0,"max_hp_gain":0.0,"max_hp_loss":0.0,"gold_gain":0.0,"event_name":"Tomb of Lord Red Mask","player_choice":"Paid","floor":36.0,"gold_loss":259.0,"damage_taken":0.0,"relics_obtained":["Red Mask"]},{"cards_removed":["theDuelist:NeoMagic"],"damage_healed":0.0,"max_hp_gain":0.0,"max_hp_loss":0.0,"gold_gain":0.0,"event_name":"WeMeetAgain","player_choice":"Gave Card","floor":48.0,"gold_loss":0.0,"damage_taken":0.0,"relics_obtained":["MawBank"]},{"cards_removed":["theDuelist:VampireCurse"],"damage_healed":0,"gold_gain":0,"player_choice":"Forget","damage_taken":0,"max_hp_gain":0,"max_hp_loss":0,"event_name":"Living Wall","floor":53,"gold_loss":0}],"is_beta":false,"boss_relics":[{"not_picked":["theDuelist:HauntedRelic","Cursed Key"],"picked":"Philosopher\u0027s Stone"},{"not_picked":["Runic Cube","theDuelist:GamblerChip"],"picked":"Replay:Ancient Bell"},{"not_picked":["Replay:Rubber Ducky","Boot"],"picked":"Lantern"},{"not_picked":["hubris:Metronome","Onion Ring"],"picked":"Ornamental Fan"},{"not_picked":["Old Coin","Lizard Tail"],"picked":"hubris:Zylophone"},{"not_picked":["hubris:CrackedHourglass","Ring of Chaos"],"picked":"Kintsugi"}],"items_purged_floors":[19,25,54],"is_endless":true,"potions_floor_spawned":[1,6,11,22,33,37,45,47,55],"killed_by":"Nightmare","ascension_level":1}}