{"host":"65a95dzim48ko8ke","time":1609932539,"event":{"mods":["BaseMod","Colored Powertips","Hermit","Minty Spire (QoL Compilation)","Permanent Neow","Quick Restart","Rare Cards Sparkle","Replay The Spire","StSLib"],"gold_per_floor":[117,136,136,136,154,187,207,241,323,323,53,53,71,105,105,200,200,218,218,24,44,58,93,93,119,145,161,174,193,193,224,224,322,322,332,15,15,34,34,34,113,113,139,152,152,161,197,97,97,97,97,185,11,48,48,48],"floor_reached":55,"playtime":5351,"items_purged":["hermit:Strike_Hermit","Voices","Spreading Infection"],"score":950,"play_id":"8fc57f2a-6c9b-4f96-860c-00bb3ecd9049","local_time":"20210106202859","is_ascension_mode":true,"campfire_choices":[{"floor":10,"key":"REST"},{"data":"hermit:EternalForm","floor":12,"key":"SMITH"},{"floor":15,"key":"DIG"},{"data":"Deep Breath","floor":24,"key":"SMITH"},{"data":"hermit:Vantage","floor":30,"key":"SMITH"},{"data":"hermit:ItchyTrigger","floor":32,"key":"PURGE"},{"data":"hermit:NoHoldsBarred","floor":40,"key":"SMITH"},{"floor":42,"key":"DIG"},{"data":"ReplayTheSpireMod:Splinters","floor":45,"key":"PURGE"},{"floor":49,"key":"RECALL"}],"circlet_count":0,"master_deck":["hermit:Strike_Hermit","hermit:Strike_Hermit","hermit:Defend_Hermit+1","hermit:Defend_Hermit+1","hermit:Defend_Hermit+1","hermit:Defend_Hermit+1","hermit:Snapshot+1","hermit:WideOpen","hermit:EternalForm+1","hermit:NoHoldsBarred+1","hermit:Headshot","hermit:Showdown","hermit:BigShot","hermit:Spite","hermit:Vantage+1","hermit:RoundhouseKick","hermit:Vantage","hermit:GhostlyPresence","hermit:Combo","Deep Breath+1","hermit:Misfire","hermit:LowProfile+1","hermit:LowProfile","hermit:Glare","hermit:Enervate","hermit:HoleUp+1","hermit:Quickdraw","hermit:HighNoon+1","hermit:HighNoon+1","Pain","Clumsy","hermit:Reprieve+1","hermit:RoundhouseKick+1","hermit:Virtue+1","hermit:Feint+1","hermit:Maintenance","hermit:ItchyTrigger","hermit:HeroicBravado+1","hermit:WideOpen+1"],"relics":["hermit:Momento","hermit:RedScarf","Ice Cream","Replay:Towering Pillar of Hats","Onion Ring","Replay:Wax Seal","HornCleat","hermit:RyeStalk","WingedGreaves","Ring of Chaos","BargainBundle","Pen Nib","Golden Egg","Lantern","InkBottle","Replay:Ancient Bell","Art of War","Matryoshka","Replay:Multitool","ReplayTheSpireMod:Ring of Addiction","Toy Ornithopter","SacredBark","Ring of Searing","CeramicFish","Ancient Tea Set","Sundial","Replay:Bottled Eggs","Anchor"],"acts_visited":["Exordium","TheCity","TheBeyond","TheEnding"],"potions_floor_usage":[13,14,25,33,38,44,50,50,50,54,54,55,55],"damage_taken":[{"damage":0,"enemies":"Small Slimes","floor":1,"turns":4},{"damage":2,"enemies":"2 Louse","floor":2,"turns":2},{"damage":0,"enemies":"Cultist","floor":5,"turns":2},{"damage":18,"enemies":"Lagavulin","floor":6,"turns":3},{"damage":0,"enemies":"Exordium Wildlife","floor":7,"turns":3},{"damage":18,"enemies":"3 Sentries","floor":8,"turns":4},{"damage":0,"enemies":"Lots of Slimes","floor":13,"turns":2},{"damage":0,"enemies":"Gremlin Nob","floor":14,"turns":2},{"damage":22,"enemies":"Hexaghost","floor":16,"turns":8},{"damage":2,"enemies":"Shell Parasite","floor":18,"turns":3},{"damage":0,"enemies":"3 Byrds","floor":21,"turns":4},{"damage":0,"enemies":"Snecko","floor":22,"turns":3},{"damage":1,"enemies":"Replay:Snechameleon","floor":23,"turns":6},{"damage":28,"enemies":"Slavers","floor":25,"turns":6},{"damage":0,"enemies":"Centurion and Healer","floor":27,"turns":3},{"damage":0,"enemies":"3 Cultists","floor":28,"turns":3},{"damage":0,"enemies":"Shelled Parasite and Fungi","floor":29,"turns":5},{"damage":0,"enemies":"Replay:Snechameleon","floor":31,"turns":5},{"damage":8,"enemies":"Collector","floor":33,"turns":8},{"damage":0,"enemies":"Orb Walker","floor":35,"turns":3},{"damage":52,"enemies":"3 Darklings","floor":38,"turns":5},{"damage":20,"enemies":"Maw","floor":44,"turns":8},{"damage":20,"enemies":"R_Hoarder","floor":47,"turns":8},{"damage":39,"enemies":"Awakened One","floor":50,"turns":11},{"damage":26,"enemies":"Shield and Spear","floor":54,"turns":6},{"damage":70,"enemies":"The Heart","floor":55,"turns":8}],"seed_played":"-8700720493156128584","potions_obtained":[{"floor":5,"key":"SteroidPotion"},{"floor":7,"key":"Adrenaline Potion"},{"floor":8,"key":"Adrenaline Potion"},{"floor":16,"key":"hermit:BlackBile"},{"floor":18,"key":"PowerPotion"},{"floor":27,"key":"hermit:BlackBile"},{"floor":37,"key":"Venom Potion"},{"floor":37,"key":"Energy Potion"},{"floor":37,"key":"AttackPotion"},{"floor":38,"key":"LifebloodPotion"},{"floor":41,"key":"EntropicBrew"},{"floor":54,"key":"Strength Potion"}],"is_trial":false,"path_per_floor":["M","M","?","?","M","E","M","E","T","R","$","R","M","E","R","B",null,"M","?","$","M","M","E","R","E","T","M","M","M","R","E","R","B",null,"M","$","?","M","?","R","?","R","T","M","R","?","E","$","R","B",null,"R","$","E","B"],"character_chosen":"HERMIT","items_purchased":["Replay:Wax Seal","HornCleat","BargainBundle","hermit:GhostlyPresence","hermit:Combo","SkillPotion","Deep Breath","hermit:Reprieve","hermit:RoundhouseKick","Strength Potion"],"campfire_rested":1,"item_purchase_floors":[11,11,20,20,20,20,20,36,36,53],"current_hp_per_floor":[68,66,52,52,52,34,34,16,16,36,36,36,36,36,36,14,68,66,66,66,66,66,65,65,37,37,37,37,37,37,37,37,29,68,68,68,68,21,59,59,59,57,57,42,42,42,41,41,41,21,55,55,55,37,0,0],"gold":48,"neow_bonus":"ONE_RARE_RELIC","is_daily":false,"chose_seed":false,"campfire_upgraded":4,"win_rate":0.0,"timestamp":1609932539,"path_taken":["M","M","?","?","?","E","M","E","T","R","$","R","M","E","R","BOSS","M","?","$","M","?","E","R","E","T","?","M","M","R","E","R","BOSS","M","$","?","M","?","R","?","R","T","?","R","?","E","$","R","BOSS","R","$","E","BOSS"],"items_purchased_type":["Relic","Relic","Relic","Card","Card","Potion","Card","Card","Card","Potion"],"build_version":"2020-12-22","purchased_purges":3,"victory":false,"max_hp_per_floor":[68,68,68,68,68,68,68,68,68,68,68,68,68,68,68,68,68,68,68,68,68,68,68,68,68,68,68,68,68,68,68,68,68,68,68,68,68,68,59,59,59,57,57,57,57,57,57,55,55,55,55,55,55,53,53,53],"card_choices":[{"not_picked":["hermit:Snipe","hermit:SprayPray"],"picked":"hermit:ItchyTrigger","floor":1},{"not_picked":["hermit:Snipe","hermit:TakeCover"],"picked":"hermit:WideOpen","floor":2},{"not_picked":["hermit:Snipe","hermit:LuckOfTheDraw"],"picked":"hermit:NoHoldsBarred","floor":5},{"not_picked":["hermit:LowProfile","hermit:Snipe"],"picked":"hermit:Headshot","floor":6},{"not_picked":["hermit:Dive","hermit:FullyLoaded"],"picked":"hermit:Showdown","floor":7},{"not_picked":["hermit:Feint","hermit:FullyLoaded"],"picked":"hermit:BigShot","floor":8},{"not_picked":["hermit:TrackingShot","hermit:Feint"],"picked":"hermit:Spite","floor":13},{"not_picked":["hermit:SprayPray","hermit:Coalescence"],"picked":"hermit:Vantage","floor":14},{"not_picked":["hermit:DeadOrAlive","hermit:FatalDesire"],"picked":"hermit:RoundhouseKick","floor":16},{"not_picked":["hermit:LowProfile+1","hermit:WideOpen+1"],"picked":"hermit:Vantage","floor":18},{"not_picked":["hermit:BigShot","hermit:Gestalt"],"picked":"hermit:Misfire","floor":21},{"not_picked":["hermit:HoleUp","hermit:Headshot+1"],"picked":"hermit:LowProfile+1","floor":22},{"not_picked":["hermit:HighCaliber","hermit:OverwhelmingPower"],"picked":"hermit:LowProfile","floor":23},{"not_picked":["hermit:Headshot","hermit:Coalescence"],"picked":"hermit:Glare","floor":25},{"not_picked":["hermit:Quickdraw+1","hermit:Misfire"],"picked":"hermit:Enervate","floor":27},{"not_picked":["hermit:LuckOfTheDraw+1","hermit:Misfire"],"picked":"hermit:HoleUp+1","floor":28},{"not_picked":["hermit:FullyLoaded","hermit:GoldenBullet+1"],"picked":"hermit:Quickdraw","floor":29},{"not_picked":["hermit:Ricochet","hermit:TrackingShot"],"picked":"hermit:HighNoon","floor":31},{"not_picked":["hermit:FinalCanter","hermit:Magnum"],"picked":"hermit:HighNoon","floor":33},{"not_picked":["Parasite","Shame"],"picked":"Pain","floor":34},{"not_picked":["Voices","Normality"],"picked":"Spreading Infection","floor":34},{"not_picked":["ReplayTheSpireMod:Restless Dread","Overencumbered"],"picked":"Clumsy","floor":34},{"not_picked":["hermit:Cheat+1","hermit:SprayPray+1","hermit:Snipe"],"picked":"SKIP","floor":35},{"not_picked":["hermit:Snipe","hermit:LuckOfTheDraw+1"],"picked":"hermit:Virtue+1","floor":38},{"not_picked":["hermit:SprayPray","hermit:Coalescence+1"],"picked":"hermit:Feint+1","floor":41},{"not_picked":["hermit:ItchyTrigger+1","hermit:Quickdraw+1"],"picked":"hermit:Maintenance","floor":41},{"not_picked":["hermit:Dive","hermit:LowProfile","hermit:Showdown"],"picked":"SKIP","floor":44},{"not_picked":["hermit:HoleUp+1","hermit:GhostlyPresence"],"picked":"hermit:HeroicBravado","floor":47},{"not_picked":["hermit:Glare","hermit:Headshot+1"],"picked":"hermit:WideOpen+1","floor":54}],"player_experience":292603,"relics_obtained":[{"floor":6,"key":"Ice Cream"},{"floor":8,"key":"Replay:Towering Pillar of Hats"},{"floor":9,"key":"Onion Ring"},{"floor":14,"key":"hermit:RyeStalk"},{"floor":15,"key":"WingedGreaves"},{"floor":23,"key":"Pen Nib"},{"floor":25,"key":"Golden Egg"},{"floor":26,"key":"Lantern"},{"floor":31,"key":"InkBottle"},{"floor":37,"key":"ReplayTheSpireMod:Ring of Addiction"},{"floor":37,"key":"Toy Ornithopter"},{"floor":37,"key":"SacredBark"},{"floor":37,"key":"Ring of Searing"},{"floor":41,"key":"CeramicFish"},{"floor":42,"key":"Ancient Tea Set"},{"floor":43,"key":"Sundial"},{"floor":47,"key":"Replay:Bottled Eggs"},{"floor":54,"key":"Anchor"}],"event_choices":[{"damage_healed":0,"gold_gain":0,"player_choice":"Entered Light","damage_taken":14,"max_hp_gain":0,"max_hp_loss":0,"event_name":"Shining Light","floor":3,"gold_loss":0,"cards_upgraded":["hermit:Snapshot","hermit:Defend_Hermit"]},{"damage_healed":0,"gold_gain":0,"cards_transformed":["hermit:Strike_Hermit"],"player_choice":"Transformed","damage_taken":0,"max_hp_gain":0,"max_hp_loss":0,"event_name":"Transmorgrifier","floor":4,"gold_loss":0,"cards_obtained":["hermit:EternalForm"]},{"cards_removed":["hermit:Covet"],"damage_healed":0,"gold_gain":0,"player_choice":"Purged","damage_taken":0,"max_hp_gain":0,"max_hp_loss":0,"event_name":"Purifier","floor":19,"gold_loss":0},{"damage_healed":59,"gold_gain":0,"player_choice":"Heal","damage_taken":0,"max_hp_gain":0,"max_hp_loss":9,"event_name":"The Moai Head","floor":39,"gold_loss":0},{"damage_healed":0,"gold_gain":0,"player_choice":"1 cards matched","damage_taken":0,"max_hp_gain":0,"max_hp_loss":0,"event_name":"Match and Keep!","floor":46,"gold_loss":0,"cards_obtained":["hermit:ItchyTrigger"]}],"is_beta":false,"boss_relics":[{"not_picked":["Ectoplasm","Runic Dome"],"picked":"Ring of Chaos"},{"not_picked":["Replay:Wanted Poster","Coffee Dripper"],"picked":"Replay:Ancient Bell"},{"not_picked":["PreservedInsect","Boot"],"picked":"Art of War"},{"not_picked":["Eternal Feather","Mummified Hand"],"picked":"Matryoshka"},{"not_picked":["Prayer Wheel","Replay:PocketPolymizer"],"picked":"Replay:Multitool"}],"items_purged_floors":[20,48,53],"is_endless":false,"potions_floor_spawned":[5,7,8,16,18,21,27,31,38,54],"killed_by":"The Heart","ascension_level":2}}