{"host":"pa9f0x1gh89g8gxw","time":1609921659,"event":{"mods":["BaseMod","Colored Powertips","Hubris","Infinite Spire","Minty Spire (QoL Compilation)","Replay The Spire","StSLib"],"gold_per_floor":[112,219,55,55,55,55,75,109,136,150,161,161,187,187,187,286,286,301,301,301,318,333,333,358,358,358,429,441,460,477,477,477,509,509,509,509],"floor_reached":35,"playtime":1084,"items_purged":[],"score":310,"play_id":"94a0da16-d368-45e8-a65b-73f266088d5c","local_time":"20210106192739","is_ascension_mode":false,"campfire_choices":[{"data":"Apotheosis","floor":6,"key":"SMITH"},{"data":"FIFO Queue","floor":12,"key":"SMITH"},{"floor":15,"key":"REST"},{"data":"Glacier","floor":23,"key":"SMITH"},{"floor":34,"key":"DIG"}],"circlet_count":0,"master_deck":["Strike_B","Strike_B","Strike_B+1","Strike_B","Defend_B","Defend_B","Defend_B","Defend_B","Zap+1","Dualcast","Ball Lightning+1","Ball Lightning","Leap","FIFO Queue+1","Apotheosis+1","Core Surge","Glacier+1","Machine Learning","Doom and Gloom+1","Doom and Gloom","Storm+1","Static Discharge","Crow Ritual","Blind","Violence","Go for the Eyes+1","Self Repair","Beam Cell+1","Go for the Eyes+1"],"relics":["Cracked Core","Whetstone","CaptainsWheel","Pen Nib","Carrot","hubris:Backtick","Orichalcum","Mercury Hourglass","Lantern","ReplayTheSpireMod:ShopPack","Juzu Bracelet","infinitespire:CheckeredPen","Red Mask","Anchor"],"acts_visited":["Exordium","TheCity"],"potions_floor_usage":[13,13,22,22,22,24,35,35],"damage_taken":[{"damage":0,"enemies":"Small Slimes","floor":1,"turns":2},{"damage":1,"enemies":"Jaw Worm","floor":7,"turns":3},{"damage":27,"enemies":"Lagavulin","floor":8,"turns":4},{"damage":0,"enemies":"Cultist","floor":10,"turns":3},{"damage":1,"enemies":"3 Louse","floor":11,"turns":2},{"damage":0,"enemies":"Gremlin Nob","floor":13,"turns":3},{"damage":22,"enemies":"Hexaghost","floor":16,"turns":9},{"damage":6,"enemies":"Shell Parasite","floor":18,"turns":5},{"damage":9,"enemies":"3 Byrds","floor":21,"turns":3},{"damage":13,"enemies":"Snake Plant","floor":22,"turns":3},{"damage":33,"enemies":"Gremlin Leader","floor":24,"turns":5},{"damage":4,"enemies":"Cultist and Chosen","floor":28,"turns":6},{"damage":0,"enemies":"Centurion and Healer","floor":29,"turns":6},{"damage":0,"enemies":"Snecko","floor":30,"turns":5},{"damage":7,"enemies":"Masked Bandits","floor":33,"turns":3},{"damage":3,"enemies":"Pondfish","floor":35,"turns":5}],"seed_played":"-4228719303177248402","potions_obtained":[{"floor":7,"key":"BlessingOfTheForge"},{"floor":8,"key":"Block Potion"},{"floor":11,"key":"Elixir"},{"floor":18,"key":"DistilledChaos"},{"floor":21,"key":"EntropicBrew"},{"floor":22,"key":"SteroidPotion"},{"floor":28,"key":"FocusPotion"},{"floor":29,"key":"SpeedPotion"}],"is_trial":false,"path_per_floor":["M","?","$","?","$","R","M","E","T","M","M","R","E","?","R","B",null,"M","?","?","M","M","R","E","AVR","T","T","M","M","M","PTL","PTL","?","R","B"],"character_chosen":"DEFECT","items_purchased":["Apotheosis"],"campfire_rested":1,"item_purchase_floors":[3],"current_hp_per_floor":[75,57,57,57,57,57,56,29,29,29,28,28,28,28,50,28,75,69,69,69,60,47,47,14,14,14,14,10,10,10,10,10,3,3,0,0],"gold":509,"neow_bonus":"UPGRADE_CARD","is_daily":false,"chose_seed":false,"campfire_upgraded":3,"win_rate":0.0,"timestamp":1609921659,"path_taken":["M","?","$","?","?","R","M","E","T","M","M","R","E","?","R","BOSS","M","?","?","M","?","R","E","AVR","T","?","M","M","M","PTL","PTL","?","R","BOSS"],"items_purchased_type":["Card"],"build_version":"2020-12-22","purchased_purges":0,"victory":false,"max_hp_per_floor":[75,75,75,75,75,75,75,75,75,75,75,75,75,75,75,75,75,75,75,75,75,75,75,75,75,75,75,75,75,75,75,75,75,75,75,75],"card_choices":[{"not_picked":["Barrage","ReplayTheSpireMod:GoodbyeWorld"],"picked":"Ball Lightning","floor":1},{"not_picked":["Sweeping Beam","Turbo"],"picked":"Ball Lightning","floor":2},{"not_picked":["Lockon","Hello World"],"picked":"Leap","floor":2},{"not_picked":["Leap","Hello World"],"picked":"FIFO Queue","floor":2},{"not_picked":["Undo","Steam Power","ReplayTheSpireMod:Repulse"],"picked":"SKIP","floor":7},{"not_picked":["Turbo","Aggregate","Hologram"],"picked":"SKIP","floor":8},{"not_picked":["Leap","BasicCrystalCard"],"picked":"Core Surge","floor":10},{"not_picked":["BasicCrystalCard","Amplify"],"picked":"Glacier","floor":11},{"not_picked":["ReplayTheSpireMod:Reroute Power","Coolheaded","Stack"],"picked":"SKIP","floor":13},{"not_picked":["All For One","Seek"],"picked":"Machine Learning","floor":16},{"not_picked":["Stack+1","Go for the Eyes"],"picked":"Doom and Gloom","floor":18},{"not_picked":["BasicCrystalCard","Streamline"],"picked":"Doom and Gloom","floor":21},{"not_picked":["Barrage","Biased Cognition"],"picked":"Storm+1","floor":22},{"not_picked":["Conserve Battery","Barrage"],"picked":"Static Discharge","floor":24},{"not_picked":["ReplayUltimateDefense","Apotheosis"],"picked":"Crow Ritual","floor":25},{"not_picked":["ReplayTheSpireMod:Uncanny Aura","hubris:Ssssneak"],"picked":"Blind","floor":25},{"not_picked":["Mind Blast","Metamorphosis"],"picked":"Violence","floor":25},{"not_picked":["Stack","Steam"],"picked":"Go for the Eyes+1","floor":28},{"not_picked":["ReplaySort","Redo"],"picked":"Self Repair","floor":29},{"not_picked":["ReplayTheSpireMod:Repulse","Time Bomb"],"picked":"Beam Cell+1","floor":30},{"not_picked":["Heatsinks+1","Beam Cell"],"picked":"Go for the Eyes+1","floor":33}],"player_experience":457205,"relics_obtained":[{"floor":4,"key":"Whetstone"},{"floor":8,"key":"CaptainsWheel"},{"floor":9,"key":"Pen Nib"},{"floor":13,"key":"Carrot"},{"floor":24,"key":"Lantern"},{"floor":26,"key":"Juzu Bracelet"},{"floor":27,"key":"infinitespire:CheckeredPen"},{"floor":33,"key":"Red Mask"},{"floor":34,"key":"Anchor"}],"event_choices":[{"damage_healed":0,"gold_gain":0,"player_choice":"Gave Potion","damage_taken":0,"relics_obtained":["Mercury Hourglass"],"max_hp_gain":0,"max_hp_loss":0,"event_name":"WeMeetAgain","floor":20,"gold_loss":0},{"damage_healed":0,"gold_gain":0,"player_choice":"Fought Bandits","damage_taken":0,"max_hp_gain":0,"max_hp_loss":0,"event_name":"Masked Bandits","floor":33,"gold_loss":0}],"is_beta":false,"boss_relics":[{"not_picked":["ReplayTheSpireMod:DimensionalGlitch","hubris:HollowSoul"],"picked":"hubris:Backtick"}],"items_purged_floors":[],"is_endless":false,"potions_floor_spawned":[7,8,11,18,21,22,28,29],"killed_by":"Pondfish","ascension_level":0}}