{"host":"qrt7o4dq2qslzw13","time":1609933668,"event":{"mods":["AchievementEnabler","BaseMod","Colored Map","Colored Powertips","Minty Spire (QoL Compilation)","Quick Restart","StSLib","SuperFastMode"],"gold_per_floor":[119,294,294,294,306,332,332,343,343,343,195,214,214,234,234,335,335,348,200,200,200,200,200,200,46,96,96,113,113,127,142,142,238,238,252,267,267,19,38,38,38,38,38,56,56,83,83,93,93,93,93],"floor_reached":50,"playtime":1299,"items_purged":["Doubt"],"score":518,"play_id":"6fb590a0-4fdc-42dd-8bb8-300d0195751e","local_time":"20210106064748","is_ascension_mode":false,"campfire_choices":[{"data":"Whirlwind","floor":7.0,"key":"SMITH"},{"data":"Bash","floor":10.0,"key":"SMITH"},{"data":"Flame Barrier","floor":13.0,"key":"SMITH"},{"data":"True Grit","floor":15.0,"key":"SMITH"},{"data":"Limit Break","floor":23.0,"key":"SMITH"},{"data":"Inflame","floor":27.0,"key":"SMITH"},{"data":"Immolate","floor":29.0,"key":"SMITH"},{"data":"Body Slam","floor":32.0,"key":"SMITH"},{"data":"RitualDagger","floor":40.0,"key":"SMITH"},{"data":"Trip","floor":42.0,"key":"SMITH"},{"data":"Madness","floor":45.0,"key":"SMITH"},{"floor":49,"key":"RECALL"}],"circlet_count":0,"master_deck":["Strike_R+1","Strike_R+1","Strike_R+1","Strike_R+1","Strike_R+1","Defend_R+1","Defend_R+1","Defend_R+1","Bash+1","Shrug It Off+1","Whirlwind+1","Cleave+1","Power Through+1","True Grit+1","Disarm+1","Pummel+1","Evolve+1","Ghostly Armor+1","Flame Barrier+1","Limit Break+1","Immolate+1","Seeing Red+1","Anger+1","Iron Wave+1","Inflame+1","RitualDagger+1","Dual Wield+1","True Grit+1","Body Slam+1","Havoc+1","Dramatic Entrance+1","Madness+1","Trip+1","Flex+1","Rage+1","Immolate+1","Heavy Blade+1"],"relics":["Black Blood","NeowsBlessing","Paper Frog","Kunai","Orrery","Busted Crown","Whetstone","PreservedInsect","Vajra","Bottled Lightning","Akabeko","Mark of the Bloom"],"acts_visited":["Exordium","TheCity","TheBeyond"],"potions_floor_usage":[48,48],"damage_taken":[{"damage":0.0,"enemies":"Jaw Worm","floor":1.0,"turns":1.0},{"damage":0.0,"enemies":"2 Louse","floor":5.0,"turns":1.0},{"damage":0.0,"enemies":"Gremlin Nob","floor":6.0,"turns":1.0},{"damage":7.0,"enemies":"Cultist","floor":8.0,"turns":4.0},{"damage":6.0,"enemies":"Exordium Thugs","floor":12.0,"turns":5.0},{"damage":13.0,"enemies":"2 Fungi Beasts","floor":14.0,"turns":3.0},{"damage":52.0,"enemies":"The Guardian","floor":16.0,"turns":13.0},{"damage":2.0,"enemies":"Chosen","floor":18.0,"turns":3.0},{"damage":6.0,"enemies":"2 Thieves","floor":28.0,"turns":4.0},{"damage":8.0,"enemies":"Shelled Parasite and Fungi","floor":30.0,"turns":4.0},{"damage":0.0,"enemies":"Snake Plant","floor":31.0,"turns":3.0},{"damage":31.0,"enemies":"Collector","floor":33.0,"turns":11.0},{"damage":7.0,"enemies":"3 Darklings","floor":35.0,"turns":6.0},{"damage":2.0,"enemies":"3 Shapes","floor":36.0,"turns":3.0},{"damage":4.0,"enemies":"Sphere and 2 Shapes","floor":39.0,"turns":4.0},{"damage":9.0,"enemies":"4 Shapes","floor":44.0,"turns":1.0},{"damage":9.0,"enemies":"Giant Head","floor":46.0,"turns":5.0},{"damage":29,"enemies":"Maw","floor":48,"turns":7},{"damage":87,"enemies":"Awakened One","floor":50,"turns":9}],"seed_played":"8806594726053407977","potions_obtained":[{"floor":5.0,"key":"EntropicBrew"},{"floor":6.0,"key":"Explosive Potion"},{"floor":8.0,"key":"LiquidMemories"},{"floor":14.0,"key":"PowerPotion"},{"floor":18.0,"key":"SkillPotion"},{"floor":28.0,"key":"Regen Potion"},{"floor":35.0,"key":"GamblersBrew"},{"floor":44.0,"key":"Strength Potion"}],"is_trial":false,"path_per_floor":["M","?","?","T","M","E","R","M","T","R","$","M","R","M","R","B",null,"M","$","?","?","?","R","?","$","T","R","M","R","M","M","R","B",null,"M","M","?","$","M","R","?","R","T","M","R","E","?","M","R","B"],"character_chosen":"IRONCLAD","items_purchased":["Orrery","Anger","Iron Wave","Whetstone","Trip","Vajra","Flex"],"campfire_rested":0,"item_purchase_floors":[11,19,19,25,38,38,38],"current_hp_per_floor":[80,80,64,64,70,76,76,75,75,75,75,75,75,68,68,22,80,80,80,80,80,80,80,74,74,74,74,74,74,72,78,78,67,80,80,80,70,70,78,78,78,78,78,80,80,80,80,51,51,0,0],"gold":93,"neow_bonus":"THREE_ENEMY_KILL","is_daily":false,"chose_seed":false,"campfire_upgraded":11,"win_rate":0.0,"timestamp":1609933668,"path_taken":["M","?","?","?","M","E","R","M","T","R","?","?","R","M","R","BOSS","M","$","?","?","?","R","?","?","T","R","?","R","M","M","R","BOSS","M","M","?","$","M","R","?","R","T","M","R","E","?","M","R","BOSS"],"items_purchased_type":["Relic","Card","Card","Relic","Card","Relic","Card"],"build_version":"2020-12-22","purchased_purges":1,"victory":false,"max_hp_per_floor":[80,80,80,80,80,80,80,80,80,80,80,80,80,80,80,80,80,80,80,80,80,80,80,80,80,80,80,80,80,80,80,80,80,80,80,80,80,80,80,80,80,80,80,80,80,80,80,80,80,80,80],"card_choices":[{"not_picked":["Clash","Infernal Blade"],"picked":"Shrug It Off","floor":1.0},{"not_picked":["Thunderclap","Second Wind"],"picked":"Whirlwind","floor":5.0},{"not_picked":["Headbutt","Sword Boomerang"],"picked":"Cleave","floor":6.0},{"not_picked":["Uppercut","Rampage"],"picked":"Power Through","floor":8.0},{"not_picked":["Havoc","Sword Boomerang"],"picked":"True Grit","floor":11.0},{"not_picked":["Heavy Blade","Intimidate"],"picked":"Disarm","floor":11.0},{"not_picked":["Sword Boomerang","Heavy Blade"],"picked":"Pummel","floor":11.0},{"not_picked":["Heavy Blade","Battle Trance"],"picked":"Evolve","floor":11.0},{"not_picked":["Pommel Strike","Heavy Blade"],"picked":"Ghostly Armor","floor":11.0},{"not_picked":["True Grit","Heavy Blade"],"picked":"Flame Barrier","floor":12.0},{"not_picked":["Wild Strike","Seeing Red"],"picked":"Limit Break","floor":14.0},{"not_picked":["Offering","Limit Break"],"picked":"Immolate","floor":16.0},{"not_picked":[],"picked":"Seeing Red","floor":18.0},{"not_picked":[],"picked":"Dual Wield","floor":28.0},{"not_picked":[],"picked":"True Grit+1","floor":30.0},{"not_picked":[],"picked":"Body Slam","floor":31.0},{"not_picked":[],"picked":"Havoc+1","floor":35.0},{"not_picked":["Armaments"],"picked":"SKIP","floor":36.0},{"not_picked":[],"picked":"Dramatic Entrance","floor":37.0},{"not_picked":[],"picked":"Madness","floor":37.0},{"not_picked":[],"picked":"Rage","floor":39.0},{"not_picked":["Armaments"],"picked":"SKIP","floor":44.0},{"not_picked":[],"picked":"Immolate","floor":46.0},{"not_picked":[],"picked":"Heavy Blade+1","floor":48}],"player_experience":508426,"relics_obtained":[{"floor":4.0,"key":"Paper Frog"},{"floor":6.0,"key":"Kunai"},{"floor":26.0,"key":"PreservedInsect"},{"floor":43.0,"key":"Bottled Lightning"},{"floor":46.0,"key":"Akabeko"}],"event_choices":[{"damage_healed":0.0,"max_hp_gain":0.0,"max_hp_loss":0.0,"gold_gain":175.0,"event_name":"Liars Game","player_choice":"AGREE","floor":2.0,"gold_loss":0.0,"damage_taken":0.0,"cards_obtained":["Doubt"]},{"damage_healed":0.0,"max_hp_gain":0.0,"max_hp_loss":0.0,"gold_gain":0.0,"event_name":"Shining Light","player_choice":"Entered Light","floor":3.0,"gold_loss":0.0,"damage_taken":16.0,"cards_upgraded":["Defend_R","Defend_R"]},{"damage_healed":0.0,"max_hp_gain":0.0,"max_hp_loss":0.0,"gold_gain":0.0,"event_name":"Vampires","player_choice":"Ignored","floor":20.0,"gold_loss":0.0,"damage_taken":0.0},{"damage_healed":0.0,"max_hp_gain":0.0,"max_hp_loss":0.0,"gold_gain":0.0,"event_name":"The Library","player_choice":"Read","floor":21.0,"gold_loss":0.0,"damage_taken":0.0,"cards_obtained":["Inflame"]},{"damage_healed":0.0,"max_hp_gain":0.0,"max_hp_loss":0.0,"gold_gain":0.0,"event_name":"Back to Basics","player_choice":"Simplicity","floor":22.0,"gold_loss":0.0,"damage_taken":0.0,"cards_upgraded":["Strike_R","Strike_R","Strike_R","Strike_R","Strike_R","Defend_R","Defend_R"]},{"damage_healed":0.0,"max_hp_gain":0.0,"max_hp_loss":0.0,"gold_gain":0.0,"event_name":"Nest","player_choice":"Joined the Cult","floor":24.0,"gold_loss":0.0,"damage_taken":6.0,"cards_obtained":["RitualDagger"]},{"damage_healed":0.0,"max_hp_gain":0.0,"max_hp_loss":0.0,"gold_gain":0.0,"event_name":"SensoryStone","player_choice":"Memory 3","floor":37.0,"gold_loss":0.0,"damage_taken":10.0},{"cards_removed":["Defend_R"],"damage_healed":0.0,"max_hp_gain":0.0,"max_hp_loss":0.0,"gold_gain":0.0,"event_name":"Falling","player_choice":"Removed Skill","floor":41.0,"gold_loss":0.0,"damage_taken":0.0},{"damage_healed":0.0,"max_hp_gain":0.0,"max_hp_loss":0.0,"gold_gain":0.0,"event_name":"MindBloom","player_choice":"Upgrade","floor":47.0,"gold_loss":0.0,"damage_taken":0.0,"cards_upgraded":["Shrug It Off","Power Through","Disarm","Pummel","Evolve","Ghostly Armor","Seeing Red","Anger","Dual Wield","Dramatic Entrance","Flex","Rage","Immolate"],"relics_obtained":["Mark of the Bloom"]}],"is_beta":false,"boss_relics":[{"not_picked":["Coffee Dripper","Velvet Choker"],"picked":"Busted Crown"},{"not_picked":["Black Star","Astrolabe"],"picked":"Black Blood"}],"items_purged_floors":[19],"is_endless":false,"potions_floor_spawned":[5,6,8,14,18,28,31,35,44,46],"killed_by":"Awakened One","ascension_level":0}}