{"host":"j2lclbvdfoh0nnbr","time":1609942589,"event":{"mods":["Aspiration","BaseMod","Downfall","Lobotomy","LobotomyExtend","Minty Spire (QoL Compilation)","Replay The Spire","StSLib","[IsaacMod]ÒÔÈö¼âËþ"],"gold_per_floor":[113,288,303,43,43,43,86,7,7,41,41,61,61,92,92,213,276,276,276,276],"floor_reached":18,"playtime":1155,"items_purged":["Doubt"],"score":176,"play_id":"cac75437-9249-4b8d-80be-f01cb64cb9fc","local_time":"20210106221629","daily_mods":["Vintage","Heirloom","Time Dilation","DeadlyEvents","Elite Swarm"],"is_ascension_mode":false,"campfire_choices":[{"data":"hexamod:Float","floor":6,"key":"SMITH"},{"floor":11,"key":"REST"},{"data":"1","floor":13,"key":"LIFT"},{"floor":15,"key":"REST"}],"circlet_count":0,"master_deck":["hexamod:Strike","hexamod:Strike","hexamod:Strike","hexamod:Strike","hexamod:Defend","hexamod:Defend","hexamod:Defend+1","hexamod:Defend","hexamod:Sear","hexamod:Float+1","Finesse+1","expansioncontent:DarkVoid","Chrysalis+1","hexamod:VolcanoVisage","hexamod:ExtraCrispy","hexamod:WildfireWeapon","hexamod:HexaLevel","hexamod:SearingWound","Finesse+1"],"relics":["hexamod:SpiritBrand","replay:Trail_Library","HushsDoor","KeepersGift","Girya","Replay:Accelerometer","LetterFromLob","Lantern","Replay:Wax Seal","ReplayTheSpireMod:ShopPack","Golden Idol","Turnip","Ornamental Fan","Bird Faced Urn","Durian","Blue Doll","Tiny House","Heaven_r"],"acts_visited":["Exordium","TheCity"],"potions_floor_usage":[16],"damage_taken":[{"damage":0,"enemies":"Jaw Worm","floor":1,"turns":3},{"damage":0,"enemies":"Cultist","floor":3,"turns":4},{"damage":25,"enemies":"Lagavulin","floor":7,"turns":7},{"damage":10,"enemies":"Gremlin Nob","floor":10,"turns":5},{"damage":0,"enemies":"Small Slimes","floor":12,"turns":3},{"damage":23,"enemies":"Lagavulin","floor":14,"turns":6},{"damage":46,"enemies":"Slime Boss","floor":16,"turns":12},{"damage":44,"enemies":"2 Thieves","floor":18,"turns":5}],"seed_played":"3996275231045007296","potions_obtained":[{"floor":3,"key":"SteroidPotion"},{"floor":10,"key":"Milkshake"},{"floor":12,"key":"AttackPotion"},{"floor":16,"key":"Dexterity Potion"},{"floor":17,"key":"AttackPotion"}],"is_trial":true,"path_per_floor":["M","?","M","$","?","R","E","$","T","E","R","M","R","E","R","B",null,"M"],"character_chosen":"THE_SPIRIT","items_purchased":["Replay:Wax Seal","ReplayTheSpireMod:ShopPack","hexamod:ExtraCrispy"],"campfire_rested":2,"item_purchase_floors":[4,4,8],"current_hp_per_floor":[70,70,70,70,53,53,28,28,28,18,39,50,50,33,55,17,80,0,0,0],"gold":276,"neow_bonus":"","is_daily":false,"chose_seed":false,"campfire_upgraded":1,"win_rate":0.0,"timestamp":1609942589,"path_taken":["M","?","?","$","?","R","E","$","T","E","R","?","R","E","R","BOSS","M"],"items_purchased_type":["Relic","Relic","Card"],"build_version":"2020-12-22","purchased_purges":1,"victory":false,"max_hp_per_floor":[70,70,70,70,70,70,70,70,70,70,70,75,75,75,75,75,80,80,80,80],"card_choices":[{"not_picked":[],"picked":"ChaosCard","floor":0.0},{"not_picked":["ReplayTheSpireMod:Trickstab","expansioncontent:LastStand"],"picked":"Finesse","floor":4},{"not_picked":["Finesse","PanicButton"],"picked":"expansioncontent:DarkVoid","floor":4},{"not_picked":["DoctorFetus","Transmutation"],"picked":"Chrysalis","floor":4},{"not_picked":["hexamod:TurnItUp","hexamod:GhostflameInferno"],"picked":"hexamod:VolcanoVisage","floor":7},{"not_picked":["hexamod:ParanormalForm","hexamod:TurnItUp"],"picked":"hexamod:WildfireWeapon","floor":10},{"not_picked":["hexamod:TurnItUp","hexamod:FifthSeal"],"picked":"hexamod:HexaLevel","floor":14},{"not_picked":["hexamod:TimeOfNeed","hexamod:UnleashSpirits"],"picked":"hexamod:SearingWound","floor":16}],"player_experience":297287,"relics_obtained":[{"floor":1,"key":"Replay:Accelerometer"},{"floor":1,"key":"LetterFromLob"},{"floor":3,"key":"Lantern"},{"floor":7,"key":"Turnip"},{"floor":9,"key":"Ornamental Fan"},{"floor":10,"key":"Bird Faced Urn"},{"floor":12,"key":"Durian"},{"floor":14,"key":"Blue Doll"}],"event_choices":[{"damage_healed":0,"gold_gain":175,"player_choice":"AGREE","damage_taken":0,"max_hp_gain":0,"max_hp_loss":0,"event_name":"Liars Game","floor":2,"gold_loss":0,"cards_obtained":["Doubt"]},{"damage_healed":0,"gold_gain":0,"player_choice":"Take Damage","damage_taken":17,"relics_obtained":["Golden Idol"],"max_hp_gain":0,"max_hp_loss":0,"event_name":"Golden Idol","floor":5,"gold_loss":0}],"is_beta":false,"boss_relics":[{"not_picked":["Honey Jar","Replay:Drink Me"],"picked":"Tiny House"},{"not_picked":[]}],"items_purged_floors":[4],"is_endless":false,"potions_floor_spawned":[3,10,12,16,18],"killed_by":"2 Thieves","ascension_level":0}}