{"host":"usrgk25etjl0nf5i","time":1609902589,"event":{"mods":["2.2 Compatiblity","BaseMod","Downfall","Hubris","Minty Spire (QoL Compilation)","StSLib","SuperFastMode"],"gold_per_floor":[0,18,18,3,15,15,39,65,65,85,114,132,161,185,198,198,198,198],"floor_reached":16,"playtime":508,"items_purged":[],"score":204,"play_id":"f60e2780-c7c3-453e-9e67-e27e10195a12","local_time":"20210105190949","is_ascension_mode":true,"campfire_choices":[{"floor":1,"key":"RECALL"},{"data":"expansioncontent:StudyTheSpire","floor":6,"key":"SMITH"},{"floor":9,"key":"REST"}],"circlet_count":0,"master_deck":["AscendersBane","Guardian:Strike_Guardian","Guardian:Strike_Guardian","Guardian:Strike_Guardian","Guardian:Strike_Guardian","Guardian:Defend_Guardian","Guardian:Defend_Guardian","Guardian:Defend_Guardian","Guardian:Defend_Guardian","Guardian:CurlUp","Guardian:TwinSlam","expansioncontent:StudyTheSpire+1","Guardian:FuturePlans","Pain","Guardian:PrimingBeam","Guardian:Orbwalk","Guardian:SentryBeam","Guardian:MultiBeam","Guardian:PolyBeam","Guardian:Gem_Red","Guardian:SphericShield","Guardian:Gem_Purple"],"relics":["Guardian:ModeShifter","WarpedTongs","Anchor","hubris:FunFungus","hubris:BottledRain","Bottled Flame","Bronze Scales"],"acts_visited":["Exordium"],"potions_floor_usage":[8,13],"damage_taken":[{"damage":4,"enemies":"Cultist","floor":2,"turns":4},{"damage":5,"enemies":"downfall:FleeingMerchant","floor":4,"turns":4},{"damage":12,"enemies":"Jaw Worm","floor":5,"turns":3},{"damage":31,"enemies":"Gremlin Nob","floor":8,"turns":5},{"damage":0,"enemies":"2 Louse","floor":10,"turns":2},{"damage":15,"enemies":"3 Sentries","floor":11,"turns":5},{"damage":3,"enemies":"Large Slime","floor":12,"turns":5},{"damage":13,"enemies":"Lagavulin","floor":13,"turns":7},{"damage":2,"enemies":"Gremlin Gang","floor":15,"turns":1},{"damage":13,"enemies":"downfall:Defect","floor":16,"turns":3}],"seed_played":"124007281026241290","potions_obtained":[{"floor":2,"key":"EssenceOfSteel"},{"floor":5,"key":"Swift Potion"},{"floor":13,"key":"BlessingOfTheForge"},{"floor":15,"key":"sneckomod:MuddlingPotion"}],"is_trial":false,"path_per_floor":["R","M","?","$","M","R","T","E","R","M","E","M","E","T","M","B"],"character_chosen":"GUARDIAN","items_purchased":[],"campfire_rested":1,"item_purchase_floors":[],"current_hp_per_floor":[65,61,61,56,44,44,44,13,34,36,21,22,15,15,13,0,0,0],"gold":198,"neow_bonus":"RANDOM_COLORLESS_2","is_daily":false,"chose_seed":false,"campfire_upgraded":1,"win_rate":0.0,"timestamp":1609902589,"path_taken":["R","M","?","?","M","R","T","E","R","M","E","?","E","?","M","BOSS"],"items_purchased_type":[],"build_version":"2020-12-22","purchased_purges":0,"victory":false,"max_hp_per_floor":[72,72,72,72,72,72,72,72,72,72,72,72,72,72,72,72,72,72],"card_choices":[{"not_picked":["expansioncontent:QuickStudy","Chrysalis"],"picked":"expansioncontent:StudyTheSpire","floor":0},{"not_picked":["Guardian:PiercingHide","Guardian:TemporalShield"],"picked":"Guardian:FuturePlans","floor":2},{"not_picked":["Guardian:PrismaticBarrier","Guardian:Gem_Red"],"picked":"Guardian:PrimingBeam","floor":4},{"not_picked":["Guardian:WalkerClaw","Guardian:HyperBeam_Guardian"],"picked":"Guardian:Orbwalk","floor":5},{"not_picked":["Guardian:Recover","Guardian:Suspension"],"picked":"Guardian:SentryBeam","floor":8},{"not_picked":["Guardian:Suspension","Guardian:Recover"],"picked":"Guardian:MultiBeam","floor":10},{"not_picked":["Guardian:Gem_Crimson","Guardian:RollAttack"],"picked":"Guardian:PolyBeam","floor":11},{"not_picked":["Guardian:Suspension","Guardian:Planning"],"picked":"Guardian:Gem_Red","floor":12},{"not_picked":["Guardian:ShieldCharger","Guardian:Incinerate"],"picked":"Guardian:SphericShield","floor":13},{"not_picked":["Guardian:TimeBomb","Guardian:ChargeCore"],"picked":"Guardian:Gem_Purple","floor":15}],"player_experience":630044,"relics_obtained":[{"floor":7,"key":"Anchor"},{"floor":8,"key":"hubris:FunFungus"},{"floor":11,"key":"hubris:BottledRain"},{"floor":13,"key":"Bottled Flame"},{"floor":14,"key":"Bronze Scales"}],"event_choices":[],"is_beta":false,"boss_relics":[],"items_purged_floors":[],"is_endless":false,"potions_floor_spawned":[2,5,13,15],"killed_by":"downfall:Defect","ascension_level":14}}