{"host":"z9grmtg2w0nmz8n1","time":1609949750,"event":{"mods":["Aspiration","Bard","BaseMod","Beaked The Cultist","Better Altar","Better Match","Better Note","Better Sensory Stone","Better Skull","Better Third Choice","BetterRewards","CCEM","Colored Map","Conspire","Downfall","GifTheSpireLib","Googly Eyes","Halation","Hermit","Highlight Path","Hubris","Hunter ??","Jedi Mod","Jorbs\u0027s Wanderer Trilogy","Mad Scientist","Marisa????????","Minty Spire (QoL Compilation)","Permanent Neow","Replay The Spire","Shade Mod","Shop Mod","Spicy Shops","StSLib","Stuff the Spire","The Bug Knight","The Construct","The Necromancer","The Runesmith","The Witch"],"gold_per_floor":[115,115,132,144,144,174,189,67,146,157,57,68,208,208,208,304,304,316,330,330,330,19,19,37,149,174,306,306,306,422,271,403,419,419,521,521,538,538,538,558,410,514,528,656,656,670,670,670],"floor_reached":47,"playtime":3133,"items_purged":["Strike_B","Strike_B","ReplayTheSpireMod:Splinters"],"score":862,"play_id":"068886a2-b22c-4608-b543-014005dc3a90","local_time":"20210106141550","is_ascension_mode":true,"campfire_choices":[{"floor":15,"key":"REST"},{"floor":23,"key":"RECALL"},{"floor":34,"key":"REST"}],"circlet_count":0,"master_deck":["Defend_B","Defend_B","Defend_B","Defend_B","Zap","Dualcast","Rebound+1","Gash","Gash","Gash","Sweeping Beam","Undo","Sweeping Beam+1","Reboot","FTL+1","Conserve Battery+1","Rip and Tear+1","Gash+1","StuffTheSpire:GlassShard+1","Streamline+1","Parasite"],"relics":["Cracked Core","StuffTheSpire:TintedRock","jedi:crownofsimplicity","Molten Egg 2","Sozu","StuffTheSpire:Expresso","Turnip","Shuriken","StuffTheSpire:OldFever","Orichalcum","Bag of Marbles","Lantern","Whetstone","Replay:Antivirus Software","Girya","Toy Ornithopter","jedi:Pinwheel"],"acts_visited":["Exordium","TheCity","TheBeyond"],"potions_floor_usage":[13],"damage_taken":[{"damage":11,"enemies":"Jaw Worm","floor":1,"turns":3},{"damage":1,"enemies":"Cultist","floor":3,"turns":3},{"damage":0,"enemies":"2 Louse","floor":4,"turns":1},{"damage":26,"enemies":"Lagavulin","floor":6,"turns":6},{"damage":13,"enemies":"Exordium Wildlife","floor":7,"turns":3},{"damage":1,"enemies":"2 Fungi Beasts","floor":10,"turns":2},{"damage":5,"enemies":"3 Louse","floor":12,"turns":3},{"damage":6,"enemies":"3 Sentries","floor":13,"turns":5},{"damage":11,"enemies":"Hexaghost","floor":16,"turns":9},{"damage":5,"enemies":"2 Thieves","floor":18,"turns":3},{"damage":0,"enemies":"Shell Parasite","floor":19,"turns":3},{"damage":7,"enemies":"Snake Plant","floor":24,"turns":6},{"damage":0,"enemies":"Replay:Snechameleon","floor":25,"turns":6},{"damage":0,"enemies":"Gremlin Leader","floor":27,"turns":4},{"damage":5,"enemies":"Slavers","floor":30,"turns":5},{"damage":11,"enemies":"HollowMod:Nosk","floor":32,"turns":4},{"damage":17,"enemies":"Shelled Parasite and Fungi","floor":33,"turns":3},{"damage":3,"enemies":"Pondfish","floor":35,"turns":7},{"damage":0,"enemies":"3 Shapes","floor":37,"turns":2},{"damage":8,"enemies":"3 Darklings","floor":40,"turns":3},{"damage":17,"enemies":"Giant Head","floor":42,"turns":7},{"damage":3,"enemies":"Jaw Worm Horde","floor":43,"turns":3},{"damage":27,"enemies":"Nemesis","floor":44,"turns":3},{"damage":22,"enemies":"Writhing Mass","floor":46,"turns":4},{"damage":25,"enemies":"R_Hoarder","floor":47,"turns":5}],"seed_played":"6227800274331427795","potions_obtained":[{"floor":1,"key":"DuplicationPotion"},{"floor":4,"key":"FairyPotion"},{"floor":10,"key":"Adrenaline Potion"},{"floor":13,"key":"BlessingOfTheForge"}],"is_trial":false,"path_per_floor":["M","?","M","M","?","E","M","$","T","M","$","M","E","?","R","B",null,"M","M","?","?","$","R","M","E","T","E","PTL","PTL","E","$","E","M","R","B",null,"M","?","?","M","$","E","M","E","T","M","E"],"character_chosen":"DEFECT","items_purchased":["Sweeping Beam","FTL+1","Turnip","Lantern","Replay:Antivirus Software"],"campfire_rested":2,"item_purchase_floors":[8,22,22,31,41],"current_hp_per_floor":[64,64,63,63,63,37,24,24,24,23,23,18,12,12,34,23,75,70,70,70,70,70,70,63,63,63,63,63,63,58,58,47,30,52,49,75,75,75,75,67,67,50,47,20,20,22,0,0],"gold":670,"neow_bonus":"THREE_CARDS","is_daily":false,"chose_seed":false,"campfire_upgraded":0,"win_rate":0.0,"timestamp":1609949750,"path_taken":["M","?","?","M","?","E","M","?","T","M","$","M","E","?","R","BOSS","M","M","?","?","$","R","M","E","T","E","PTL","PTL","E","$","E","M","R","BOSS","M","?","?","M","$","E","M","E","T","M","E"],"items_purchased_type":["Card","Card","Relic","Relic","Relic"],"build_version":"2020-12-22","purchased_purges":3,"victory":false,"max_hp_per_floor":[75,75,75,75,75,75,75,75,75,75,75,75,75,75,75,75,75,75,75,75,75,75,75,75,75,75,75,75,75,75,75,75,75,75,75,75,75,75,75,75,75,75,75,75,75,75,75,75],"card_choices":[{"not_picked":["Compile Driver","Hologram"],"picked":"Rebound","floor":0},{"not_picked":["Darkness","Reprogram"],"picked":"Gash","floor":1},{"not_picked":["Hologram","Leap"],"picked":"Gash","floor":3},{"not_picked":["StuffTheSpire:SnapShoot","Aggregate","StuffTheSpire:ShieldGenerator"],"picked":"SKIP","floor":4},{"not_picked":["Turbo","Darkness"],"picked":"Gash","floor":6},{"not_picked":["jedi:reiji","jedi:hex","Skim"],"picked":"SKIP","floor":7},{"not_picked":["Stack","StuffTheSpire:Plugnplay"],"picked":"Undo","floor":10},{"not_picked":["Redo","Beam Cell"],"picked":"Sweeping Beam","floor":12},{"not_picked":["Lockon","jedi:overflow","ReplayTheSpireMod:GoodbyeWorld"],"picked":"SKIP","floor":13},{"not_picked":["StuffTheSpire:ForEach","Fission"],"picked":"Reboot","floor":16},{"not_picked":["Redo","Darkness","Turbo"],"picked":"SKIP","floor":18},{"not_picked":["jedi:locknload+1","Double Energy","BasicCrystalCard"],"picked":"SKIP","floor":19},{"not_picked":["ReplayTheSpireMod:GoodbyeWorld","Beam Cell+1"],"picked":"Conserve Battery+1","floor":24},{"not_picked":["Creative AI","jedi:markofdeath","jedi:BurstLightning+1"],"picked":"SKIP","floor":25},{"not_picked":["Chaos","Crystallizer"],"picked":"Rip and Tear+1","floor":27},{"not_picked":["aspiration:Polymerization+1","Coolheaded","Hologram"],"picked":"SKIP","floor":30},{"not_picked":["conspire:SharedLibrary+1","Reprogram+1"],"picked":"Gash+1","floor":32},{"not_picked":["jedi:BurstFrost","StuffTheSpire:LoadUp","ReplayTheSpireMod:Dual Polarity"],"picked":"SKIP","floor":33},{"not_picked":["Recycle+1","Coolheaded+1","Skim"],"picked":"SKIP","floor":37},{"not_picked":["Compile Driver+1","StuffTheSpire:SnapShoot+1","Redo"],"picked":"SKIP","floor":40},{"not_picked":["Multi-Cast","Crystallizer","Conserve Battery"],"picked":"SKIP","floor":42},{"not_picked":["Genetic Algorithm+1","FIFO Queue+1"],"picked":"StuffTheSpire:GlassShard+1","floor":43},{"not_picked":["jedi:reiji","conspire:Rain+1"],"picked":"Streamline+1","floor":44},{"not_picked":["Reprogram","BasicCrystalCard+1","Steam Power+1"],"picked":"SKIP","floor":46}],"player_experience":798536,"relics_obtained":[{"floor":6,"key":"StuffTheSpire:TintedRock"},{"floor":13,"key":"jedi:crownofsimplicity"},{"floor":25,"key":"Shuriken"},{"floor":26,"key":"StuffTheSpire:OldFever"},{"floor":27,"key":"Orichalcum"},{"floor":30,"key":"Bag of Marbles"},{"floor":32,"key":"Whetstone"},{"floor":42,"key":"Girya"},{"floor":44,"key":"Toy Ornithopter"},{"floor":45,"key":"jedi:Pinwheel"}],"event_choices":[{"cards_removed":["Strike_B"],"damage_healed":0,"gold_gain":0,"player_choice":"Purged","damage_taken":0,"max_hp_gain":0,"max_hp_loss":0,"event_name":"Purifier","floor":2,"gold_loss":0},{"cards_removed":["Strike_B"],"damage_healed":0,"gold_gain":0,"player_choice":"Forget","damage_taken":0,"max_hp_gain":0,"max_hp_loss":0,"event_name":"Living Wall","floor":5,"gold_loss":0},{"damage_healed":0,"gold_gain":0,"player_choice":"Gave Potion","damage_taken":0,"relics_obtained":["StuffTheSpire:Expresso"],"max_hp_gain":0,"max_hp_loss":0,"event_name":"WeMeetAgain","floor":20,"gold_loss":0},{"damage_healed":0,"gold_gain":0,"cards_transformed":["Injury"],"player_choice":"Transformed","damage_taken":0,"max_hp_gain":0,"max_hp_loss":0,"event_name":"Transmorgrifier","floor":21,"gold_loss":0,"cards_obtained":["ReplayTheSpireMod:Splinters"]},{"damage_healed":0,"gold_gain":3,"player_choice":"1","damage_taken":0,"max_hp_gain":0,"max_hp_loss":0,"event_name":"betterStone:BetterStone","floor":39,"gold_loss":0}],"is_beta":false,"boss_relics":[{"not_picked":["Abe\u0027s Treasure","StuffTheSpire:ModemDavis"],"picked":"Sozu"},{"not_picked":["halation:ForbiddenBikini","Replay:Wanted Poster","halation:Yufonium"]}],"items_purged_floors":[8,11,22],"is_endless":false,"potions_floor_spawned":[1,4,10,13,16,24,27,30,32,33,37,42,43,44],"killed_by":"R_Hoarder","ascension_level":1}}