{"host":"0m7uut7ws4kj19nt","time":1609922880,"event":{"mods":["AchievementEnabler","BaseMod","Minty Spire (QoL Compilation)","Replay The Spire","StSLib","The Cursed","The Necromancer"],"gold_per_floor":[109,109,109,109,123,156,169,93,93,93,163,163,197,207,207,207,207],"floor_reached":16,"playtime":544,"items_purged":[],"score":173,"play_id":"836ebde9-06b6-46a6-b558-0c7480fb7740","local_time":"20210106154800","is_ascension_mode":true,"campfire_choices":[{"data":"Neutralize","floor":10,"key":"SMITH"},{"data":"Deflect","floor":12,"key":"SMITH"},{"data":"Flying Knee","floor":15,"key":"SMITH"}],"circlet_count":0,"master_deck":["Strike_G","Strike_G","Strike_G","Strike_G","Defend_G","Defend_G+1","Defend_G","Defend_G","Survivor","Neutralize+1","Blur","Backflip","Deflect+1","ReplayTheSpireMod:Exploit Weakness","All Out Attack","Wraith Form v2","Flying Knee+1"],"relics":["Ring of the Snake","NeowsBlessing","Ornamental Fan","The Courier","InkBottle","Pondfish Scales"],"acts_visited":["Exordium"],"potions_floor_usage":[],"damage_taken":[{"damage":0,"enemies":"2 Louse","floor":1,"turns":1},{"damage":0,"enemies":"Small Slimes","floor":5,"turns":1},{"damage":0,"enemies":"Gremlin Nob","floor":6,"turns":1},{"damage":0,"enemies":"Jaw Worm","floor":7,"turns":4},{"damage":22,"enemies":"Lagavulin","floor":13,"turns":15},{"damage":0,"enemies":"Gremlin Gang","floor":14,"turns":6},{"damage":2,"enemies":"Hexaghost","floor":16,"turns":5}],"seed_played":"6694215523832340411","potions_obtained":[{"floor":6,"key":"SpeedPotion"},{"floor":13,"key":"Energy Potion"}],"is_trial":false,"path_per_floor":["M","?","?","?","M","E","M","$","T","R","T","R","E","M","R","B"],"character_chosen":"THE_SILENT","items_purchased":["All Out Attack"],"campfire_rested":0,"item_purchase_floors":[8],"current_hp_per_floor":[63,63,56,56,56,56,56,56,56,56,56,56,34,34,34,32,32],"gold":207,"neow_bonus":"THREE_ENEMY_KILL","is_daily":false,"chose_seed":false,"campfire_upgraded":3,"win_rate":0.0,"timestamp":1609922880,"path_taken":["M","?","?","?","?","E","?","$","T","R","?","R","E","M","R","BOSS"],"items_purchased_type":["Card"],"build_version":"2020-12-22","purchased_purges":0,"victory":false,"max_hp_per_floor":[70,70,70,70,70,70,70,70,70,70,70,70,70,70,70,70,70],"card_choices":[{"not_picked":["Dodge and Roll","Acrobatics"],"picked":"Blur","floor":1},{"not_picked":["Deflect","Acrobatics"],"picked":"Backflip","floor":5},{"not_picked":["Masterful Stab","Hidden Blade"],"picked":"Deflect","floor":6},{"not_picked":["PiercingWail","Prepared"],"picked":"ReplayTheSpireMod:Exploit Weakness","floor":7},{"not_picked":["Quick Slash","Night Terror"],"picked":"Wraith Form v2","floor":13},{"not_picked":["Dodge and Roll","Underhanded Strike"],"picked":"Flying Knee","floor":14}],"player_experience":134203,"relics_obtained":[{"floor":6,"key":"Ornamental Fan"},{"floor":9,"key":"The Courier"},{"floor":11,"key":"InkBottle"},{"floor":13,"key":"Pondfish Scales"}],"event_choices":[{"cards_removed":["Defend_G"],"damage_healed":0,"gold_gain":0,"player_choice":"Forget","damage_taken":0,"max_hp_gain":0,"max_hp_loss":0,"event_name":"Living Wall","floor":2,"gold_loss":0},{"cards_removed":["Strike_G"],"damage_healed":0,"gold_gain":0,"player_choice":"Card Removal","damage_taken":7,"max_hp_gain":0,"max_hp_loss":0,"event_name":"Golden Wing","floor":3,"gold_loss":0}],"is_beta":false,"boss_relics":[],"items_purged_floors":[],"is_endless":false,"potions_floor_spawned":[6,13],"killed_by":"Hexaghost","ascension_level":6}}