{"host":"ch74xfb1n85e86fc","time":1609914465,"event":{"mods":["AchievementEnabler","BaseMod","Colored Map","DeckTracker","Minty Spire (QoL Compilation)","Relic Stats","StSLib","SuperFastMode","everything is the same but u backflip on backflip"],"gold_per_floor":[20,33,33,133,147,147,0,33,58,76,89,107,107,120,120,248,248,261,15,36,59,79,79,79,79,103,136,148,173,100,148,160,300,312,345,375,401,438,20,59,122,122,122,182,215,215,215,259,259,259,259,259,31,66,66],"floor_reached":56,"playtime":1990,"items_purged":["Strike_G","Strike_G","Strike_G","Defend_G"],"score":1592,"play_id":"99e41775-8cf2-46a7-a975-339afec35302","local_time":"20210106152745","is_ascension_mode":true,"campfire_choices":[{"data":"Terror","floor":6.0,"key":"SMITH"},{"data":"Crippling Poison","floor":15.0,"key":"SMITH"},{"data":"Acrobatics","floor":23.0,"key":"SMITH"},{"data":"Prepared","floor":28.0,"key":"SMITH"},{"data":"Skewer","floor":32,"key":"SMITH"},{"data":"Cloak And Dagger","floor":42,"key":"SMITH"},{"data":"Venomology","floor":46,"key":"SMITH"},{"floor":49,"key":"RECALL"},{"data":"Neutralize","floor":52,"key":"SMITH"}],"circlet_count":0,"master_deck":["Defend_G","Defend_G","Defend_G","Survivor","Neutralize+1","Bane","Terror+1","Quick Slash","Poisoned Stab","Masterful Stab","Crippling Poison+1","Skewer+1","Finisher","Noxious Fumes","Dash","Venomology+1","Backstab","Corpse Explosion","Blade Dance+1","PiercingWail+1","Blade Dance+1","Acrobatics+1","Prepared+1","Cloak And Dagger+1","Malaise","Blade Dance+1","Dodge and Roll+1","Acrobatics+1","Cloak And Dagger+1","Reflex","Skewer+1","Calculated Gamble","Escape Plan"],"relics":["Ring of the Snake","Golden Idol","Strawberry","Potion Belt","HoveringKite","Chemical X","MutagenicStrength","Nunchaku","MawBank","Bag of Preparation","Vajra","WristBlade","Boot","PreservedInsect","HornCleat","StoneCalendar","Bird Faced Urn","Prayer Wheel","Tough Bandages","Tingsha"],"acts_visited":["Exordium","TheCity","TheBeyond","TheEnding"],"potions_floor_usage":[31,33,33,35,36,37,38,40,40,50,50,55],"damage_taken":[{"damage":2.0,"enemies":"2 Louse","floor":1.0,"turns":3.0},{"damage":0.0,"enemies":"Cultist","floor":2.0,"turns":3.0},{"damage":0.0,"enemies":"Jaw Worm","floor":5.0,"turns":3.0},{"damage":21.0,"enemies":"3 Sentries","floor":8.0,"turns":10.0},{"damage":2.0,"enemies":"3 Louse","floor":10.0,"turns":2.0},{"damage":1.0,"enemies":"Blue Slaver","floor":11.0,"turns":3.0},{"damage":0.0,"enemies":"Large Slime","floor":12.0,"turns":2.0},{"damage":8.0,"enemies":"2 Fungi Beasts","floor":14.0,"turns":4.0},{"damage":0.0,"enemies":"Slime Boss","floor":16.0,"turns":5.0},{"damage":11.0,"enemies":"3 Byrds","floor":18.0,"turns":4.0},{"damage":0.0,"enemies":"Spheric Guardian","floor":20.0,"turns":1.0},{"damage":8.0,"enemies":"Snake Plant","floor":21.0,"turns":4.0},{"damage":10.0,"enemies":"Snecko","floor":22.0,"turns":4.0},{"damage":7.0,"enemies":"Slavers","floor":27.0,"turns":2.0},{"damage":0.0,"enemies":"3 Cultists","floor":29.0,"turns":1.0},{"damage":0,"enemies":"Gremlin Leader","floor":31,"turns":1},{"damage":25,"enemies":"Collector","floor":33,"turns":7},{"damage":2,"enemies":"3 Darklings","floor":35,"turns":4},{"damage":19,"enemies":"3 Shapes","floor":36,"turns":6},{"damage":20,"enemies":"Transient","floor":37,"turns":5},{"damage":0,"enemies":"Maw","floor":38,"turns":2},{"damage":0,"enemies":"Giant Head","floor":40,"turns":1},{"damage":0,"enemies":"Mind Bloom Boss Battle","floor":41,"turns":3},{"damage":0,"enemies":"2 Orb Walkers","floor":44,"turns":2},{"damage":0,"enemies":"Nemesis","floor":45,"turns":1},{"damage":0,"enemies":"Reptomancer","floor":48,"turns":1},{"damage":27,"enemies":"Donu and Deca","floor":50,"turns":5},{"damage":0,"enemies":"Shield and Spear","floor":54,"turns":1},{"damage":39,"enemies":"The Heart","floor":55,"turns":7}],"seed_played":"4229048208709880176","potions_obtained":[{"floor":5.0,"key":"SteroidPotion"},{"floor":8.0,"key":"FearPotion"},{"floor":10.0,"key":"CunningPotion"},{"floor":11.0,"key":"Weak Potion"},{"floor":18.0,"key":"SkillPotion"},{"floor":33,"key":"FearPotion"},{"floor":37,"key":"Energy Potion"}],"is_trial":false,"path_per_floor":["M","M","?","?","M","R","$","E","T","M","M","M","?","M","R","B",null,"M","$","M","M","M","R","?","?","T","E","R","M","?","E","R","B",null,"M","M","M","M","$","E","?","R","T","?","E","R","?","E","R","B",null,"R","$","E","B",null],"character_chosen":"THE_SILENT","items_purchased":["Crippling Poison","Chemical X","Boot","PreservedInsect","Calculated Gamble"],"campfire_rested":0,"item_purchase_floors":[7,19,39,39,53],"current_hp_per_floor":[68,68,51,51,51,51,51,37,37,35,34,34,34,26,26,26,77,66,66,66,58,48,48,48,48,48,41,41,41,41,41,41,16,77,75,56,36,36,36,36,36,36,36,36,36,36,36,36,36,23,77,77,77,77,38],"gold":66,"neow_bonus":"TRANSFORM_TWO_CARDS","is_daily":false,"chose_seed":false,"campfire_upgraded":8,"win_rate":0.0,"timestamp":1609914465,"path_taken":["M","M","?","?","M","R","$","E","T","?","M","M","?","M","R","BOSS","M","$","M","M","M","R","?","?","T","E","R","M","?","E","R","BOSS","M","M","M","M","$","E","?","R","T","?","E","R","?","E","R","BOSS","R","$","E","BOSS"],"items_purchased_type":["Card","Relic","Relic","Relic","Card"],"build_version":"2020-12-22","purchased_purges":4,"victory":true,"max_hp_per_floor":[70,70,70,70,70,70,70,77,77,77,77,77,77,77,77,77,77,77,77,77,77,77,77,77,77,77,77,77,77,77,77,77,77,77,77,77,77,77,77,77,77,77,77,77,77,77,77,77,77,77,77,77,77,77,77],"relic_stats":{"counters":[29,97],"Golden Idol":232,"HoveringKite":[24],"StoneCalendar":[0],"Tingsha":[45],"PreservedInsect":299,"Bag of Preparation":[28],"MawBank":144,"Boot":[0],"Nunchaku":[23],"Tough Bandages":[60],"Bird Faced Urn":[0],"Prayer Wheel":0,"Chemical X":[19],"obtain_stats":[{"Potion Belt":9,"Golden Idol":3,"HoveringKite":17,"Vajra":31,"StoneCalendar":41,"Tingsha":54,"PreservedInsect":39,"Bag of Preparation":30,"MawBank":27,"Boot":39,"Nunchaku":26,"Tough Bandages":48,"HornCleat":40,"WristBlade":34,"Strawberry":8,"MutagenicStrength":25,"Bird Faced Urn":44,"Prayer Wheel":45,"Chemical X":19,"Ring of the Snake":0},{"Potion Belt":4,"Golden Idol":2,"HoveringKite":9,"Vajra":16,"StoneCalendar":23,"Tingsha":28,"PreservedInsect":21,"Bag of Preparation":15,"MawBank":14,"Boot":21,"Nunchaku":13,"Tough Bandages":26,"HornCleat":22,"WristBlade":17,"Strawberry":4,"MutagenicStrength":13,"Bird Faced Urn":24,"Prayer Wheel":25,"Chemical X":10,"Ring of the Snake":0},{"Potion Belt":19,"Golden Idol":6,"HoveringKite":35,"Vajra":52,"StoneCalendar":80,"Tingsha":90,"PreservedInsect":76,"Bag of Preparation":51,"MawBank":50,"Boot":76,"Nunchaku":48,"Tough Bandages":84,"HornCleat":77,"WristBlade":59,"Strawberry":19,"MutagenicStrength":48,"Bird Faced Urn":82,"Prayer Wheel":83,"Chemical X":39,"Ring of the Snake":0}],"Ring of the Snake":[58]},"card_choices":[{"not_picked":["Skewer","Leg Sweep"],"picked":"Quick Slash","floor":1.0},{"not_picked":["Sucker Punch","Deflect"],"picked":"Poisoned Stab","floor":2.0},{"not_picked":["Footwork","Slice"],"picked":"Masterful Stab","floor":5.0},{"not_picked":["PiercingWail","Deadly Poison"],"picked":"Skewer","floor":8.0},{"not_picked":["Prepared","Blur"],"picked":"Finisher","floor":10.0},{"not_picked":["Outmaneuver","Deadly Poison"],"picked":"Noxious Fumes","floor":11.0},{"not_picked":["Backflip","PiercingWail"],"picked":"Dash","floor":12.0},{"not_picked":["Infinite Blades","Reflex"],"picked":"Backstab","floor":14.0},{"not_picked":["Envenom","Phantasmal Killer"],"picked":"Corpse Explosion","floor":16.0},{"not_picked":["Terror+1","Outmaneuver"],"picked":"Blade Dance+1","floor":18.0},{"not_picked":["Escape Plan","Choke"],"picked":"PiercingWail+1","floor":20.0},{"not_picked":["Dagger Spray","Dodge and Roll"],"picked":"Blade Dance+1","floor":21.0},{"not_picked":["Phantasmal Killer","Dagger Throw"],"picked":"Acrobatics","floor":22.0},{"not_picked":["Underhanded Strike","Eviscerate"],"picked":"Prepared","floor":27.0},{"not_picked":["Deadly Poison+1","Deflect+1"],"picked":"Cloak And Dagger+1","floor":29.0},{"not_picked":["Storm of Steel","Masterful Stab","All Out Attack"],"picked":"SKIP","floor":31},{"not_picked":["Bullet Time","Die Die Die"],"picked":"Malaise","floor":33},{"not_picked":["Eviscerate+1","Bane+1"],"picked":"Blade Dance+1","floor":35},{"not_picked":["Blur","Noxious Fumes+1"],"picked":"Dodge and Roll+1","floor":36},{"not_picked":["Escape Plan+1","Poisoned Stab"],"picked":"Acrobatics+1","floor":37},{"not_picked":["Predator+1","Quick Slash"],"picked":"Cloak And Dagger","floor":38},{"not_picked":["Acrobatics","Underhanded Strike","Phantasmal Killer"],"picked":"SKIP","floor":40},{"not_picked":["Masterful Stab+1","Predator+1"],"picked":"Reflex","floor":41},{"not_picked":["Dash+1","Crippling Poison","Noxious Fumes+1"],"picked":"SKIP","floor":45},{"not_picked":["Skewer","Underhanded Strike","Catalyst+1"],"picked":"SKIP","floor":48},{"not_picked":["Reflex","Blade Dance+1"],"picked":"Escape Plan","floor":54}],"player_experience":34034,"relics_obtained":[{"floor":8.0,"key":"Strawberry"},{"floor":9.0,"key":"Potion Belt"},{"floor":26.0,"key":"Nunchaku"},{"floor":27.0,"key":"MawBank"},{"floor":31,"key":"Vajra"},{"floor":40,"key":"HornCleat"},{"floor":41,"key":"StoneCalendar"},{"floor":44,"key":"Bird Faced Urn"},{"floor":45,"key":"Prayer Wheel"},{"floor":48,"key":"Tough Bandages"},{"floor":54,"key":"Tingsha"}],"event_choices":[{"damage_healed":0.0,"max_hp_gain":0.0,"max_hp_loss":0.0,"gold_gain":0.0,"event_name":"Golden Idol","player_choice":"Take Damage","floor":3.0,"gold_loss":0.0,"damage_taken":17.0,"relics_obtained":["Golden Idol"]},{"damage_healed":0.0,"max_hp_gain":0.0,"max_hp_loss":0.0,"gold_gain":100.0,"event_name":"Golden Shrine","player_choice":"Pray","floor":4.0,"gold_loss":0.0,"damage_taken":0.0},{"damage_healed":0.0,"max_hp_gain":0.0,"max_hp_loss":0.0,"gold_gain":0.0,"cards_transformed":["Strike_G"],"event_name":"Living Wall","player_choice":"Change","floor":13.0,"gold_loss":0.0,"damage_taken":0.0,"cards_obtained":["Venomology"]},{"damage_healed":0.0,"max_hp_gain":0.0,"max_hp_loss":0.0,"gold_gain":0.0,"event_name":"Ghosts","player_choice":"Ignored","floor":24.0,"gold_loss":0.0,"damage_taken":0.0},{"damage_healed":0.0,"max_hp_gain":0.0,"max_hp_loss":0.0,"gold_gain":0.0,"event_name":"Drug Dealer","player_choice":"Inject Mutagens","floor":25.0,"gold_loss":0.0,"damage_taken":0.0,"relics_obtained":["MutagenicStrength"]},{"damage_healed":0.0,"max_hp_gain":0.0,"max_hp_loss":0.0,"gold_gain":0.0,"event_name":"Addict","player_choice":"Obtained Relic","floor":30.0,"gold_loss":85.0,"damage_taken":0.0,"relics_obtained":["Bag of Preparation"]},{"damage_healed":0,"gold_gain":0,"player_choice":"Fight","damage_taken":0,"max_hp_gain":0,"max_hp_loss":0,"event_name":"MindBloom","floor":41,"gold_loss":0},{"damage_healed":0,"gold_gain":0,"player_choice":"Fight","damage_taken":0,"max_hp_gain":0,"max_hp_loss":0,"event_name":"Mysterious Sphere","floor":44,"gold_loss":0},{"damage_healed":0,"gold_gain":0,"player_choice":"Copied","damage_taken":0,"max_hp_gain":0,"max_hp_loss":0,"event_name":"Duplicator","floor":47,"gold_loss":0,"cards_obtained":["Skewer"]}],"is_beta":false,"boss_relics":[{"not_picked":["Snecko Eye","Sozu"],"picked":"HoveringKite"},{"not_picked":["Runic Dome","Black Star"],"picked":"WristBlade"}],"items_purged_floors":[7,19,39,53],"is_endless":false,"potions_floor_spawned":[5,8,10,11,18,22,33,35,37,48,54],"ascension_level":2}}