{"host":"nptej036rrbiurf5","time":1609896276,"event":{"mods":["BaseMod","Colored Map","Colored Powertips","DeckTracker","Minty Spire (QoL Compilation)","StSLib","SuperFastMode"],"gold_per_floor":[115,115,22,22,39,74,88,88,88,88,101,101,117,117,117,192,192,205,205,220,238,80,80,96,96,96,111,121,121,121,121,121,192,192,207,15,32,49,0,0,18,49,49,49,65,84,84,95,95,95,95],"floor_reached":52,"playtime":1255,"items_purged":["Strike_R","Strike_R"],"score":1822,"play_id":"04db9b83-74a7-4657-b918-3c21db1d5c15","local_time":"20210106102436","is_ascension_mode":true,"campfire_choices":[{"data":"Searing Blow","floor":8.0,"key":"SMITH"},{"data":"Searing Blow+1","floor":10.0,"key":"SMITH"},{"data":"Searing Blow+2","floor":12.0,"key":"SMITH"},{"data":"Searing Blow+3","floor":15.0,"key":"SMITH"},{"data":"Searing Blow+4","floor":23.0,"key":"SMITH"},{"data":"Searing Blow+5","floor":25.0,"key":"SMITH"},{"data":"Searing Blow+6","floor":29.0,"key":"SMITH"},{"data":"Searing Blow+7","floor":32.0,"key":"SMITH"},{"data":"Searing Blow+8","floor":40.0,"key":"SMITH"},{"data":"Searing Blow+9","floor":44.0,"key":"SMITH"},{"floor":49,"key":"RECALL"}],"circlet_count":0,"master_deck":["AscendersBane","Defend_R","Defend_R","Defend_R","Bash","Pummel","Shrug It Off","Inflame+1","Searing Blow+10","Warcry","Feel No Pain+1","Pommel Strike+1","Disarm","Dark Embrace+1","Disarm","Necronomicurse","Double Tap","Dual Wield+1","Battle Trance+1","Twin Strike+1","True Grit+1","Purity","Dark Embrace+1","Seeing Red"],"relics":["Burning Blood","NeowsBlessing","Ginger","Du-Vu Doll","Sozu","Meat on the Bone","Necronomicon","Astrolabe","Red Mask","Dream Catcher"],"acts_visited":["Exordium","TheCity","TheBeyond"],"potions_floor_usage":[],"damage_taken":[{"damage":0.0,"enemies":"Jaw Worm","floor":1.0,"turns":1.0},{"damage":0.0,"enemies":"2 Louse","floor":5.0,"turns":1.0},{"damage":0.0,"enemies":"Gremlin Nob","floor":6.0,"turns":1.0},{"damage":7.0,"enemies":"Small Slimes","floor":7.0,"turns":3.0},{"damage":0.0,"enemies":"Exordium Wildlife","floor":11.0,"turns":2.0},{"damage":6.0,"enemies":"2 Fungi Beasts","floor":13.0,"turns":2.0},{"damage":51.0,"enemies":"The Guardian","floor":16.0,"turns":13.0},{"damage":29.0,"enemies":"2 Thieves","floor":18.0,"turns":4.0},{"damage":3.0,"enemies":"Spheric Guardian","floor":20.0,"turns":4.0},{"damage":7.0,"enemies":"Cultist and Chosen","floor":21.0,"turns":5.0},{"damage":8.0,"enemies":"Snake Plant","floor":24.0,"turns":3.0},{"damage":5.0,"enemies":"Centurion and Healer","floor":27.0,"turns":4.0},{"damage":0.0,"enemies":"Snecko","floor":28.0,"turns":2.0},{"damage":21.0,"enemies":"Champ","floor":33.0,"turns":6.0},{"damage":21.0,"enemies":"3 Shapes","floor":35.0,"turns":3.0},{"damage":0.0,"enemies":"Orb Walker","floor":37.0,"turns":1.0},{"damage":28.0,"enemies":"Transient","floor":38.0,"turns":6.0},{"damage":17.0,"enemies":"3 Darklings","floor":41.0,"turns":7.0},{"damage":7.0,"enemies":"Nemesis","floor":42.0,"turns":5.0},{"damage":0.0,"enemies":"Writhing Mass","floor":45.0,"turns":1.0},{"damage":0.0,"enemies":"Maw","floor":46.0,"turns":2.0},{"damage":3,"enemies":"Transient","floor":48,"turns":6},{"damage":50,"enemies":"Time Eater","floor":50,"turns":4},{"damage":16,"enemies":"Donu and Deca","floor":51,"turns":4}],"seed_played":"1760555332024783700","potions_obtained":[{"floor":1.0,"key":"LiquidBronze"},{"floor":6.0,"key":"SneckoOil"},{"floor":16.0,"key":"EssenceOfSteel"}],"is_trial":false,"path_per_floor":["M","?","$","?","M","E","M","R","T","R","M","R","M","?","R","B",null,"M","?","M","M","$","R","M","R","T","M","M","R","?","?","R","B",null,"M","$","M","M","?","R","M","E","T","R","M","M","?","M","R","B","B",null],"character_chosen":"IRONCLAD","items_purchased":["Pummel","Shrug It Off","Disarm","Purity"],"campfire_rested":0,"item_purchase_floors":[3,3,22,36],"current_hp_per_floor":[74,79,79,79,80,80,79,79,79,79,80,80,80,56,56,11,63,40,40,43,42,42,42,40,40,40,53,59,59,38,38,38,35,69,54,54,60,50,50,50,51,50,50,50,56,62,62,65,65,33,35],"gold":95,"neow_bonus":"THREE_ENEMY_KILL","is_daily":false,"chose_seed":false,"campfire_upgraded":10,"win_rate":0.0,"timestamp":1609896276,"path_taken":["M","?","$","?","M","E","M","R","T","R","?","R","M","?","R","BOSS","M","?","M","M","$","R","?","R","T","M","M","R","?","?","R","BOSS","M","$","M","?","?","R","M","E","T","R","M","M","?","M","R","BOSS","BOSS"],"items_purchased_type":["Card","Card","Card","Card"],"build_version":"2020-12-22","purchased_purges":2,"victory":true,"max_hp_per_floor":[75,80,80,80,80,80,80,80,80,80,80,80,80,80,80,80,80,80,80,80,80,80,80,80,80,80,80,80,80,80,80,80,80,80,80,80,80,80,80,80,80,80,80,80,80,80,80,80,80,80,80],"card_choices":[{"not_picked":["Rage","Iron Wave","Havoc"],"picked":"SKIP","floor":1.0},{"not_picked":["Fire Breathing","Flame Barrier"],"picked":"Inflame","floor":5.0},{"not_picked":["Clash","Infernal Blade"],"picked":"Searing Blow","floor":6.0},{"not_picked":["Body Slam","Perfected Strike","Clash"],"picked":"SKIP","floor":7.0},{"not_picked":["Cleave","Combust"],"picked":"Warcry","floor":11.0},{"not_picked":["Rupture","Fire Breathing"],"picked":"Feel No Pain","floor":13.0},{"not_picked":["Clothesline","Body Slam","Perfected Strike+1"],"picked":"SKIP","floor":18.0},{"not_picked":["Body Slam","Wild Strike","Anger"],"picked":"SKIP","floor":20.0},{"not_picked":["Rage","Rupture"],"picked":"Pommel Strike+1","floor":21.0},{"not_picked":["Heavy Blade+1","Cleave+1","Anger"],"picked":"SKIP","floor":24.0},{"not_picked":["Clash","Sword Boomerang+1"],"picked":"Dark Embrace+1","floor":27.0},{"not_picked":["Anger","Limit Break"],"picked":"Disarm","floor":28.0},{"not_picked":["Reaper","Demon Form"],"picked":"Double Tap","floor":33.0},{"not_picked":["Body Slam","Headbutt+1"],"picked":"True Grit+1","floor":35.0},{"not_picked":["Sentinel+1","Sword Boomerang"],"picked":"Dark Embrace+1","floor":37.0},{"not_picked":["Combust","Anger","Entrench"],"picked":"SKIP","floor":38.0},{"not_picked":["Clash","Ghostly Armor","Cleave"],"picked":"SKIP","floor":41.0},{"not_picked":["Power Through","Perfected Strike","Immolate"],"picked":"SKIP","floor":42.0},{"not_picked":["Havoc+1","Armaments"],"picked":"Seeing Red","floor":45.0},{"not_picked":["Havoc","Sever Soul+1","Uppercut+1"],"picked":"SKIP","floor":46.0},{"not_picked":["Wild Strike","Heavy Blade","Armaments"],"picked":"SKIP","floor":48}],"player_experience":879073,"relics_obtained":[{"floor":6.0,"key":"Ginger"},{"floor":9.0,"key":"Du-Vu Doll"},{"floor":26.0,"key":"Meat on the Bone"},{"floor":30.0,"key":"Necronomicon"},{"floor":42.0,"key":"Dream Catcher"}],"event_choices":[{"damage_healed":0.0,"max_hp_gain":5.0,"max_hp_loss":0.0,"gold_gain":0.0,"event_name":"Big Fish","player_choice":"Donut","floor":2.0,"gold_loss":0.0,"damage_taken":0.0},{"damage_healed":0.0,"max_hp_gain":0.0,"max_hp_loss":0.0,"gold_gain":0.0,"event_name":"Liars Game","player_choice":"Ignored","floor":4.0,"gold_loss":0.0,"damage_taken":0.0},{"damage_healed":0.0,"max_hp_gain":0.0,"max_hp_loss":0.0,"gold_gain":0.0,"event_name":"Shining Light","player_choice":"Entered Light","floor":14.0,"gold_loss":0.0,"damage_taken":24.0,"cards_upgraded":["Inflame","Feel No Pain"]},{"cards_removed":["Strike_R"],"damage_healed":0.0,"max_hp_gain":0.0,"max_hp_loss":0.0,"gold_gain":0.0,"event_name":"Purifier","player_choice":"Purged","floor":19.0,"gold_loss":0.0,"damage_taken":0.0},{"damage_healed":0.0,"max_hp_gain":0.0,"max_hp_loss":0.0,"gold_gain":0.0,"event_name":"Cursed Tome","player_choice":"Obtained Book","floor":30.0,"gold_loss":0.0,"damage_taken":21.0},{"damage_healed":0.0,"max_hp_gain":0.0,"max_hp_loss":0.0,"gold_gain":0.0,"event_name":"Lab","player_choice":"Got Potions","floor":31.0,"gold_loss":0.0,"damage_taken":0.0},{"damage_healed":0.0,"max_hp_gain":0.0,"max_hp_loss":0.0,"gold_gain":0.0,"event_name":"Tomb of Lord Red Mask","player_choice":"Paid","floor":39.0,"gold_loss":49.0,"damage_taken":0.0,"relics_obtained":["Red Mask"]},{"damage_healed":0,"gold_gain":0,"player_choice":"Ignored","damage_taken":0,"max_hp_gain":0,"max_hp_loss":0,"event_name":"Transmorgrifier","floor":47,"gold_loss":0}],"is_beta":false,"boss_relics":[{"not_picked":["Cursed Key","Pandora\u0027s Box"],"picked":"Sozu"},{"not_picked":["Runic Pyramid","Calling Bell"],"picked":"Astrolabe"}],"items_purged_floors":[22,36],"is_endless":false,"potions_floor_spawned":[1,6,16,21,24,28,35,41,45,46],"ascension_level":20}}