{"host":"1a3cjta80tad0aqj","time":1609909044,"event":{"mods":["2.2 Compatiblity","AchievementEnabler","BaseMod","Colored Map","DeckTracker","KOR Keyword Fix","Keyboard Shortcuts","Minty Spire (QoL Compilation)","Permanent Neow","Quick Restart","Random Character Button","StSLib","SuperFastMode","everything is the same but u backflip on backflip"],"gold_per_floor":[119,294,294,47,60,60,87,87,112,131,131,141,15,15,15,117,117,136,235,253,270,289,289,24,24,50,65,79,79,79,79,79,79,79],"floor_reached":33,"playtime":1172,"items_purged":["Doubt","Defend_B"],"score":295,"play_id":"609cebba-3a4a-465d-9227-43038fef1a0f","local_time":"20210106135724","is_ascension_mode":false,"campfire_choices":[{"floor":8,"key":"REST"},{"data":"Zap","floor":11,"key":"SMITH"},{"floor":15,"key":"REST"},{"floor":23,"key":"REST"},{"data":"Hyperbeam","floor":32,"key":"SMITH"}],"circlet_count":0,"master_deck":["Defend_B","Defend_B","Defend_B+1","Zap+1","Dualcast","Leap","White Noise","Rebound","Redo","Sweeping Beam","Hyperbeam+1","Consume","Hyperbeam","Skim+1","Beam Cell","Electrodynamics","Rip and Tear","FTL","Writhe","Bite","Bite","Bite","Bite","Bite","Ghostly","Ghostly","Ghostly","Ghostly","Ghostly"],"relics":["Busted Crown","Vajra","Symbiotic Virus","Juzu Bracelet","Inserter","Enchiridion","PreservedInsect","Pear"],"acts_visited":["Exordium","TheCity"],"potions_floor_usage":[16,16,21,22,22,27,33],"damage_taken":[{"damage":9,"enemies":"2 Louse","floor":1,"turns":3},{"damage":0,"enemies":"Cultist","floor":5,"turns":3},{"damage":13,"enemies":"3 Sentries","floor":7,"turns":9},{"damage":0,"enemies":"Jaw Worm","floor":10,"turns":2},{"damage":8,"enemies":"2 Fungi Beasts","floor":12,"turns":3},{"damage":31,"enemies":"Hexaghost","floor":16,"turns":8},{"damage":5,"enemies":"Chosen","floor":18,"turns":3},{"damage":22,"enemies":"Shell Parasite","floor":20,"turns":5},{"damage":16,"enemies":"Snake Plant","floor":21,"turns":2},{"damage":0,"enemies":"Sentry and Sphere","floor":22,"turns":3},{"damage":7,"enemies":"Snecko","floor":27,"turns":3},{"damage":29,"enemies":"Shelled Parasite and Fungi","floor":28,"turns":4},{"damage":18,"enemies":"Champ","floor":33,"turns":2}],"seed_played":"2958930072744072237","potions_obtained":[{"floor":1,"key":"Energy Potion"},{"floor":7,"key":"AttackPotion"},{"floor":10,"key":"Weak Potion"},{"floor":16,"key":"Ancient Potion"},{"floor":18,"key":"Swift Potion"},{"floor":21,"key":"SneckoOil"},{"floor":28,"key":"Fire Potion"}],"is_trial":false,"path_per_floor":["M","?","?","$","M","?","E","R","T","M","R","M","$","?","R","B",null,"M","?","M","M","M","R","$","?","T","M","M","?","?","?","R","B"],"character_chosen":"DEFECT","items_purchased":["Vajra","Leap","Sweeping Beam","Explosive Potion","Electrodynamics","Rip and Tear"],"campfire_rested":3,"item_purchase_floors":[4,4,13,24,24,24],"current_hp_per_floor":[66,66,51,51,51,44,31,53,53,53,53,45,45,45,67,36,75,70,70,48,32,32,54,54,38,38,31,2,12,12,12,12,0,0],"gold":79,"neow_bonus":"BOSS_RELIC","is_daily":false,"chose_seed":false,"campfire_upgraded":2,"win_rate":0.0,"timestamp":1609909044,"path_taken":["M","?","?","$","M","?","E","R","T","M","R","M","$","?","R","BOSS","M","?","M","M","M","R","$","?","T","M","M","?","?","?","R","BOSS"],"items_purchased_type":["Relic","Card","Card","Potion","Card","Card"],"build_version":"2020-12-22","purchased_purges":2,"victory":false,"max_hp_per_floor":[75,75,75,75,75,75,75,75,75,75,75,75,75,75,75,75,75,75,75,75,75,75,75,75,75,75,75,75,85,59,29,29,29,29],"card_choices":[{"not_picked":[],"picked":"Blizzard","floor":1},{"not_picked":[],"picked":"White Noise","floor":5},{"not_picked":["Thunder Strike"],"picked":"SKIP","floor":7},{"not_picked":[],"picked":"Rebound","floor":10},{"not_picked":[],"picked":"Redo","floor":12},{"not_picked":[],"picked":"Hyperbeam","floor":16},{"not_picked":["Gash"],"picked":"SKIP","floor":18},{"not_picked":[],"picked":"Skim+1","floor":20},{"not_picked":[],"picked":"Beam Cell","floor":21},{"not_picked":["Go for the Eyes"],"picked":"SKIP","floor":22},{"not_picked":["Cold Snap"],"picked":"SKIP","floor":27},{"not_picked":[],"picked":"FTL","floor":28}],"player_experience":163331,"relics_obtained":[{"floor":7,"key":"Symbiotic Virus"},{"floor":9,"key":"Juzu Bracelet"},{"floor":25,"key":"Enchiridion"},{"floor":26,"key":"PreservedInsect"}],"event_choices":[{"damage_healed":0,"gold_gain":175,"player_choice":"AGREE","damage_taken":0,"max_hp_gain":0,"max_hp_loss":0,"event_name":"Liars Game","floor":2,"gold_loss":0,"cards_obtained":["Doubt"]},{"damage_healed":0,"gold_gain":0,"player_choice":"Entered Light","damage_taken":15,"max_hp_gain":0,"max_hp_loss":0,"event_name":"Shining Light","floor":3,"gold_loss":0,"cards_upgraded":["Defend_B","Strike_B"]},{"cards_removed":["Blizzard"],"damage_healed":0,"gold_gain":0,"player_choice":"Card Removal","damage_taken":7,"max_hp_gain":0,"max_hp_loss":0,"event_name":"Golden Wing","floor":6,"gold_loss":0},{"damage_healed":0,"gold_gain":0,"player_choice":"2 cards matched","damage_taken":0,"max_hp_gain":0,"max_hp_loss":0,"event_name":"Match and Keep!","floor":14,"gold_loss":0,"cards_obtained":["Hyperbeam","Consume"]},{"damage_healed":0,"gold_gain":0,"player_choice":"2 cards matched","damage_taken":0,"max_hp_gain":0,"max_hp_loss":0,"event_name":"Match and Keep!","floor":14,"gold_loss":0,"cards_obtained":["Hyperbeam","Consume"]},{"damage_healed":0,"gold_gain":99,"player_choice":"Stole From Cult","damage_taken":0,"max_hp_gain":0,"max_hp_loss":0,"event_name":"Nest","floor":19,"gold_loss":0},{"damage_healed":0,"gold_gain":0,"player_choice":"Obtained Book","damage_taken":16,"max_hp_gain":0,"max_hp_loss":0,"event_name":"Cursed Tome","floor":25,"gold_loss":0},{"damage_healed":0,"gold_gain":0,"player_choice":"Opened","damage_taken":0,"relics_obtained":["Pear"],"max_hp_gain":0,"max_hp_loss":0,"event_name":"The Mausoleum","floor":29,"gold_loss":0,"cards_obtained":["Writhe"]},{"damage_healed":0,"gold_gain":0,"player_choice":"Became a vampire","damage_taken":0,"max_hp_gain":0,"max_hp_loss":26,"event_name":"Vampires","floor":30,"gold_loss":0,"cards_obtained":["Bite","Bite","Bite","Bite","Bite"]},{"damage_healed":0,"gold_gain":0,"player_choice":"Became a Ghost","damage_taken":0,"max_hp_gain":0,"max_hp_loss":30,"event_name":"Ghosts","floor":31,"gold_loss":0,"cards_obtained":["Ghostly","Ghostly","Ghostly","Ghostly","Ghostly"]}],"is_beta":false,"boss_relics":[{"not_picked":["SacredBark","Black Star"],"picked":"Inserter"}],"items_purged_floors":[4,13],"is_endless":false,"potions_floor_spawned":[1,7,10,16,18,21,28],"killed_by":"Champ","ascension_level":0}}