{"host":"kabf61oc9jgfwufg","time":1609952526,"event":{"mods":["AchievementEnabler","Act Like it!","Aspiration","BaseMod","Conspire","GifTheSpireLib","Halation","HexUI Lib","Hubris","Infinite Spire","Minty Spire (QoL Compilation)","Quick Restart","Rare Cards Sparkle","Replay The Spire","Shop Mod","StSLib","Waifu the Spire"],"gold_per_floor":[119,137,24,24,99,134,150,150,222,222,240,240,259,271,461,461,461],"floor_reached":16,"playtime":683,"items_purged":["Strike_G"],"score":102,"play_id":"6381fc4d-8950-4038-bb53-ed9da7f9aab5","local_time":"20210106170206","is_ascension_mode":false,"campfire_choices":[{"floor":8,"key":"REST"}],"circlet_count":0,"master_deck":["Strike_G","Strike_G","Strike_G+1","Strike_G","Defend_G","Defend_G","Defend_G","Defend_G+1","Survivor","Neutralize","Sucker Punch","Flying Knee","hubris:TrickCloak","Footwork","Prepared","hubris:SlightOfHand","Dagger Throw","Backflip"],"relics":["Ring of the Snake","Simple Rune","Replay:Wax Seal","infinitespire:FocusingShard"],"acts_visited":["Exordium"],"potions_floor_usage":[13,16],"damage_taken":[{"damage":0,"enemies":"2 Louse","floor":1,"turns":3},{"damage":0,"enemies":"Small Slimes","floor":2,"turns":4},{"damage":37,"enemies":"3 Sentries","floor":6,"turns":12},{"damage":3,"enemies":"conspire:RoseBush","floor":7,"turns":2},{"damage":3,"enemies":"2 Fungi Beasts","floor":11,"turns":4},{"damage":0,"enemies":"Large Slime","floor":13,"turns":7},{"damage":0,"enemies":"3 Louse","floor":14,"turns":6},{"damage":0,"enemies":"Hexaghost","floor":16,"turns":11}],"seed_played":"8611036226896630688","potions_obtained":[{"floor":2,"key":"Milkshake"},{"floor":6,"key":"ColorlessPotion"},{"floor":13,"key":"Dexterity Potion"},{"floor":14,"key":"SpeedPotion"}],"is_trial":false,"path_per_floor":["M","M","$","?","?","E","M","R","T","?","M","?","M","M","R","B"],"character_chosen":"THE_SILENT","items_purchased":["Footwork"],"campfire_rested":1,"item_purchase_floors":[3],"current_hp_per_floor":[70,70,70,70,59,22,19,40,40,40,37,30,30,30,2,2,2],"gold":461,"neow_bonus":"THREE_CARDS","is_daily":false,"chose_seed":false,"campfire_upgraded":0,"win_rate":0.0,"timestamp":1609952526,"path_taken":["M","M","$","?","?","E","M","R","T","?","M","?","M","M","R","BOSS"],"items_purchased_type":["Card"],"build_version":"2020-12-22","purchased_purges":1,"victory":false,"max_hp_per_floor":[70,70,70,70,70,70,70,70,70,70,70,70,70,70,70,70,70],"card_choices":[{"not_picked":["Dodge and Roll","ReplayTheSpireMod:Tripwire"],"picked":"Sucker Punch","floor":0},{"not_picked":["Bane","PiercingWail"],"picked":"Flying Knee","floor":1},{"not_picked":["Dagger Spray","Eviscerate"],"picked":"hubris:TrickCloak","floor":2},{"not_picked":["PiercingWail","All Out Attack"],"picked":"Prepared","floor":6},{"not_picked":["Slice","All Out Attack"],"picked":"hubris:SlightOfHand","floor":7},{"not_picked":["Blade Dance","Hidden Blade","Predator"],"picked":"SKIP","floor":11},{"not_picked":["ReplayTheSpireMod:Tripwire","Bane"],"picked":"Dagger Throw","floor":13},{"not_picked":["Leg Sweep","Draining Mist","Catalyst"],"picked":"SKIP","floor":14},{"not_picked":["Quick Slash","Poisoned Stab"],"picked":"Backflip","floor":15}],"player_experience":52802,"relics_obtained":[{"floor":4,"key":"Simple Rune"},{"floor":6,"key":"Replay:Wax Seal"},{"floor":9,"key":"infinitespire:FocusingShard"}],"event_choices":[{"damage_healed":0,"gold_gain":75,"player_choice":"Gather Gold","damage_taken":11,"max_hp_gain":0,"max_hp_loss":0,"event_name":"World of Goop","floor":5,"gold_loss":0},{"damage_healed":0,"gold_gain":0,"player_choice":"Leave","damage_taken":0,"max_hp_gain":0,"max_hp_loss":0,"event_name":"conspire:Investor","floor":10,"gold_loss":0},{"cards_removed":["Defend_G"],"damage_healed":0,"gold_gain":0,"player_choice":"Card Removal","damage_taken":7,"max_hp_gain":0,"max_hp_loss":0,"event_name":"Golden Wing","floor":12,"gold_loss":0}],"is_beta":false,"boss_relics":[],"items_purged_floors":[3],"is_endless":false,"potions_floor_spawned":[2,6,13,14],"killed_by":"Hexaghost","ascension_level":0}}