{"host":"nnxvcju6x1qybncj","time":1609961949,"event":{"mods":["BaseMod","Displayed Cursed Tome","Downfall","Evolution","Jorbs\u0027s Wanderer Trilogy","Minty Spire (QoL Compilation)","Quick Restart","StSLib"],"gold_per_floor":[117,9,9,9,29,29,47,47,47,85,99,49,49,49,49,138,201,217,1,14,14,32,32,71,71,71,92,119,132,151,101,101,101,101],"floor_reached":33,"playtime":1441,"items_purged":[],"score":437,"play_id":"4acc5f6d-afa0-4e3d-b02c-42582ae1c23f","local_time":"20210106203909","is_ascension_mode":true,"campfire_choices":[{"floor":6.0,"key":"REST"},{"data":"Calculated Gamble","floor":13.0,"key":"SMITH"},{"floor":15.0,"key":"REST"},{"floor":23.0,"key":"REST"},{"floor":25.0,"key":"REST"},{"floor":32.0,"key":"REST"}],"circlet_count":0,"master_deck":["AscendersBane","Sucker Punch","Sucker Punch","Strike_G+1","Strike_G+1","Defend_G+1","Defend_G+1","Defend_G+1","Defend_G+1","Defend_G+1","Survivor","Neutralize","Doppelganger+1","Deadly Poison","Noxious Fumes+1","Dagger Throw","Deadly Poison","Die Die Die","Calculated Gamble+1","Adrenaline","Leg Sweep","Footwork","Flechettes","Cloak And Dagger","Blade Dance","Noxious Fumes"],"relics":["Ring of the Snake","EVO:Axolotl","Golden Idol","Mummified Hand","Tiny Chest","Tiny House","ClockworkSouvenir","Anchor","StoneCalendar","Happy Flower"],"acts_visited":["Exordium","TheCity"],"potions_floor_usage":[33],"damage_taken":[{"damage":2.0,"enemies":"2 Louse","floor":1.0,"turns":4.0},{"damage":8.0,"enemies":"Small Slimes","floor":5.0,"turns":4.0},{"damage":2.0,"enemies":"Jaw Worm","floor":7.0,"turns":5.0},{"damage":19.0,"enemies":"3 Sentries","floor":10.0,"turns":8.0},{"damage":0.0,"enemies":"Blue Slaver","floor":11.0,"turns":3.0},{"damage":26.0,"enemies":"The Guardian","floor":16.0,"turns":9.0},{"damage":21.0,"enemies":"2 Thieves","floor":18.0,"turns":5.0},{"damage":1.0,"enemies":"Spheric Guardian","floor":20.0,"turns":3.0},{"damage":0.0,"enemies":"Shelled Parasite and Fungi","floor":22.0,"turns":6.0},{"damage":39.0,"enemies":"Slavers","floor":24.0,"turns":9.0},{"damage":18.0,"enemies":"Centurion and Healer","floor":27.0,"turns":7.0},{"damage":22.0,"enemies":"3 Cultists","floor":29.0,"turns":7.0},{"damage":13.0,"enemies":"Sentry and Sphere","floor":30.0,"turns":6.0},{"damage":64,"enemies":"Automaton","floor":33,"turns":6}],"seed_played":"4909837560253026802","potions_obtained":[{"floor":5.0,"key":"sneckomod:MuddlingPotion"},{"floor":7.0,"key":"SteroidPotion"},{"floor":17.0,"key":"FairyPotion"},{"floor":18.0,"key":"LiquidMemories"},{"floor":22.0,"key":"FearPotion"},{"floor":27.0,"key":"LiquidBronze"},{"floor":29.0,"key":"Swift Potion"},{"floor":30.0,"key":"Weak Potion"}],"is_trial":false,"path_per_floor":["M","$","?","?","M","R","M","?","T","E","M","?","R","?","R","B",null,"M","$","M","?","M","R","E","R","T","M","T","M","M","?","R","B"],"character_chosen":"THE_SILENT","items_purchased":["Noxious Fumes","Dagger Throw","Footwork","ClockworkSouvenir"],"campfire_rested":5,"item_purchase_floors":[2,2,19,19],"current_hp_per_floor":[61,61,47,47,39,58,56,56,56,37,37,37,37,37,56,30,61,40,40,39,39,39,60,21,42,42,24,24,2,20,20,41,0,0],"gold":101,"neow_bonus":"ONE_RANDOM_RARE_CARD","is_daily":false,"chose_seed":false,"campfire_upgraded":1,"win_rate":0.0,"timestamp":1609961949,"path_taken":["M","$","?","?","M","R","M","?","T","E","M","?","R","?","R","BOSS","M","$","M","?","M","R","E","R","T","M","?","M","M","?","R","BOSS"],"items_purchased_type":["Card","Card","Card","Relic"],"build_version":"2020-12-22","purchased_purges":0,"victory":false,"max_hp_per_floor":[70,70,70,65,65,65,65,65,65,65,65,65,65,65,65,65,70,70,70,70,70,70,70,70,70,70,70,70,70,70,70,70,70,70],"card_choices":[{"not_picked":["Deflect","Sucker Punch"],"picked":"Deadly Poison","floor":1.0},{"not_picked":["Dagger Throw","Eviscerate"],"picked":"Deadly Poison","floor":5.0},{"not_picked":["Escape Plan","All Out Attack","Outmaneuver"],"picked":"SKIP","floor":7.0},{"not_picked":["Crippling Poison","Flechettes"],"picked":"Die Die Die","floor":10.0},{"not_picked":["Distraction","Poisoned Stab"],"picked":"Calculated Gamble","floor":11.0},{"not_picked":["A Thousand Cuts","Storm of Steel"],"picked":"Adrenaline","floor":16.0},{"not_picked":["Bane","Distraction"],"picked":"Leg Sweep","floor":17.0},{"not_picked":["Outmaneuver+1","Dagger Throw","Endless Agony"],"picked":"SKIP","floor":18.0},{"not_picked":["Poisoned Stab","Dodge and Roll","Sucker Punch"],"picked":"SKIP","floor":20.0},{"not_picked":["Blade Dance","Prepared"],"picked":"Flechettes","floor":22.0},{"not_picked":["Skewer","Infinite Blades","Masterful Stab"],"picked":"SKIP","floor":24.0},{"not_picked":["Setup","Blade Dance"],"picked":"Cloak And Dagger","floor":27.0},{"not_picked":["Backflip","Deflect"],"picked":"Blade Dance","floor":29.0},{"not_picked":["Deadly Poison","Outmaneuver"],"picked":"Noxious Fumes","floor":30.0}],"player_experience":663838,"relics_obtained":[{"floor":9.0,"key":"Mummified Hand"},{"floor":10.0,"key":"Tiny Chest"},{"floor":24.0,"key":"Anchor"},{"floor":26.0,"key":"StoneCalendar"},{"floor":28.0,"key":"Happy Flower"}],"event_choices":[{"damage_healed":0.0,"max_hp_gain":0.0,"max_hp_loss":0.0,"gold_gain":0.0,"event_name":"Shining Light","player_choice":"Entered Light","floor":3.0,"gold_loss":0.0,"damage_taken":14.0,"cards_upgraded":["Strike_G","Noxious Fumes"]},{"damage_healed":0.0,"max_hp_gain":0.0,"max_hp_loss":5.0,"gold_gain":0.0,"event_name":"Golden Idol","player_choice":"Lose Max HP","floor":4.0,"gold_loss":0.0,"damage_taken":0.0,"relics_obtained":["Golden Idol"]},{"damage_healed":0.0,"max_hp_gain":0.0,"max_hp_loss":0.0,"gold_gain":0.0,"event_name":"Dead Adventurer","player_choice":"Searched \u00270\u0027 times","floor":8.0,"gold_loss":0.0,"damage_taken":0.0},{"cards_removed":["Strike_G"],"damage_healed":0.0,"max_hp_gain":0.0,"max_hp_loss":0.0,"gold_gain":0.0,"event_name":"The Cleric","player_choice":"Card Removal","floor":12.0,"gold_loss":50.0,"damage_taken":0.0},{"damage_healed":0.0,"max_hp_gain":0.0,"max_hp_loss":0.0,"gold_gain":0.0,"event_name":"Living Wall","player_choice":"Grow","floor":14.0,"gold_loss":0.0,"damage_taken":0.0,"cards_upgraded":["Doppelganger"]},{"damage_healed":0.0,"max_hp_gain":0.0,"max_hp_loss":0.0,"gold_gain":0.0,"event_name":"Back to Basics","player_choice":"Simplicity","floor":21.0,"gold_loss":0.0,"damage_taken":0.0,"cards_upgraded":["Strike_G","Defend_G","Defend_G","Defend_G","Defend_G"]},{"damage_healed":0.0,"max_hp_gain":0.0,"max_hp_loss":0.0,"gold_gain":0.0,"event_name":"The Joust","player_choice":"Bet on Owner","floor":31.0,"gold_loss":50.0,"damage_taken":0.0}],"is_beta":false,"boss_relics":[{"not_picked":["Coffee Dripper","Pandora\u0027s Box"],"picked":"Tiny House"}],"items_purged_floors":[],"is_endless":false,"potions_floor_spawned":[5,7,18,22,27,29,30],"killed_by":"Automaton","ascension_level":13}}