{"host":"tom9euzqew4po1rs","time":1609895134,"event":{"mods":["BaseMod","Minty Spire (QoL Compilation)","Quick Restart","Rare Cards Sparkle","Replay The Spire","StSLib","The Animator","The Cursed"],"gold_per_floor":[116,216,233,244,24,24,50,50,76,94,122,122,15,35,35,57,57],"floor_reached":16,"playtime":847,"items_purged":[],"score":94,"play_id":"298808fb-baf1-4416-aaf8-f0e34c2c228d","local_time":"20210105200534","is_ascension_mode":false,"campfire_choices":[{"floor":6,"key":"RECALL"},{"data":"Fluid Movement","floor":12,"key":"SMITH"},{"data":"Tactician","floor":15,"key":"SMITH"}],"circlet_count":0,"master_deck":["Strike_G","Strike_G","Strike_G","Strike_G","Strike_G","Defend_G","Defend_G","Defend_G","Defend_G","Defend_G","Survivor","Neutralize","Tactician+1","Fluid Movement+1","Prepared","Footwork","ReplayTheSpireMod:Scrap Shanks"],"relics":["Ring of the Snake","Happy Flower","Replay:Bandana","Pen Nib"],"acts_visited":["Exordium"],"potions_floor_usage":[3,7,16],"damage_taken":[{"damage":0,"enemies":"Cultist","floor":1,"turns":4},{"damage":0,"enemies":"Jaw Worm","floor":3,"turns":4},{"damage":0,"enemies":"2 Louse","floor":4,"turns":2},{"damage":9,"enemies":"2 Fungi Beasts","floor":7,"turns":3},{"damage":9,"enemies":"Large Slime","floor":10,"turns":16},{"damage":1,"enemies":"Blue Slaver","floor":11,"turns":5},{"damage":0,"enemies":"Exordium Wildlife","floor":14,"turns":4},{"damage":72,"enemies":"Fading Forest","floor":16,"turns":9}],"seed_played":"-4877005602254695915","potions_obtained":[{"floor":1,"key":"FearPotion"},{"floor":3,"key":"FearPotion"},{"floor":14,"key":"AttackPotion"}],"is_trial":false,"path_per_floor":["M","?","M","M","$","R","M","$","T","M","M","R","?","M","R","B"],"character_chosen":"THE_SILENT","items_purchased":["Replay:Bandana","Fluid Movement"],"campfire_rested":0,"item_purchase_floors":[5,5],"current_hp_per_floor":[70,70,70,70,70,70,61,61,61,52,51,51,51,51,51,0,0],"gold":57,"neow_bonus":"RANDOM_COMMON_RELIC","is_daily":false,"chose_seed":false,"campfire_upgraded":2,"win_rate":0.0,"timestamp":1609895134,"path_taken":["M","?","M","M","$","R","M","$","T","M","?","R","?","M","R","BOSS"],"items_purchased_type":["Relic","Card"],"build_version":"2020-12-22","purchased_purges":0,"victory":false,"max_hp_per_floor":[70,70,70,70,70,70,70,70,70,70,70,70,70,70,70,70,70],"card_choices":[{"not_picked":["Flying Knee","Dagger Throw"],"picked":"Tactician","floor":1},{"not_picked":["Underhanded Strike","Heel Hook","PiercingWail"],"picked":"SKIP","floor":3},{"not_picked":["Terror","ReplayTheSpireMod:Tripwire","Sucker Punch"],"picked":"SKIP","floor":4},{"not_picked":["Expertise","Sneak Up","Acrobatics"],"picked":"SKIP","floor":7},{"not_picked":["Flying Knee","Sucker Punch"],"picked":"Prepared","floor":10},{"not_picked":["Fluid Movement","Cloak And Dagger"],"picked":"Footwork","floor":11},{"not_picked":["Dagger Spray","Blade Dance"],"picked":"ReplayTheSpireMod:Scrap Shanks","floor":14}],"player_experience":61028,"relics_obtained":[],"event_choices":[{"damage_healed":0,"gold_gain":100,"player_choice":"Gold","damage_taken":0,"max_hp_gain":0,"max_hp_loss":0,"event_name":"Wheel of Change","floor":2,"gold_loss":0},{"damage_healed":0,"gold_gain":0,"player_choice":"Paid Gold","damage_taken":0,"relics_obtained":["Pen Nib"],"max_hp_gain":0,"max_hp_loss":0,"event_name":"WeMeetAgain","floor":13,"gold_loss":107}],"is_beta":false,"boss_relics":[],"items_purged_floors":[],"is_endless":false,"potions_floor_spawned":[1,3,14],"killed_by":"Fading Forest","ascension_level":0}}