{"host":"hfcva6mq15ctj0gu","time":1609952498,"event":{"mods":["100% Spire Juice","Abigail Mod","AchievementEnabler","Act Like it!","Alarm Clock","BaseMod","Better Altar","Better Match","Better Note","Better Skull","Better Third Choice","BetterRewards","CapriCore","Card Forge","Colored Map","Curses Come First","Disable Question Mark Monsters","Displayed Cursed Tome","Emptier Cage","FoggyMod","Friendly Minions","Gold Saver","Grow up Mod","Highlight Path","Kiyohime????","Kratos Character Expansion","Marisa????????","Minty Spire (QoL Compilation)","Permanent Neow","Poem Panic","Reimu??????","Remilia??????","Shade Mod","Shop Mod","StSLib","The Immortal","The Servant 0.9.4","The Vixen","Transform Curses","Virulent Crown","????"],"gold_per_floor":[1554,1025,1025,814,814,814,779,624,624,678,678,678,747,790,790,915,915,929,929,929,629,629,668,668,718,718,771,771,593,593,348,348,503,503,519,573,395,0,0,31,65,137,175,221,233,295,307,319,407,419,431,443,107,161,161],"floor_reached":56,"playtime":1644,"items_purged":[],"score":1931,"play_id":"b5c323a2-a671-4bc9-8b4e-f40c3022a49c","local_time":"20210106180138","is_ascension_mode":false,"campfire_choices":[{"floor":6,"key":"DIG"},{"floor":15,"key":"DIG"},{"floor":28,"key":"RECALL"},{"floor":32,"key":"DIG"},{"floor":52,"key":"DIG"}],"circlet_count":0,"master_deck":["Strike_MRS+1","Defend_MRS+1","MasterSpark+1","UpSweep+1","OortCloud+1","ManaRampage+1","BlazeAway+1","PowerUp+1","WitchOfGreed+1","EnergyFlow+1","Singularity+1","EscapeVelocity+1","TreasureHunter+1","Panache+1","WitchLeyline+1","Burn","WitchLeyline+1","Panache+1","Parasite","Parasite","GasGiant+1","Injury","MilkyWay+1","BlazeAway+1","BlazingStar+1","ManaConvection+1","Regret","WitchOfGreed+1","EventHorizon+1","KratosMod:FullCounter+1","PulseMagic+1","ShootTheMoon+1","SuperPerseids+1","MilkyWay+1","Violence+1","WitchLeyline+1","Insight+1","ShootingEcho+1","Sadistic Nature+1","CollectingQuirk+1","ShootingEcho+1","Singularity+1","Madness+1","Madness+1","ShootTheMoon+1","ShootingEcho+1"],"relics":["MiniHakkero","Hammer of Thor","Seething Fire","Anvil of the Gods","MerchantsRug","Turnip","TheAbacus","Akabeko","Shovel","Membership Card","Bronze Scales","SimpleLauncher","PreservedInsect","Lantern","Juzu Bracelet","Frozen Egg 2","Nunchaku","RuthlessExorcism:ReiMu","Darkstone Periapt","ShroomBag","Bloody Idol","Anchor","Dream Catcher","StoneCalendar","Philosopher\u0027s Stone","Mercury Hourglass","Orrery","Whetstone","Blood Vial","Pantograph","War Paint","Centennial Puzzle","Oddly Smooth Stone","Medical Kit","Regal Pillow","Incense Burner","Black Star","Bag of Preparation","Red Mask","Art of War","Pen Nib","WingedGreaves","HandDrill","MawBank","Omamori","Mummified Hand","Vajra","Toy Ornithopter","Happy Flower","SproutingBranch","WarpedTongs","AntiCross","HandmadeGrimoire","MagicBroom","Chemical X","InkBottle","Boot"],"acts_visited":["Exordium","TheCity","TheBeyond","TheEnding"],"potions_floor_usage":[25,33,33,33],"damage_taken":[{"damage":0,"enemies":"Cultist","floor":1,"turns":1},{"damage":4,"enemies":"Gremlin Nob","floor":10,"turns":2},{"damage":0,"enemies":"Lagavulin Event","floor":13,"turns":2},{"damage":0,"enemies":"Lagavulin","floor":14,"turns":2},{"damage":112,"enemies":"Hexaghost","floor":16,"turns":5},{"damage":0,"enemies":"Shell Parasite","floor":18,"turns":1},{"damage":0,"enemies":"Gremlin Leader","floor":23,"turns":2},{"damage":0,"enemies":"Slavers","floor":25,"turns":3},{"damage":14,"enemies":"Book of Stabbing","floor":27,"turns":2},{"damage":0,"enemies":"Champ","floor":33,"turns":5},{"damage":0,"enemies":"Orb Walker","floor":35,"turns":2},{"damage":0,"enemies":"2 Orb Walkers","floor":36,"turns":1},{"damage":0,"enemies":"Nemesis","floor":40,"turns":1},{"damage":0,"enemies":"Reptomancer","floor":42,"turns":2},{"damage":0,"enemies":"Nemesis","floor":44,"turns":3},{"damage":0,"enemies":"Mind Bloom Boss Battle","floor":46,"turns":2},{"damage":4,"enemies":"Donu and Deca","floor":50,"turns":3},{"damage":0,"enemies":"Shield and Spear","floor":54,"turns":1},{"damage":43,"enemies":"The Heart","floor":55,"turns":5}],"seed_played":"1860690040845775421","potions_obtained":[{"floor":10,"key":"ColorlessPotion"},{"floor":16,"key":"Strength Potion"},{"floor":23,"key":"DistilledChaos"},{"floor":25,"key":"Weak Potion"},{"floor":27,"key":"SpeedPotion"},{"floor":33,"key":"Strength Potion"},{"floor":33,"key":"BlessingOfTheForge"},{"floor":33,"key":"ColorlessPotion"},{"floor":37,"key":"ZuzhouPotion:ReiMu"},{"floor":37,"key":"LiquidBronze"},{"floor":37,"key":"FearPotion"},{"floor":37,"key":"DistilledChaos"},{"floor":37,"key":"FairyPotion"},{"floor":42,"key":"Regen Potion"},{"floor":42,"key":"ColorlessPotion"},{"floor":44,"key":"PowerPotion"},{"floor":46,"key":"FearPotion"},{"floor":54,"key":"LiquidBronze"}],"is_trial":false,"path_per_floor":["M","$","?","$","?","R","?","$","T","E","?","?","?","E","R","B",null,"M","?","?","$","?","E","?","E","T","E","R","$","?","$","R","B",null,"M","?","$","?","?","E","R","E","T","E","?","?","?","?","R","B",null,"R","$","E","B",null],"character_chosen":"MARISA","items_purchased":["MerchantsRug","OortCloud","ManaRampage","BlazeAway","TheAbacus","Akabeko","PowerUp","WitchOfGreed","Membership Card","Bronze Scales","EnergyFlow","SimpleLauncher","EscapeVelocity","TreasureHunter","PreservedInsect","Lantern","Panache","WitchLeyline","Juzu Bracelet","Frozen Egg 2","WitchLeyline","RuthlessExorcism:ReiMu","Panache+1","Mercury Hourglass","Orrery","KratosMod:FullCounter","Centennial Puzzle","Violence","WitchLeyline","Oddly Smooth Stone","Medical Kit","ShootingEcho","Sadistic Nature+1","Potion Belt","Bag of Preparation","Cauldron","HandDrill","MawBank","HandmadeGrimoire","MagicBroom","Chemical X"],"campfire_rested":0,"item_purchase_floors":[0,0,0,0,0,0,0,0,0,0,0,2,2,2,2,2,2,2,4,4,4,8,8,21,21,21,29,29,29,31,31,31,31,37,37,37,41,41,53,53,53],"current_hp_per_floor":[48,58,68,78,88,98,144,154,164,182,198,208,218,228,238,136,273,283,299,309,319,329,339,179,196,206,209,219,229,239,249,259,301,449,459,469,479,489,499,509,519,529,539,549,490,537,549,564,599,605,619,629,639,649,640],"gold":161,"neow_bonus":"","is_daily":false,"chose_seed":false,"campfire_upgraded":0,"win_rate":0.0,"timestamp":1609952498,"path_taken":["M","?","?","$","?","R","?","$","T","E","?","?","?","E","R","BOSS","M","?","?","$","?","E","?","E","T","E","R","$","?","?","R","BOSS","M","?","$","?","?","E","R","E","T","E","?","?","?","?","R","BOSS","R","$","E","BOSS"],"items_purchased_type":["Relic","Card","Card","Card","Relic","Relic","Card","Card","Relic","Relic","Card","Relic","Card","Card","Relic","Relic","Card","Card","Relic","Relic","Card","Relic","Card","Relic","Relic","Card","Relic","Card","Card","Relic","Relic","Card","Card","Relic","Relic","Relic","Relic","Relic","Relic","Relic","Relic"],"build_version":"2020-12-22","purchased_purges":0,"victory":true,"max_hp_per_floor":[95,105,115,125,135,145,155,165,175,197,213,223,233,243,253,263,273,283,299,309,319,329,339,349,359,369,379,389,399,409,419,429,439,449,459,469,479,489,499,509,519,529,539,549,559,569,579,589,599,609,619,629,639,649,669],"card_choices":[{"not_picked":["Orbital","PowerUp"],"picked":"Singularity","floor":1},{"not_picked":["AlicesGift","WitchLeyline"],"picked":"GasGiant","floor":10},{"not_picked":["AsteroidBelt","SuperPerseids"],"picked":"MilkyWay","floor":13},{"not_picked":["EnergyRecoil","MilkyWay"],"picked":"BlazeAway","floor":14},{"not_picked":["JA","StarDustReverie"],"picked":"BlazingStar","floor":16},{"not_picked":["6A","DC"],"picked":"ManaConvection+1","floor":18},{"not_picked":["DoubleSpark","EarthLightRay"],"picked":"WitchOfGreed+1","floor":21},{"not_picked":["NonDirectionalLaser","Occultation"],"picked":"EventHorizon+1","floor":21},{"not_picked":["OrrerysSun+1","DarkSpark"],"picked":"ShootTheMoon","floor":23},{"not_picked":["AsteroidBelt","GalacticHalo"],"picked":"SuperPerseids","floor":25},{"not_picked":["MachineGunSpark+1","BigCrunch"],"picked":"MilkyWay+1","floor":27},{"not_picked":["CasketOfStar+1","BinaryStars"],"picked":"CollectingQuirk","floor":33},{"not_picked":["Acceleration+1","MysteriousBeam+1"],"picked":"ShootingEcho+1","floor":35},{"not_picked":["MagicAbsorber+1","EarthLightRay","6A"],"picked":"SKIP","floor":40},{"not_picked":["EnergyRecoil","GasGiant"],"picked":"Singularity+1","floor":42},{"not_picked":["MilkyWay+1","6A+1","DoubleSpark"],"picked":"SKIP","floor":44},{"not_picked":["DoubleSpark","GrandCross"],"picked":"ShootTheMoon+1","floor":46},{"not_picked":["NonDirectionalLaser+1","SprinkleStarSeal"],"picked":"ShootingEcho+1","floor":54}],"player_experience":108641,"relics_obtained":[{"floor":6,"key":"Nunchaku"},{"floor":9,"key":"Darkstone Periapt"},{"floor":10,"key":"ShroomBag"},{"floor":14,"key":"Dream Catcher"},{"floor":15,"key":"StoneCalendar"},{"floor":23,"key":"Whetstone"},{"floor":25,"key":"Pantograph"},{"floor":27,"key":"War Paint"},{"floor":32,"key":"Regal Pillow"},{"floor":33,"key":"Incense Burner"},{"floor":36,"key":"Peace Pipe"},{"floor":40,"key":"Pen Nib"},{"floor":40,"key":"WingedGreaves"},{"floor":42,"key":"Omamori"},{"floor":42,"key":"Mummified Hand"},{"floor":43,"key":"Vajra"},{"floor":44,"key":"Toy Ornithopter"},{"floor":44,"key":"Happy Flower"},{"floor":46,"key":"SproutingBranch"},{"floor":52,"key":"AntiCross"},{"floor":54,"key":"InkBottle"},{"floor":54,"key":"Boot"}],"event_choices":[{"damage_healed":58,"gold_gain":0,"player_choice":"Embrace Burn","damage_taken":0,"max_hp_gain":0,"max_hp_loss":105,"event_name":"betterThird:BetterShining","floor":3,"gold_loss":0},{"damage_healed":36,"gold_gain":0,"player_choice":"Healed","damage_taken":0,"max_hp_gain":0,"max_hp_loss":0,"event_name":"The Cleric","floor":7,"gold_loss":35},{"damage_healed":0,"gold_gain":0,"player_choice":"Take Wound","damage_taken":0,"relics_obtained":["Golden Idol"],"max_hp_gain":0,"max_hp_loss":0,"event_name":"Golden Idol","floor":11,"gold_loss":0,"cards_obtained":["Injury"]},{"damage_healed":0,"gold_gain":0,"player_choice":"Bought 0 Potions","damage_taken":0,"max_hp_gain":0,"max_hp_loss":0,"event_name":"The Woman in Blue","floor":12,"gold_loss":0},{"damage_healed":0,"gold_gain":30,"player_choice":"Searched \u00273\u0027 times","damage_taken":0,"relics_obtained":["Anchor"],"max_hp_gain":0,"max_hp_loss":0,"event_name":"Dead Adventurer","floor":13,"gold_loss":0},{"damage_healed":0,"gold_gain":0,"player_choice":"Take","damage_taken":0,"max_hp_gain":0,"max_hp_loss":0,"event_name":"betterNote:BetterNote","floor":19,"gold_loss":0,"cards_obtained":["Regret"]},{"damage_healed":0,"gold_gain":0,"player_choice":"Ignored","damage_taken":0,"max_hp_gain":0,"max_hp_loss":0,"event_name":"Beggar","floor":20,"gold_loss":0},{"damage_healed":0,"gold_gain":0,"player_choice":"Read","damage_taken":0,"max_hp_gain":0,"max_hp_loss":0,"event_name":"The Library","floor":22,"gold_loss":0,"cards_obtained":["PulseMagic"]},{"damage_healed":0,"gold_gain":0,"player_choice":" GoldIdol Vial Potion ","damage_taken":170,"relics_obtained":["Bloody Idol","Blood Vial"],"max_hp_gain":339,"max_hp_loss":169,"event_name":"betterAltar:BetterAltar","floor":24,"potions_obtained":["betterAltar:AltarPotion"],"relics_lost":["Golden Idol"],"gold_loss":0},{"damage_healed":0,"gold_gain":0,"player_choice":"Insight","damage_taken":0,"max_hp_gain":0,"max_hp_loss":0,"event_name":"betterThird:BetterWriting","floor":30,"gold_loss":0,"cards_obtained":["Insight"]},{"damage_healed":0,"gold_gain":0,"player_choice":"Fight","damage_taken":0,"max_hp_gain":0,"max_hp_loss":0,"event_name":"Mysterious Sphere","floor":36,"gold_loss":0},{"damage_healed":0,"gold_gain":0,"player_choice":"Paid","damage_taken":0,"relics_obtained":["Red Mask"],"max_hp_gain":0,"max_hp_loss":0,"event_name":"Tomb of Lord Red Mask","floor":38,"gold_loss":395},{"damage_healed":0,"gold_gain":0,"player_choice":"Gave Potion","damage_taken":0,"relics_obtained":["Art of War"],"max_hp_gain":0,"max_hp_loss":0,"event_name":"WeMeetAgain","floor":39,"gold_loss":0},{"damage_healed":0,"gold_gain":0,"player_choice":"Embrace Madness","damage_taken":69,"max_hp_gain":0,"max_hp_loss":0,"event_name":"Winding Halls","floor":45,"gold_loss":0,"cards_obtained":["Madness","Madness"]},{"damage_healed":0,"gold_gain":0,"player_choice":"Fight","damage_taken":0,"max_hp_gain":0,"max_hp_loss":0,"event_name":"MindBloom","floor":46,"gold_loss":0},{"damage_healed":0,"gold_gain":0,"player_choice":"Punched","damage_taken":3,"max_hp_gain":0,"max_hp_loss":0,"event_name":"Designer","floor":47,"gold_loss":0},{"damage_healed":0,"gold_gain":0,"player_choice":"Rummage","damage_taken":0,"relics_obtained":["WarpedTongs"],"max_hp_gain":0,"max_hp_loss":0,"event_name":"Accursed Blacksmith","floor":48,"gold_loss":0,"cards_obtained":["Pain"]}],"is_beta":false,"boss_relics":[{"not_picked":["Astrolabe","Runic Pyramid"],"picked":"Philosopher\u0027s Stone"},{"not_picked":["Runic Dome","SlaversCollar"],"picked":"Black Star"}],"items_purged_floors":[],"is_endless":false,"potions_floor_spawned":[16,23,33,42,44,46],"ascension_level":0}}