{"host":"d8hh7rr4yzitjeuj","time":1609917041,"event":{"mods":["2.2 Compatiblity","AchievementEnabler","Act Like it!","BaseMod","Colored Map","Colored Powertips","Highlight Path","Keyboard Shortcuts","Minty Spire (QoL Compilation)","Permanent Neow","Quick Restart","StSLib","SuperFastMode"],"gold_per_floor":[117,137,154,169,169,169,195,207,232,232,264,264,295,312,312,387,387,407,407,407,420,430,430,460,473,473,473,506,556,556,583,583,660,660,671,688,203,222,233,233,233,233,233,278,278,310,31,42,42,42,42,42],"floor_reached":51,"playtime":1995,"items_purged":["Strike_R+1"],"score":1610,"play_id":"adbb4886-2a9f-48d2-832f-60e9297dae39","local_time":"20210106161041","is_ascension_mode":true,"campfire_choices":[{"data":"Carnage","floor":6.0,"key":"SMITH"},{"data":"Clothesline","floor":10.0,"key":"SMITH"},{"floor":12.0,"key":"REST"},{"data":"Rupture","floor":15.0,"key":"SMITH"},{"floor":23.0,"key":"REST"},{"floor":30.0,"key":"REST"},{"floor":32.0,"key":"REST"},{"floor":40.0,"key":"RECALL"},{"floor":45.0,"key":"REST"},{"floor":49.0,"key":"REST"}],"circlet_count":0,"master_deck":["AscendersBane","Strike_R+1","Defend_R+1","Defend_R+1","Defend_R+1","Defend_R+1","Bash","Corruption","Rupture+1","Carnage+1","Clothesline+1","Wild Strike","Sword Boomerang+1","Inflame","Offering","Bloodletting","Feel No Pain","Brutality","Hemokinesis","Limit Break","Impervious","Sword Boomerang","Body Slam","Limit Break","Body Slam","Rage","Offering","Sentinel","Limit Break","Purity","Violence","Parasite"],"relics":["Burning Blood","Happy Flower","Oddly Smooth Stone","Orichalcum","Whetstone","Snecko Eye","Toy Ornithopter","Bag of Marbles","Paper Frog","Turnip","SacredBark","Anchor","Lee\u0027s Waffle","Champion Belt","Vajra","Pear"],"acts_visited":["Exordium","TheCity","TheBeyond"],"potions_floor_usage":[50],"damage_taken":[{"damage":6.0,"enemies":"Cultist","floor":1.0,"turns":3.0},{"damage":4.0,"enemies":"2 Louse","floor":2.0,"turns":4.0},{"damage":12.0,"enemies":"Jaw Worm","floor":3.0,"turns":3.0},{"damage":0.0,"enemies":"2 Fungi Beasts","floor":4.0,"turns":2.0},{"damage":20.0,"enemies":"3 Sentries","floor":7.0,"turns":6.0},{"damage":9.0,"enemies":"3 Louse","floor":8.0,"turns":3.0},{"damage":26.0,"enemies":"Gremlin Nob","floor":11.0,"turns":4.0},{"damage":6.0,"enemies":"Lagavulin","floor":13.0,"turns":2.0},{"damage":9.0,"enemies":"Looter","floor":14.0,"turns":1.0},{"damage":38.0,"enemies":"The Guardian","floor":16.0,"turns":9.0},{"damage":27.0,"enemies":"3 Byrds","floor":18.0,"turns":5.0},{"damage":3.0,"enemies":"Chosen","floor":21.0,"turns":4.0},{"damage":18.0,"enemies":"Snake Plant","floor":22.0,"turns":3.0},{"damage":23.0,"enemies":"Book of Stabbing","floor":24.0,"turns":4.0},{"damage":16.0,"enemies":"Centurion and Healer","floor":25.0,"turns":3.0},{"damage":9.0,"enemies":"Slavers","floor":28.0,"turns":2.0},{"damage":10.0,"enemies":"Book of Stabbing","floor":31.0,"turns":4.0},{"damage":22.0,"enemies":"Automaton","floor":33.0,"turns":5.0},{"damage":5.0,"enemies":"3 Shapes","floor":35.0,"turns":4.0},{"damage":36.0,"enemies":"3 Darklings","floor":36.0,"turns":4.0},{"damage":21.0,"enemies":"Maw","floor":38.0,"turns":4.0},{"damage":38.0,"enemies":"Transient","floor":39.0,"turns":6.0},{"damage":44.0,"enemies":"2 Orb Walkers","floor":44.0,"turns":3.0},{"damage":19.0,"enemies":"Giant Head","floor":46.0,"turns":4.0},{"damage":11.0,"enemies":"Writhing Mass","floor":48.0,"turns":4.0},{"damage":62,"enemies":"Awakened One","floor":50,"turns":6},{"damage":13,"enemies":"Time Eater","floor":51,"turns":3}],"seed_played":"3841020626659868936","potions_obtained":[{"floor":1.0,"key":"EssenceOfSteel"},{"floor":2.0,"key":"Fire Potion"},{"floor":3.0,"key":"Energy Potion"},{"floor":4.0,"key":"Strength Potion"},{"floor":13.0,"key":"Ancient Potion"},{"floor":22.0,"key":"Swift Potion"},{"floor":33.0,"key":"LiquidBronze"},{"floor":44.0,"key":"Dexterity Potion"}],"is_trial":false,"path_per_floor":["M","M","M","M","?","R","E","M","T","R","E","R","E","M","R","B",null,"M","?","?","M","M","R","E","M","T","?","E","?","R","E","R","B",null,"M","M","$","M","M","R","?","?","T","?","R","E","$","M","R","B","B"],"character_chosen":"IRONCLAD","items_purchased":["Limit Break","Anchor","Lee\u0027s Waffle","Pear"],"campfire_rested":6,"item_purchase_floors":[37,37,37,47],"current_hp_per_floor":[68,70,64,70,63,63,49,46,46,46,26,48,48,45,45,13,60,39,39,39,42,30,52,35,25,25,25,22,22,44,45,67,51,69,70,40,82,67,35,35,25,67,67,29,49,36,46,41,64,13,0,0],"gold":42,"neow_bonus":"ONE_RANDOM_RARE_CARD","is_daily":false,"chose_seed":false,"campfire_upgraded":3,"win_rate":0.0,"timestamp":1609917041,"path_taken":["M","M","M","M","?","R","E","M","T","R","E","R","E","M","R","BOSS","M","?","?","?","M","R","E","M","T","?","E","?","R","E","R","BOSS","M","M","$","M","M","R","?","?","T","?","R","E","$","M","R","BOSS","BOSS"],"items_purchased_type":["Card","Relic","Relic","Relic"],"build_version":"2020-12-22","purchased_purges":1,"victory":false,"max_hp_per_floor":[75,75,75,75,75,75,75,75,75,75,75,75,75,75,75,75,75,75,75,75,75,75,75,75,75,75,75,75,75,75,75,75,75,75,75,75,82,82,82,82,82,67,67,67,67,67,77,77,77,77,77,77],"card_choices":[{"not_picked":["Reckless Charge","Havoc"],"picked":"Rupture","floor":1.0},{"not_picked":["Shrug It Off","Intimidate"],"picked":"Carnage","floor":2.0},{"not_picked":["Wild Strike","Sever Soul"],"picked":"Clothesline","floor":3.0},{"not_picked":["Pommel Strike","Armaments"],"picked":"Wild Strike","floor":4.0},{"not_picked":["Clash","Uppercut"],"picked":"Sword Boomerang","floor":7.0},{"not_picked":["Burning Pact","Pommel Strike"],"picked":"Inflame","floor":8.0},{"not_picked":["Disarm","Searing Blow"],"picked":"Offering","floor":11.0},{"not_picked":["Havoc","Clash"],"picked":"Bloodletting","floor":13.0},{"not_picked":["Sever Soul","Iron Wave"],"picked":"Feel No Pain","floor":14.0},{"not_picked":["Berserk","Exhume"],"picked":"Brutality","floor":16.0},{"not_picked":["Seeing Red","Anger"],"picked":"Hemokinesis","floor":18.0},{"not_picked":["Cleave","Feel No Pain"],"picked":"Sword Boomerang","floor":21.0},{"not_picked":["Infernal Blade","Pommel Strike"],"picked":"Body Slam","floor":22.0},{"not_picked":["Havoc","Sword Boomerang"],"picked":"Limit Break","floor":24.0},{"not_picked":["Havoc","Anger"],"picked":"Body Slam","floor":25.0},{"not_picked":["Dropkick","Anger+1","Intimidate"],"picked":"SKIP","floor":28.0},{"not_picked":["Immolate","Rampage+1"],"picked":"Rage","floor":31.0},{"not_picked":["Impervious","Corruption"],"picked":"Offering","floor":33.0},{"not_picked":["Havoc+1","Burning Pact+1"],"picked":"Sentinel","floor":35.0},{"not_picked":["Rage","Spot Weakness","Iron Wave"],"picked":"SKIP","floor":36.0},{"not_picked":["Twin Strike","Wild Strike","Fire Breathing"],"picked":"SKIP","floor":38.0},{"not_picked":["Demon Form","Iron Wave","Havoc+1"],"picked":"SKIP","floor":39.0},{"not_picked":["Mayhem","Secret Technique"],"picked":"Purity","floor":41.0},{"not_picked":["HandOfGreed","Panacea"],"picked":"Violence","floor":41.0},{"not_picked":["Iron Wave","Fire Breathing","Armaments+1"],"picked":"SKIP","floor":46.0},{"not_picked":["Pommel Strike+1","Clothesline","Rampage+1"],"picked":"SKIP","floor":48.0}],"player_experience":1412412,"relics_obtained":[{"floor":7.0,"key":"Happy Flower"},{"floor":9.0,"key":"Oddly Smooth Stone"},{"floor":11.0,"key":"Orichalcum"},{"floor":13.0,"key":"Whetstone"},{"floor":24.0,"key":"Toy Ornithopter"},{"floor":26.0,"key":"Bag of Marbles"},{"floor":28.0,"key":"Paper Frog"},{"floor":31.0,"key":"Turnip"},{"floor":44.0,"key":"Champion Belt"},{"floor":46.0,"key":"Vajra"}],"event_choices":[{"cards_removed":["Strike_R"],"damage_healed":0.0,"max_hp_gain":0.0,"max_hp_loss":0.0,"gold_gain":0.0,"event_name":"Golden Wing","player_choice":"Card Removal","floor":5.0,"gold_loss":0.0,"damage_taken":7.0},{"damage_healed":0.0,"max_hp_gain":0.0,"max_hp_loss":0.0,"gold_gain":0.0,"cards_transformed":["Strike_R","Strike_R"],"event_name":"Drug Dealer","player_choice":"Became Test Subject","floor":19.0,"gold_loss":0.0,"damage_taken":0.0,"cards_obtained":["Limit Break","Impervious"]},{"damage_healed":0.0,"max_hp_gain":0.0,"max_hp_loss":0.0,"gold_gain":0.0,"event_name":"Back to Basics","player_choice":"Simplicity","floor":20.0,"gold_loss":0.0,"damage_taken":0.0,"cards_upgraded":["Strike_R","Strike_R","Defend_R","Defend_R","Defend_R","Defend_R"]},{"damage_healed":0.0,"max_hp_gain":0.0,"max_hp_loss":0.0,"gold_gain":0.0,"event_name":"The Mausoleum","player_choice":"Ignored","floor":27.0,"gold_loss":0.0,"damage_taken":0.0},{"damage_healed":0.0,"max_hp_gain":0.0,"max_hp_loss":0.0,"gold_gain":50.0,"event_name":"Nest","player_choice":"Stole From Cult","floor":29.0,"gold_loss":0.0,"damage_taken":0.0},{"damage_healed":0.0,"max_hp_gain":0.0,"max_hp_loss":0.0,"gold_gain":0.0,"event_name":"SensoryStone","player_choice":"Memory 3","floor":41.0,"gold_loss":0.0,"damage_taken":10.0},{"damage_healed":67.0,"max_hp_gain":0.0,"max_hp_loss":15.0,"gold_gain":0.0,"event_name":"The Moai Head","player_choice":"Heal","floor":42.0,"gold_loss":0.0,"damage_taken":0.0},{"damage_healed":0.0,"max_hp_gain":0.0,"max_hp_loss":0.0,"gold_gain":0.0,"event_name":"Mysterious Sphere","player_choice":"Fight","floor":44.0,"gold_loss":0.0,"damage_taken":0.0}],"is_beta":false,"boss_relics":[{"not_picked":["Runic Dome","Calling Bell"],"picked":"Snecko Eye"},{"not_picked":["Philosopher\u0027s Stone","Fusion Hammer"],"picked":"SacredBark"}],"items_purged_floors":[37],"is_endless":false,"potions_floor_spawned":[1,2,3,4,13,22,33,35,39,44,48],"killed_by":"Time Eater","ascension_level":20}}