{"host":"7yxt37kap0q16lk4","time":1609948456,"event":{"mods":["2.2 Compatiblity","Act Like it!","BaseMod","Better Third Choice","Better-Laid Plans","Colored Map","Custom Start","Highlight Path","Keyboard Shortcuts","Minty Spire (QoL Compilation)","Quick Restart","Rare Cards Sparkle","Relic Stats","Shop Mod","Slay the Relics Exporter","StSLib","SuperFastMode"],"gold_per_floor":[118,393,411,423,435,435,435,435,435],"floor_reached":8,"playtime":168,"items_purged":[],"score":96,"play_id":"84c6a075-c044-451c-99dd-64d143dfcb38","local_time":"20210107005416","is_ascension_mode":true,"campfire_choices":[{"data":"Bash","floor":7,"key":"SMITH"}],"circlet_count":0,"master_deck":["AscendersBane","Strike_R","Strike_R","Strike_R","Strike_R+1","Strike_R","Defend_R","Defend_R","Defend_R","Defend_R","Bash+1","Clash","Sword Boomerang","Rampage+1","Ghostly Armor"],"relics":["Burning Blood","NeowsBlessing","Omamori"],"acts_visited":["Exordium"],"potions_floor_usage":[5],"damage_taken":[{"damage":0,"enemies":"Jaw Worm","floor":1,"turns":1},{"damage":0,"enemies":"Cultist","floor":3,"turns":1},{"damage":0,"enemies":"2 Louse","floor":4,"turns":1},{"damage":22,"enemies":"Lots of Slimes","floor":5,"turns":4},{"damage":40,"enemies":"3 Sentries","floor":8,"turns":5}],"seed_played":"-8459322036071496495","potions_obtained":[{"floor":3,"key":"DuplicationPotion"}],"is_trial":false,"path_per_floor":["M","?","M","M","M","?","R","E"],"character_chosen":"IRONCLAD","items_purchased":[],"campfire_rested":0,"item_purchase_floors":[],"current_hp_per_floor":[74,74,75,75,59,36,36,0,0],"gold":435,"neow_bonus":"THREE_ENEMY_KILL","is_daily":false,"chose_seed":false,"campfire_upgraded":1,"win_rate":0.0,"timestamp":1609948456,"path_taken":["M","?","M","M","?","?","R","E"],"items_purchased_type":[],"build_version":"2020-12-22","purchased_purges":0,"victory":false,"max_hp_per_floor":[75,75,75,75,75,75,75,75,75],"relic_stats":{"counters":[5,12],"obtain_stats":[{"NeowsBlessing":0,"Omamori":0,"Burning Blood":0},{"NeowsBlessing":0,"Omamori":0,"Burning Blood":0},{"NeowsBlessing":0,"Omamori":0,"Burning Blood":0}],"Burning Blood":13},"card_choices":[{"not_picked":["True Grit","Headbutt"],"picked":"Clash","floor":1},{"not_picked":["Twin Strike","Clothesline"],"picked":"Sword Boomerang","floor":3},{"not_picked":["Warcry","Thunderclap"],"picked":"Rampage","floor":4},{"not_picked":["Juggernaut","Entrench"],"picked":"Ghostly Armor","floor":5}],"player_experience":1040640,"relics_obtained":[],"event_choices":[{"damage_healed":0,"gold_gain":275,"player_choice":"Desecrate","damage_taken":0,"max_hp_gain":0,"max_hp_loss":0,"event_name":"Golden Shrine","floor":2,"gold_loss":0,"cards_obtained":["Regret"]},{"damage_healed":59,"gold_gain":0,"player_choice":"Upgrade","damage_taken":23,"max_hp_gain":0,"max_hp_loss":75,"event_name":"betterThird:BetterShining","floor":6,"gold_loss":0,"cards_upgraded":["Strike_R","Rampage"]}],"is_beta":false,"boss_relics":[],"items_purged_floors":[],"is_endless":false,"potions_floor_spawned":[3],"killed_by":"3 Sentries","ascension_level":20}}