{"host":"i09pxcjttd31eh4q","time":1609932162,"event":{"mods":["AchievementEnabler","BaseMod","Colored Map","Keyboard Shortcuts","Minty Spire (QoL Compilation)","StSLib","SuperFastMode"],"gold_per_floor":[110,124,274,120,133,133,133,58,58,87,87,114,114,139,139,216,216,191,171,71,89,89,89,89],"floor_reached":23,"playtime":379,"items_purged":["Doubt","Defend_P"],"score":610,"play_id":"8caba98d-f28b-4e83-b954-0180d03ae17b","local_time":"20210106202242","is_ascension_mode":true,"campfire_choices":[{"data":"Eruption","floor":6.0,"key":"SMITH"},{"data":"CrushJoints","floor":11.0,"key":"SMITH"},{"data":"Tantrum","floor":15.0,"key":"SMITH"}],"circlet_count":0,"master_deck":["AscendersBane","Strike_P","Strike_P","Defend_P","Defend_P","Eruption+1","Vigilance","Tantrum+1","CrushJoints+1","WheelKick","TalkToTheHand","Ragnarok","Swivel+1","EmptyBody+1"],"relics":["PureWater","NeowsBlessing","StrikeDummy","CloakClasp","Toy Ornithopter","Toxic Egg 2","Blood Vial","Empty Cage"],"acts_visited":["Exordium","TheCity"],"potions_floor_usage":[23],"damage_taken":[{"damage":0.0,"enemies":"Cultist","floor":1.0,"turns":1.0},{"damage":0.0,"enemies":"Jaw Worm","floor":2.0,"turns":1.0},{"damage":0.0,"enemies":"Small Slimes","floor":5.0,"turns":1.0},{"damage":0.0,"enemies":"Lagavulin","floor":10.0,"turns":2.0},{"damage":9.0,"enemies":"3 Sentries","floor":12.0,"turns":6.0},{"damage":0.0,"enemies":"Gremlin Nob","floor":14.0,"turns":2.0},{"damage":0.0,"enemies":"Slime Boss","floor":16.0,"turns":4.0},{"damage":22.0,"enemies":"2 Thieves","floor":18.0,"turns":4.0},{"damage":5.0,"enemies":"3 Byrds","floor":21.0,"turns":4.0},{"damage":29,"enemies":"Book of Stabbing","floor":23,"turns":5}],"seed_played":"204466837359050454","potions_obtained":[{"floor":1.0,"key":"ColorlessPotion"},{"floor":10.0,"key":"Dexterity Potion"},{"floor":16.0,"key":"BottledMiracle"},{"floor":21.0,"key":"Energy Potion"}],"is_trial":false,"path_per_floor":["M","M","?","$","M","R","?","?","T","E","R","E","T","E","R","B",null,"M","?","$","M","$","E"],"character_chosen":"WATCHER","items_purchased":["Tantrum"],"campfire_rested":0,"item_purchase_floors":[4],"current_hp_per_floor":[61,61,61,61,61,61,66,66,66,66,66,57,57,57,57,59,70,50,50,50,47,47,25,25],"gold":89,"neow_bonus":"THREE_ENEMY_KILL","is_daily":false,"chose_seed":false,"campfire_upgraded":3,"win_rate":0.0,"timestamp":1609932162,"path_taken":["M","?","?","$","M","R","?","?","T","E","R","E","?","E","R","BOSS","M","?","$","?","?","E"],"items_purchased_type":["Card"],"build_version":"2020-12-22","purchased_purges":2,"victory":false,"max_hp_per_floor":[68,68,68,68,68,68,73,73,73,73,73,73,73,73,73,73,73,73,73,73,73,73,73,73],"card_choices":[{"not_picked":["WreathOfFlame","ThirdEye","Halt"],"picked":"SKIP","floor":1.0},{"not_picked":["Halt","ClearTheMind","Crescendo"],"picked":"SKIP","floor":2.0},{"not_picked":["Conclude","EmptyMind"],"picked":"CrushJoints","floor":5.0},{"not_picked":["Consecrate","ClearTheMind","ForeignInfluence"],"picked":"SKIP","floor":10.0},{"not_picked":["EmptyFist","Conclude"],"picked":"WheelKick","floor":12.0},{"not_picked":["EmptyMind+1","ThirdEye+1"],"picked":"TalkToTheHand","floor":14.0},{"not_picked":["Judgement+1","LessonLearned"],"picked":"Ragnarok","floor":16.0},{"not_picked":["Consecrate","SashWhip"],"picked":"Swivel+1","floor":18.0},{"not_picked":["SignatureMove","CarveReality"],"picked":"EmptyBody+1","floor":21.0}],"player_experience":832691,"relics_obtained":[{"floor":9.0,"key":"StrikeDummy"},{"floor":10.0,"key":"CloakClasp"},{"floor":12.0,"key":"Toy Ornithopter"},{"floor":13.0,"key":"Toxic Egg 2"},{"floor":14.0,"key":"Blood Vial"}],"event_choices":[{"damage_healed":0.0,"max_hp_gain":0.0,"max_hp_loss":0.0,"gold_gain":150.0,"event_name":"Liars Game","player_choice":"AGREE","floor":3.0,"gold_loss":0.0,"damage_taken":0.0,"cards_obtained":["Doubt"]},{"damage_healed":0.0,"max_hp_gain":5.0,"max_hp_loss":0.0,"gold_gain":0.0,"event_name":"Big Fish","player_choice":"Donut","floor":7.0,"gold_loss":0.0,"damage_taken":0.0},{"cards_removed":["Strike_P"],"damage_healed":0.0,"max_hp_gain":0.0,"max_hp_loss":0.0,"gold_gain":0.0,"event_name":"The Cleric","player_choice":"Card Removal","floor":8.0,"gold_loss":75.0,"damage_taken":0.0},{"damage_healed":0.0,"max_hp_gain":0.0,"max_hp_loss":0.0,"gold_gain":0.0,"event_name":"The Woman in Blue","player_choice":"Bought 1 Potion","floor":19.0,"gold_loss":0.0,"damage_taken":0.0}],"is_beta":false,"boss_relics":[{"not_picked":["Fusion Hammer","Calling Bell"],"picked":"Empty Cage"}],"items_purged_floors":[4,20],"is_endless":false,"potions_floor_spawned":[1,10,16,21],"killed_by":"Book of Stabbing","ascension_level":20}}