{"host":"7trwizmysqu3yl6m","time":1609954232,"event":{"mods":["Act Like it!","BaseMod","Downfall","Hallownest","Minty Spire (QoL Compilation)","StSLib","The Animator","The Bug Knight"],"gold_per_floor":[116,116,134,152,167,193,206,206,206,221,221,241,254,179,179,179,179],"floor_reached":16,"playtime":917,"items_purged":["HollowMod:NailStrikeStart"],"score":106,"play_id":"1d7e5b82-9889-4753-93e3-0369a6b4e7cf","local_time":"20210106183032","is_ascension_mode":false,"campfire_choices":[{"data":"HollowMod:MidwifesHunger","floor":11,"key":"SMITH"},{"floor":15,"key":"REST"}],"circlet_count":0,"master_deck":["HollowMod:NailStrikeStart","HollowMod:QuickDashStart","HollowMod:QuickDashStart+1","HollowMod:QuickDashStart","HollowMod:FocusHealStart","HollowMod:PogoStrike","HollowMod:MidwifesHunger+1","HollowMod:DescendingDark+1","HollowMod:NewLittleFool","HollowMod:RecoilStrike","HollowMod:LifebloodCocoon","HollowMod:CornifersMapStart","HollowMod:HornetsHelp","HollowMod:GreatSlash","HollowMod:MidwifesHunger"],"relics":["HollowMod:VesselMask","Incense Burner","Turnip"],"acts_visited":["Exordium"],"potions_floor_usage":[6,13,16],"damage_taken":[{"damage":6,"enemies":"Jaw Worm","floor":1,"turns":3},{"damage":6,"enemies":"2 Louse","floor":3,"turns":2},{"damage":0,"enemies":"Cultist","floor":4,"turns":2},{"damage":5,"enemies":"HollowMod:HuskWarrior","floor":5,"turns":6},{"damage":21,"enemies":"HollowMod:MossKnight","floor":6,"turns":12},{"damage":12,"enemies":"Looter","floor":7,"turns":4},{"damage":0,"enemies":"2 Fungi Beasts","floor":10,"turns":2},{"damage":19,"enemies":"Large Slime","floor":12,"turns":7},{"damage":6,"enemies":"Looter","floor":13,"turns":3},{"damage":31,"enemies":"Hexaghost","floor":16,"turns":11}],"seed_played":"-345538575156807207","potions_obtained":[{"floor":1,"key":"ColorlessPotion"},{"floor":7,"key":"Swift Potion"},{"floor":12,"key":"BlessingOfTheForge"}],"is_trial":false,"path_per_floor":["M","?","M","M","M","E","M","?","T","M","R","M","M","$","R","B"],"character_chosen":"THE_BUGKNIGHT","items_purchased":[],"campfire_rested":1,"item_purchase_floors":[],"current_hp_per_floor":[68,54,48,48,43,32,20,20,20,20,20,7,1,1,21,0,0],"gold":179,"neow_bonus":"TRANSFORM_TWO_CARDS","is_daily":false,"chose_seed":false,"campfire_upgraded":1,"win_rate":0.0,"timestamp":1609954232,"path_taken":["M","?","M","M","M","E","M","?","T","M","R","M","M","$","R","BOSS"],"items_purchased_type":[],"build_version":"2020-12-22","purchased_purges":1,"victory":false,"max_hp_per_floor":[68,68,68,68,68,68,68,68,68,68,68,68,68,68,68,68,68],"card_choices":[{"not_picked":["HollowMod:VengefulSpirit","HollowMod:CrystalDash"],"picked":"HollowMod:NewLittleFool","floor":1},{"not_picked":["HollowMod:HuntersJournal","HollowMod:DashSlash"],"picked":"HollowMod:RecoilStrike","floor":3},{"not_picked":["HollowMod:SoulSplash","HollowMod:FallenFury"],"picked":"HollowMod:LifebloodCocoon","floor":4},{"not_picked":["HollowMod:SoulSplash","HollowMod:CycloneSlash"],"picked":"HollowMod:CornifersMapStart","floor":5},{"not_picked":["HollowMod:NewLittleFool","HollowMod:FallenFury"],"picked":"HollowMod:HornetsHelp","floor":6},{"not_picked":["HollowMod:ChannelNail","HollowMod:SoulSplash","HollowMod:SiblingsSouls"],"picked":"SKIP","floor":7},{"not_picked":["HollowMod:DescendingDark","HollowMod:HeavyBlow","HollowMod:SoulSplash"],"picked":"SKIP","floor":10},{"not_picked":["HollowMod:SiblingsShadow","HollowMod:DashSlash"],"picked":"HollowMod:GreatSlash","floor":12},{"not_picked":["HollowMod:MothsMistake","HollowMod:DoubleDash"],"picked":"HollowMod:MidwifesHunger","floor":13}],"player_experience":405981,"relics_obtained":[{"floor":6,"key":"Incense Burner"},{"floor":9,"key":"Turnip"}],"event_choices":[{"damage_healed":0,"gold_gain":0,"player_choice":"Entered Light","damage_taken":14,"max_hp_gain":0,"max_hp_loss":0,"event_name":"Shining Light","floor":2,"gold_loss":0,"cards_upgraded":["HollowMod:QuickDashStart","HollowMod:DescendingDark"]}],"is_beta":false,"boss_relics":[],"items_purged_floors":[14],"is_endless":false,"potions_floor_spawned":[1,7,12],"killed_by":"Hexaghost","ascension_level":0}}