{"host":"zjxcc3u4aqpoowwq","time":1609905763,"event":{"mods":["100% Spire Juice","2.2 Compatiblity","AchievementEnabler","BaseMod","Better Third Choice","CapriCore","Colored Map","Keyboard Shortcuts","Minty Spire (QoL Compilation)","StSLib"],"gold_per_floor":[113,113,67,87,97,126,145,145,145,177,177,191,201,217,217,318,78,92,92,67,94,144,144,144],"floor_reached":23,"playtime":829,"items_purged":[],"score":223,"play_id":"0fb8798f-5149-4431-b0ca-5762e49d1291","local_time":"20210106130243","is_ascension_mode":true,"campfire_choices":[{"floor":11.0,"key":"REST"},{"data":"Moonworks:x16BigRocket","floor":15.0,"key":"SMITH"}],"circlet_count":0,"master_deck":["Moonworks:Strike","Moonworks:Strike","Moonworks:Defend","Moonworks:Defend","Moonworks:Defend","Moonworks:Defend","Moonworks:Ambush","Moonworks:LongDistanceShot","Moonworks:AngelHand","Moonworks:JonathanRush","Moonworks:JonathanRush","Moonworks:MiracleWalker","Moonworks:x16BigRocket+1","Moonworks:DeployBits","Moonworks:TacticalRetreat","Moonworks:BindingChains","Moonworks:OutOfAmmo+1","Moonworks:CrystalBarrier+1","CurseOfTheBell","Moonworks:Blazing+1","Moonworks:CloudOfSeagulls","Moonworks:JonathanRush","Moonworks:PlushieMaster","Moonworks:Assault"],"relics":["Moonworks:BrokenBomb","Moonworks:Homemark","Ginger","Bag of Preparation","WingedGreaves","Question Card","Frozen Egg 2","Calling Bell","Potion Belt","Kunai","Girya","SsserpentHead"],"acts_visited":["Exordium","TheCity"],"potions_floor_usage":[23],"damage_taken":[{"damage":10.0,"enemies":"Small Slimes","floor":1.0,"turns":3.0},{"damage":0.0,"enemies":"Cultist","floor":4.0,"turns":3.0},{"damage":12.0,"enemies":"Jaw Worm","floor":5.0,"turns":2.0},{"damage":11.0,"enemies":"Lagavulin","floor":6.0,"turns":6.0},{"damage":4.0,"enemies":"Red Slaver","floor":7.0,"turns":3.0},{"damage":18.0,"enemies":"3 Sentries","floor":10.0,"turns":5.0},{"damage":1.0,"enemies":"Blue Slaver","floor":12.0,"turns":3.0},{"damage":0.0,"enemies":"Exordium Thugs","floor":13.0,"turns":3.0},{"damage":4.0,"enemies":"Looter","floor":14.0,"turns":3.0},{"damage":4.0,"enemies":"Hexaghost","floor":16.0,"turns":10.0},{"damage":0.0,"enemies":"3 Byrds","floor":18.0,"turns":6.0},{"damage":13.0,"enemies":"2 Thieves","floor":20.0,"turns":5.0},{"damage":52,"enemies":"Gremlin Leader","floor":23,"turns":5}],"seed_played":"7149178938688134911","potions_obtained":[{"floor":1.0,"key":"SpeedPotion"},{"floor":5.0,"key":"Weak Potion"},{"floor":7.0,"key":"SteroidPotion"},{"floor":16.0,"key":"Strength Potion"}],"is_trial":false,"path_per_floor":["M","?","$","M","M","E","M","?","T","E","R","M","M","M","R","B",null,"M","?","M","$","?","E"],"character_chosen":"THE_STARBREAKER","items_purchased":["Moonworks:JonathanRush","Moonworks:JonathanRush"],"campfire_rested":1,"item_purchase_floors":[3,21],"current_hp_per_floor":[50,50,50,50,38,30,26,26,26,8,26,25,30,26,26,22,60,60,60,47,47,47,0,0],"gold":144,"neow_bonus":"ONE_RARE_RELIC","is_daily":false,"chose_seed":false,"campfire_upgraded":1,"win_rate":0.0,"timestamp":1609905763,"path_taken":["M","?","$","?","M","E","M","?","T","E","R","M","?","M","R","BOSS","M","?","M","?","?","E"],"items_purchased_type":["Card","Card"],"build_version":"2020-12-22","purchased_purges":0,"victory":false,"max_hp_per_floor":[60,60,60,60,60,60,60,60,60,60,60,60,60,60,60,60,60,60,60,60,60,60,60,60],"card_choices":[{"not_picked":["Moonworks:WindyEnchantment","Moonworks:EvilSpyWorkPreparation"],"picked":"Moonworks:AngelHand","floor":1.0},{"not_picked":["Moonworks:LulusLuckyEgg","Moonworks:CookingTime"],"picked":"Moonworks:JonathanRush","floor":4.0},{"not_picked":["Moonworks:SakisCookie","Moonworks:AngelHand"],"picked":"Moonworks:MiracleWalker","floor":5.0},{"not_picked":["Moonworks:NicePresent","Moonworks:FinalSurgery"],"picked":"Moonworks:x16BigRocket","floor":6.0},{"not_picked":["Moonworks:SakisCookie","Moonworks:BigMagnum"],"picked":"Moonworks:DeployBits","floor":7.0},{"not_picked":["Moonworks:WindyEnchantment","Moonworks:Dinner","Moonworks:DevilHand"],"picked":"Moonworks:TacticalRetreat","floor":10.0},{"not_picked":["Moonworks:ImOnFire","Moonworks:Dinner","Moonworks:DeployBits"],"picked":"Moonworks:BindingChains","floor":12.0},{"not_picked":["Moonworks:NicePresent","Moonworks:EvilSpyWorkPreparation","Moonworks:ScrambledEve","Moonworks:CompletionReward"],"picked":"SKIP","floor":13.0},{"not_picked":["Moonworks:WindyEnchantment","Moonworks:DeployBits","Moonworks:CloudOfSeagulls"],"picked":"Moonworks:OutOfAmmo+1","floor":14.0},{"not_picked":["Moonworks:MetallicMonocoque+1","Moonworks:EvilMastermind","Moonworks:ReflectiveShell+1"],"picked":"Moonworks:CrystalBarrier+1","floor":16.0},{"not_picked":["Moonworks:RagingMadness+1","Moonworks:Assault","Moonworks:LulusLuckyEgg"],"picked":"Moonworks:Blazing+1","floor":18.0},{"not_picked":["Moonworks:BindingChains","Moonworks:LulusLuckyEgg","Moonworks:UnluckyCharm+1"],"picked":"Moonworks:CloudOfSeagulls","floor":20.0}],"player_experience":820117,"relics_obtained":[{"floor":6.0,"key":"Bag of Preparation"},{"floor":9.0,"key":"Question Card"},{"floor":10.0,"key":"Frozen Egg 2"},{"floor":17.0,"key":"Potion Belt"},{"floor":17.0,"key":"Kunai"},{"floor":17.0,"key":"Girya"}],"event_choices":[{"cards_removed":["Doubt"],"damage_healed":0.0,"max_hp_gain":0.0,"max_hp_loss":0.0,"gold_gain":0.0,"event_name":"Purifier","player_choice":"Purged","floor":2.0,"gold_loss":0.0,"damage_taken":0.0},{"damage_healed":0.0,"max_hp_gain":0.0,"max_hp_loss":0.0,"gold_gain":0.0,"event_name":"WeMeetAgain","player_choice":"Gave Potion","floor":8.0,"gold_loss":0.0,"damage_taken":0.0,"relics_obtained":["WingedGreaves"]},{"damage_healed":0.0,"max_hp_gain":0.0,"max_hp_loss":0.0,"gold_gain":0.0,"event_name":"FaceTrader","player_choice":"Trade","floor":19.0,"gold_loss":0.0,"damage_taken":0.0,"relics_obtained":["SsserpentHead"]},{"damage_healed":0.0,"max_hp_gain":0.0,"max_hp_loss":0.0,"gold_gain":0.0,"cards_transformed":["Moonworks:Strike","Moonworks:Strike"],"event_name":"Drug Dealer","player_choice":"Became Test Subject","floor":22.0,"gold_loss":0.0,"damage_taken":0.0,"cards_obtained":["Moonworks:PlushieMaster","Moonworks:Assault"]}],"is_beta":false,"boss_relics":[{"not_picked":["Snecko Eye","Astrolabe"],"picked":"Calling Bell"}],"items_purged_floors":[],"is_endless":false,"potions_floor_spawned":[1,5,7,16],"killed_by":"Gremlin Leader","ascension_level":2}}