{"host":"wppa8gky53tnknhf","time":1609935334,"event":{"mods":["AchievementEnabler","Act Like it!","BaseMod","Beaked The Cultist","Better Third Choice","BetterRewards","Card Forge","Colored Powertips","Energized Spire","Hubris","Infinite Spire","Marked Mod","Minty Spire (QoL Compilation)","Permanent Neow","Quick Restart","Rare Cards Sparkle","Relic Stats","Remove Card Discount Mod","Replay The Spire","Spikes Relics","Spire Birthday Party","StSLib"],"gold_per_floor":[109,125,38,52,327,359,359,391,445,477,488,519,519,509,509,608,608,625,676,294,312,340,365,468,497,497,529,529,564,564,564,564,666,666,685,702,702,718,718,748,766,420,420,452,467,483,513,542,554,566,578,590,47,78,78,78],"floor_reached":55,"playtime":2622,"items_purged":[],"score":1136,"play_id":"d8c791bd-7cb0-4960-9f0b-572855cb3060","local_time":"20210106121534","is_ascension_mode":true,"campfire_choices":[{"floor":7,"key":"RECALL"},{"data":"beaked:Foresight","floor":15,"key":"SMITH"},{"floor":28,"key":"REST"},{"floor":32,"key":"REST"},{"floor":49,"key":"REST"},{"floor":52,"key":"REST"}],"circlet_count":0,"master_deck":["beaked:Strike_Y+1","beaked:Strike_Y+1","beaked:Strike_Y+1","beaked:Strike_Y+1","beaked:Strike_Y+1","beaked:Strike_Y+1","beaked:Defend_Y+1","beaked:Defend_Y+1","beaked:Defend_Y+1","beaked:Defend_Y+1","beaked:Ceremony+1","beaked:Ceremony+1","beaked:Ceremony+1","beaked:KnowThyFoe+1","Mind Blast+1","beaked:Foresight+1","beaked:Evade+1","beaked:Foresight+1","beaked:MachineEssence+1","beaked:Hexing+1","beaked:BraceForImpact+1","beaked:Foresight+1","beaked:Brace+1","beaked:FeelMyPain+1","beaked:BloodRitual+1","beaked:HuntressSpirit+1","beaked:AwakenedForm+1","J.A.X.+1","beaked:Foresight+1","beaked:SacrificialAttack+1","infinitespire:UltimateForm+1","hubris:DuctTapeCard","beaked:TuckingFeathers+1","beaked:BraceForImpact+1","beaked:Brace+1","Replay:Dark Deal+1","beaked:BraceForImpact+1"],"relics":["beaked:MendingPlumage","Hammer of Thor","Seething Fire","Anvil of the Gods","Strawberry","Orichalcum","Gremlin Horn","Blood Vial","NlothsMask","CultistMask","energizedSpire:NeverEndingSparkler","hubris:Potato","Red Mask","hubris:FunFungus","ReplayTheSpireMod:CursedCoin","hubris:SlimyHat","Darkstone Periapt","ReplayFunnel","Replay:Bronze Core","hubris:DuctTape","Calipers","hubris:PeanutButter","Singing Bowl","Anchor","MawBank","hubris:MobiusCoin","Membership Card","SuspiciousGoo"],"acts_visited":["Exordium","TheCity","TheBeyond","TheEnding"],"potions_floor_usage":[10,10,10,18,22,38,50,55,55],"damage_taken":[{"damage":0,"enemies":"Cultist","floor":1,"turns":3},{"damage":5,"enemies":"Small Slimes","floor":2,"turns":4},{"damage":0,"enemies":"2 Louse","floor":4,"turns":2},{"damage":9,"enemies":"3 Sentries","floor":6,"turns":7},{"damage":11,"enemies":"Lagavulin","floor":8,"turns":6},{"damage":0,"enemies":"3 Sentries","floor":10,"turns":5},{"damage":1,"enemies":"2 Fungi Beasts","floor":11,"turns":4},{"damage":12,"enemies":"Lagavulin","floor":12,"turns":9},{"damage":12,"enemies":"Exordium Thugs","floor":14,"turns":4},{"damage":26,"enemies":"Hexaghost","floor":16,"turns":12},{"damage":12,"enemies":"3 Byrds","floor":18,"turns":5},{"damage":26,"enemies":"Spheric Guardian","floor":21,"turns":7},{"damage":34,"enemies":"Masked Bandits","floor":22,"turns":8},{"damage":78,"enemies":"Slavers","floor":23,"turns":9},{"damage":12,"enemies":"Book of Stabbing","floor":25,"turns":7},{"damage":11,"enemies":"Replay:Snechameleon","floor":27,"turns":8},{"damage":0,"enemies":"Gremlin Leader","floor":29,"turns":8},{"damage":12,"enemies":"Champ","floor":33,"turns":12},{"damage":47,"enemies":"3 Darklings","floor":35,"turns":8},{"damage":0,"enemies":"3 Shapes","floor":36,"turns":7},{"damage":0,"enemies":"Jaw Worm Horde","floor":38,"turns":5},{"damage":19,"enemies":"R_Hoarder","floor":40,"turns":11},{"damage":38,"enemies":"Transient","floor":41,"turns":5},{"damage":46,"enemies":"Nemesis","floor":44,"turns":7},{"damage":0,"enemies":"Maw","floor":45,"turns":9},{"damage":3,"enemies":"Jaw Worm Horde","floor":46,"turns":7},{"damage":0,"enemies":"beaked:SuperParasite","floor":47,"turns":9},{"damage":3,"enemies":"Writhing Mass","floor":48,"turns":7},{"damage":0,"enemies":"Donu and Deca","floor":50,"turns":10},{"damage":14,"enemies":"Shield and Spear","floor":54,"turns":11},{"damage":78,"enemies":"The Heart","floor":55,"turns":3}],"seed_played":"-6180456378732150457","potions_obtained":[{"floor":4,"key":"SteroidPotion"},{"floor":6,"key":"Swift Potion"},{"floor":8,"key":"AttackPotion"},{"floor":14,"key":"BlessingOfTheForge"},{"floor":16,"key":"infinitespire:BlackPotion"},{"floor":21,"key":"Explosive Potion"},{"floor":23,"key":"Milkshake"},{"floor":27,"key":"Venom Potion"},{"floor":33,"key":"DistilledChaos"},{"floor":38,"key":"BlessingOfTheForge"},{"floor":47,"key":"Energy Potion"}],"is_trial":false,"path_per_floor":["M","M","$","M","?","E","R","E","T","E","M","E","?","M","R","B",null,"M","T","$","M","?","E","$","E","T","E","R","E","?","?","R","B",null,"M","M","?","M","AVR","E","M","$","T","E","M","M","E","M","R","B",null,"R","$","E","B"],"character_chosen":"BEAKED_THE_CULTIST","items_purchased":["Mind Blast","hubris:Potato","beaked:Hexing","beaked:BraceForImpact","ReplayTheSpireMod:CursedCoin","beaked:FeelMyPain","hubris:PeanutButter","CultistPotion","Replay:Dark Deal","hubris:MobiusCoin","Membership Card"],"campfire_rested":4,"item_purchase_floors":[3,20,20,20,24,24,42,42,53,53,53],"current_hp_per_floor":[50,50,50,50,50,57,57,54,54,57,57,55,55,57,57,54,57,48,48,48,57,47,57,57,57,57,57,57,57,57,57,57,57,57,57,57,57,57,57,57,57,57,57,45,59,61,63,63,63,63,63,63,63,63,0,0],"gold":78,"neow_bonus":"THREE_RARE_CARDS","is_daily":false,"chose_seed":false,"campfire_upgraded":1,"win_rate":0.0,"timestamp":1609935334,"path_taken":["M","M","$","?","?","E","R","E","T","E","?","E","?","M","R","BOSS","M","?","$","M","?","E","$","E","T","E","R","E","?","?","R","BOSS","M","M","?","M","AVR","E","M","?","T","E","M","?","E","M","R","BOSS","R","$","E","BOSS"],"items_purchased_type":["Card","Relic","Card","Card","Relic","Card","Relic","Potion","Card","Relic","Relic"],"build_version":"2020-12-22","purchased_purges":0,"victory":false,"max_hp_per_floor":[50,50,50,50,50,57,57,57,57,57,57,57,57,57,57,57,57,57,57,57,57,57,57,57,57,57,57,57,57,57,57,57,57,57,57,57,57,57,57,57,57,57,57,59,59,61,63,63,63,63,63,63,63,63,63,63],"relic_stats":{"Blood Vial":8,"Darkstone Periapt":0,"Gremlin Horn":[37,37],"Singing Bowl":6,"counters":[31,219],"Orichalcum":[138],"MawBank":72,"obtain_stats":[{"Darkstone Periapt":27,"ReplayFunnel":29,"Calipers":40,"Gremlin Horn":10,"Singing Bowl":43,"Hammer of Thor":0,"hubris:SlimyHat":26,"Blood Vial":12,"Strawberry":6,"Replay:Bronze Core":39,"hubris:FunFungus":23,"Red Mask":22,"hubris:MobiusCoin":53,"hubris:DuctTape":39,"ReplayTheSpireMod:CursedCoin":24,"SuspiciousGoo":54,"Seething Fire":0,"Orichalcum":8,"MawBank":47,"Anchor":44,"Anvil of the Gods":0,"energizedSpire:NeverEndingSparkler":17,"hubris:PeanutButter":42,"CultistMask":13,"Membership Card":53,"beaked:MendingPlumage":0,"hubris:Potato":20,"NlothsMask":13},{"Darkstone Periapt":16,"ReplayFunnel":17,"Calipers":22,"Gremlin Horn":6,"Singing Bowl":23,"Hammer of Thor":0,"hubris:SlimyHat":15,"Blood Vial":8,"Strawberry":4,"Replay:Bronze Core":21,"hubris:FunFungus":14,"Red Mask":13,"hubris:MobiusCoin":29,"hubris:DuctTape":21,"ReplayTheSpireMod:CursedCoin":14,"SuspiciousGoo":30,"Seething Fire":0,"Orichalcum":5,"MawBank":27,"Anchor":24,"Anvil of the Gods":0,"energizedSpire:NeverEndingSparkler":10,"hubris:PeanutButter":23,"CultistMask":8,"Membership Card":29,"beaked:MendingPlumage":0,"hubris:Potato":11,"NlothsMask":8},{"Darkstone Periapt":100,"ReplayFunnel":108,"Calipers":151,"Gremlin Horn":27,"Singing Bowl":156,"Hammer of Thor":0,"hubris:SlimyHat":92,"Blood Vial":40,"Strawberry":16,"Replay:Bronze Core":140,"hubris:FunFungus":85,"Red Mask":76,"hubris:MobiusCoin":205,"hubris:DuctTape":140,"ReplayTheSpireMod:CursedCoin":85,"SuspiciousGoo":216,"Seething Fire":0,"Orichalcum":22,"MawBank":188,"Anchor":163,"Anvil of the Gods":0,"energizedSpire:NeverEndingSparkler":56,"hubris:PeanutButter":156,"CultistMask":40,"Membership Card":205,"beaked:MendingPlumage":0,"hubris:Potato":61,"NlothsMask":40}]},"card_choices":[{"not_picked":["beaked:Caw","beaked:CheekyTricks"],"picked":"beaked:KnowThyFoe","floor":0},{"not_picked":["beaked:Molting","ReplayTheSpireMod:Wings of Steel","beaked:Redirect"],"picked":"SKIP","floor":1},{"not_picked":["beaked:Overexert","beaked:FeelMyPain"],"picked":"beaked:BraceForImpact","floor":2},{"not_picked":["beaked:Tweet","beaked:DigDeeper"],"picked":"beaked:Foresight","floor":4},{"not_picked":["beaked:LiftOff","beaked:Brace"],"picked":"beaked:BraceForImpact","floor":6},{"not_picked":["beaked:SurvivalInstinct","beaked:Replenish"],"picked":"beaked:Evade","floor":8},{"not_picked":["beaked:Daydream","ReplayTheSpireMod:Prepare the Ceremony","beaked:BarbedWire"],"picked":"SKIP","floor":10},{"not_picked":["beaked:Flinch","beaked:VigorBurst","beaked:Devastation"],"picked":"SKIP","floor":11},{"not_picked":["beaked:FeelMyPain","ReplayTheSpireMod:Owlgaze","beaked:CursingBlood"],"picked":"SKIP","floor":12},{"not_picked":["beaked:RitualOfBody","beaked:SurvivalInstinct"],"picked":"beaked:Foresight","floor":14},{"not_picked":["beaked:LiftOff","beaked:WildInstinct"],"picked":"beaked:MachineEssence","floor":16},{"not_picked":["beaked:Resilience","beaked:SacrificialDive+1","beaked:DigDeep+1"],"picked":"SKIP","floor":18},{"not_picked":["beaked:Insight+1","beaked:Cower+1"],"picked":"beaked:Foresight+1","floor":21},{"not_picked":["beaked:Poke","beaked:Tradeoff"],"picked":"beaked:RitualOfBody","floor":22},{"not_picked":["beaked:SacrificialDive","beaked:Evade+1"],"picked":"beaked:Brace","floor":23},{"not_picked":["beaked:Brainwash","beaked:Daydream"],"picked":"beaked:BloodRitual","floor":25},{"not_picked":["beaked:DesperateSwing","beaked:CrazyRituals"],"picked":"beaked:HuntressSpirit+1","floor":27},{"not_picked":["beaked:Windmill","beaked:Daydream+1"],"picked":"beaked:AwakenedForm","floor":29},{"not_picked":["beaked:Brace+1","beaked:Daydream"],"picked":"beaked:Foresight+1","floor":35},{"not_picked":["beaked:Tweet+1","beaked:HuntressSpirit"],"picked":"beaked:SacrificialAttack+1","floor":36},{"not_picked":["beaked:DigDeep+1","beaked:WarriorEssence+1","beaked:Resilience+1"],"picked":"SKIP","floor":38},{"not_picked":["ReplayTheSpireMod:Wings of Steel+1","beaked:HuntressSpirit","beaked:StunningBlow+1"],"picked":"SKIP","floor":40},{"not_picked":["beaked:Cower","beaked:WarriorEssence"],"picked":"beaked:TuckingFeathers+1","floor":41},{"not_picked":["beaked:Caw","beaked:WarriorSpirit","beaked:Evade"],"picked":"Singing Bowl","floor":44},{"not_picked":["beaked:Windmill+1","beaked:FeelMyPain+1"],"picked":"beaked:BraceForImpact+1","floor":45},{"not_picked":["beaked:Resilience+1","beaked:BarbedWire+1","beaked:Roost"],"picked":"Singing Bowl","floor":46},{"not_picked":["ReplayTheSpireMod:Prepare the Ceremony+1","beaked:SurvivalInstinct+1","beaked:Evade+1"],"picked":"Singing Bowl","floor":47},{"not_picked":["beaked:DigDeep+1","beaked:Struggle"],"picked":"beaked:Brace+1","floor":48},{"not_picked":["beaked:CursingBlood","beaked:VigorBurst+1"],"picked":"beaked:BraceForImpact+1","floor":54}],"player_experience":754586,"relics_obtained":[{"floor":6,"key":"Strawberry"},{"floor":8,"key":"Orichalcum"},{"floor":10,"key":"Gremlin Horn"},{"floor":12,"key":"Blood Vial"},{"floor":22,"key":"Red Mask"},{"floor":23,"key":"hubris:FunFungus"},{"floor":26,"key":"hubris:SlimyHat"},{"floor":27,"key":"Darkstone Periapt"},{"floor":29,"key":"ReplayFunnel"},{"floor":40,"key":"Calipers"},{"floor":43,"key":"Singing Bowl"},{"floor":44,"key":"Anchor"},{"floor":47,"key":"MawBank"},{"floor":54,"key":"SuspiciousGoo"}],"event_choices":[{"damage_healed":0,"gold_gain":275,"player_choice":"Desecrate","damage_taken":0,"max_hp_gain":0,"max_hp_loss":0,"event_name":"Golden Shrine","floor":5,"gold_loss":0,"cards_obtained":["Regret"]},{"damage_healed":0,"gold_gain":0,"player_choice":"Trade","damage_taken":0,"relics_obtained":["NlothsMask"],"max_hp_gain":0,"max_hp_loss":0,"event_name":"FaceTrader","floor":13,"gold_loss":0},{"damage_healed":0,"gold_gain":0,"player_choice":"Fought Bandits","damage_taken":0,"max_hp_gain":0,"max_hp_loss":0,"event_name":"Masked Bandits","floor":22,"gold_loss":0},{"damage_healed":0,"gold_gain":0,"player_choice":"Obtain J.A.X.","damage_taken":0,"max_hp_gain":0,"max_hp_loss":0,"event_name":"Drug Dealer","floor":31,"gold_loss":0,"cards_obtained":["J.A.X."]},{"damage_healed":0,"gold_gain":0,"player_choice":"Ignored","damage_taken":0,"max_hp_gain":0,"max_hp_loss":0,"event_name":"Purifier","floor":37,"gold_loss":0}],"is_beta":false,"boss_relics":[{"not_picked":["ReplayTheSpireMod:DimensionalGlitch","Replay:Ancient Bell"],"picked":"energizedSpire:NeverEndingSparkler"},{"not_picked":["hubris:BlackHole","Busted Crown","energizedSpire:DeadBattery"]}],"items_purged_floors":[],"is_endless":false,"potions_floor_spawned":[4,6,8,14,16,21,23,27,33,38,46,47],"killed_by":"The Heart","ascension_level":1}}