{"host":"zydufobuumzsx0vb","time":1609944751,"event":{"mods":["Act Like it!","BaseMod","Better Note","Colored Map","Gensokyo","Marisa£®ÏF”Í°°ƒß¿Ì…≥£©","Minty Spire (QoL Compilation)","Rare Cards Sparkle","Spicy Shops","StSLib","SuperFastMode"],"gold_per_floor":[109,109,109,122,46,46,75,75,123,149,149,160,171,187,187,261,261,273,142,158,173,192,192,222,222,222,222,222,251,211,211,211],"floor_reached":31,"playtime":1199,"items_purged":["Strike_MRS"],"score":579,"play_id":"6cad9780-f9c3-49aa-b894-ca13866cfb0c","local_time":"20210106225231","is_ascension_mode":true,"campfire_choices":[{"data":"EnergyFlow","floor":6,"key":"SMITH"},{"data":"MasterSpark","floor":8,"key":"SMITH"},{"floor":15,"key":"REST"},{"floor":23,"key":"REST"},{"floor":27,"key":"REST"}],"circlet_count":0,"master_deck":["AscendersBane","Strike_MRS","Strike_MRS","Strike_MRS","Defend_MRS","Defend_MRS","Defend_MRS","Defend_MRS","MasterSpark+1","UpSweep","Acceleration","EnergyFlow+1","PowerUp","OneTimeOff+1","Singularity","Gensokyo:MarisaTwilightSpark+1","AsteroidBelt","SporeBomb","DarkMatter","Parasite","Parasite","MilkyWay"],"relics":["MiniHakkero","NeowsBlessing","Strawberry","Omamori","Blood Vial","Mercury Hourglass","Ice Cream","Cursed Key","Orichalcum","ShroomBag","Nunchaku"],"acts_visited":["Gensokyo:Gensokyo","Gensokyo:Gensokyoer"],"potions_floor_usage":[13,14,16,24,31,31],"damage_taken":[{"damage":0,"enemies":"Gensokyo:3_Fairies","floor":1,"turns":1},{"damage":0,"enemies":"Gensokyo:2_Kodama","floor":4,"turns":1},{"damage":0,"enemies":"Gensokyo:Mamizou","floor":7,"turns":3},{"damage":44,"enemies":"Gensokyo:Cirno","floor":10,"turns":8},{"damage":3,"enemies":"Gensokyo:Python","floor":12,"turns":4},{"damage":0,"enemies":"Gensokyo:VengefulSpirit","floor":13,"turns":2},{"damage":8,"enemies":"Gensokyo:Kitsune","floor":14,"turns":2},{"damage":7,"enemies":"Gensokyo:Yukari","floor":16,"turns":5},{"damage":13,"enemies":"Gensokyo:AngelMirror","floor":18,"turns":4},{"damage":0,"enemies":"Gensokyo:2_Gloops","floor":20,"turns":4},{"damage":30,"enemies":"Gensokyo:Slime_Group","floor":21,"turns":5},{"damage":8,"enemies":"Gensokyo:Mirror_and_Dog","floor":22,"turns":3},{"damage":6,"enemies":"Gensokyo:Reisen","floor":24,"turns":4},{"damage":65,"enemies":"Gensokyo:Tenshi","floor":29,"turns":4},{"damage":13,"enemies":"Gensokyo:Reisen","floor":31,"turns":4}],"seed_played":"-786101930987453320","potions_obtained":[{"floor":1,"key":"BlessingOfTheForge"},{"floor":7,"key":"Ancient Potion"},{"floor":13,"key":"Fire Potion"},{"floor":21,"key":"Weak Potion"},{"floor":24,"key":"Fire Potion"},{"floor":29,"key":"Fire Potion"}],"is_trial":false,"path_per_floor":["M","?","?","M","COS","R","E","R","T","E","?","M","M","M","R","B",null,"M","$","M","M","M","R","E","?","T","R","T","E","?","E"],"character_chosen":"MARISA","items_purchased":["SporeBomb"],"campfire_rested":3,"item_purchase_floors":[19],"current_hp_per_floor":[63,56,56,56,56,56,56,56,56,14,14,13,15,9,32,27,65,54,54,56,28,22,45,41,41,41,64,64,5,5,0,0],"gold":211,"neow_bonus":"THREE_ENEMY_KILL","is_daily":false,"chose_seed":false,"campfire_upgraded":2,"win_rate":0.0,"timestamp":1609944751,"path_taken":["M","?","?","M","COS","R","E","R","T","E","?","?","M","M","R","BOSS","M","$","M","M","M","R","E","?","T","R","?","E","?","E"],"items_purchased_type":["Card"],"build_version":"2020-12-22","purchased_purges":1,"victory":false,"max_hp_per_floor":[70,77,77,77,77,77,77,77,77,77,77,77,77,77,77,77,77,77,77,77,77,77,77,77,77,77,77,77,77,77,77,77],"card_choices":[{"not_picked":["EnergyRecoil","AlicesGift"],"picked":"Acceleration","floor":1},{"not_picked":["DarkMatter","DC"],"picked":"EnergyFlow","floor":3},{"not_picked":["6A","WitchOfGreed"],"picked":"PowerUp","floor":3},{"not_picked":["Orbital","OpenUniverse"],"picked":"OneTimeOff","floor":4},{"not_picked":["WitchOfGreed","BlazeAway","MeteoricShower"],"picked":"SKIP","floor":7},{"not_picked":["MagicChant","DoubleSpark"],"picked":"Singularity","floor":10},{"not_picked":["NonDirectionalLaser","OneTimeOff","6A"],"picked":"SKIP","floor":12},{"not_picked":["RefractionSpark","GrandCross","FairyDestructionRay"],"picked":"SKIP","floor":13},{"not_picked":["PowerUp","Singularity","BigCrunch"],"picked":"SKIP","floor":14},{"not_picked":["SuperPerseids","6A"],"picked":"AsteroidBelt","floor":18},{"not_picked":["Acceleration+1","OpenUniverse"],"picked":"DarkMatter","floor":20},{"not_picked":["BlazeAway+1","MachineGunSpark","LuminesStrike"],"picked":"SKIP","floor":21},{"not_picked":["Acceleration","WitchLeyline","6A"],"picked":"SKIP","floor":22},{"not_picked":["NonDirectionalLaser","MeteoricShower","ManaConvection"],"picked":"SKIP","floor":24},{"not_picked":["BinaryStars","MeteoricShower"],"picked":"MilkyWay","floor":29}],"player_experience":157573,"relics_obtained":[{"floor":7,"key":"Omamori"},{"floor":9,"key":"Blood Vial"},{"floor":10,"key":"Mercury Hourglass"},{"floor":24,"key":"Orichalcum"},{"floor":28,"key":"ShroomBag"},{"floor":29,"key":"Nunchaku"}],"event_choices":[],"is_beta":false,"boss_relics":[{"not_picked":["Philosopher\u0027s Stone","Velvet Choker"],"picked":"Cursed Key"}],"items_purged_floors":[19],"is_endless":false,"potions_floor_spawned":[1,7,13,21,24,29],"killed_by":"Gensokyo:Reisen","ascension_level":18}}