{"host":"951sez6ulsv0fw1i","time":1609970375,"event":{"mods":["2.2 Compatiblity","Act Like it!","Aspiration","BaseMod","Better Third Choice","BetterRewards","CCEM","CapriCore","Conspire","Downfall","Gensokyo","Googly Eyes","Hermit","Infinite Spire","JesterMod","Luminous","Marisa????????","Minty Spire (QoL Compilation)","Potionbrewer","Reimu??????","Spicy Shops","StSLib","The Cursed","The Immortal","The Marked","The Runesmith","The Servant 0.9.4","TheVacant"],"gold_per_floor":[362,105,1,17,29,29,29,261,261,261,279,279,279,289,289,389,389,408,422,148,148,165,200,219,245,245,245,245,245,271,290,290,290,290],"floor_reached":33,"playtime":1824,"items_purged":["jesterMod:Strike"],"score":330,"play_id":"88f0d181-ae0d-4f7b-80d5-3b97df1bdb18","local_time":"20210106225935","is_ascension_mode":false,"campfire_choices":[{"floor":6,"key":"REST"},{"data":"jesterMod:Exasperation","floor":10,"key":"SMITH"},{"data":"jesterMod:Drunkenness","floor":13,"key":"SMITH"},{"floor":15,"key":"RECALL"},{"floor":29,"key":"REST"},{"floor":32,"key":"REST"}],"circlet_count":0,"master_deck":["jesterMod:Strike","jesterMod:Strike","jesterMod:Strike","jesterMod:Sickle","jesterMod:Defend+1","jesterMod:Defend","jesterMod:Defend+1","jesterMod:Defend","jesterMod:Dodge","jesterMod:DesperateStrike","jesterMod:Tinker+1","jesterMod:Exasperation+1","jesterMod:SmokeScreen+1","jesterMod:Drunkenness+1","jesterMod:Procrastination+1","jesterMod:Anticipation+1","jesterMod:RecklessStrike","jesterMod:Mending","jesterMod:Overthink+1","jesterMod:Precipitation","jesterMod:Swiftness","jesterMod:Schizophrenia","jesterMod:Anticipation+1","jesterMod:MudBall+1","jesterMod:Inspiration+1"],"relics":["jesterMod:JesterCap","Toxic Egg 2","CCEMRelics:PorcelainBowl","Pear","Eternal Feather","Black Star","Singing Bowl","Gensokyo:DirgeOfMelancholy","Nunchaku","Bottled Lightning","Juzu Bracelet","War Paint","CCEMRelics:FryingPan","Gensokyo:DayTheSeaSplit","infinitespire:Beetle Shell","Boot"],"acts_visited":["Exordium","Gensokyo:Gensokyo"],"potions_floor_usage":[19,23,25,25,25,33],"damage_taken":[{"damage":0,"enemies":"Gensokyo:2_Kodama","floor":1,"turns":5},{"damage":10,"enemies":"Gensokyo:Gryphon","floor":4,"turns":4},{"damage":3,"enemies":"Gensokyo:Python","floor":5,"turns":4},{"damage":5,"enemies":"Gensokyo:Cirno","floor":8,"turns":7},{"damage":0,"enemies":"Gensokyo:VengefulSpirit","floor":11,"turns":3},{"damage":10,"enemies":"Gensokyo:3_Kodama","floor":14,"turns":3},{"damage":44,"enemies":"Gensokyo:Kokoro","floor":16,"turns":9},{"damage":12,"enemies":"Gensokyo:CosmicMonolith","floor":18,"turns":5},{"damage":12,"enemies":"Gensokyo:3_Dogs","floor":19,"turns":5},{"damage":4,"enemies":"Gensokyo:Wraith","floor":22,"turns":5},{"damage":16,"enemies":"Gensokyo:Reisen","floor":23,"turns":6},{"damage":34,"enemies":"Gensokyo:Slime_Group","floor":24,"turns":6},{"damage":2,"enemies":"Gensokyo:Koishi","floor":25,"turns":8},{"damage":4,"enemies":"Gensokyo:Reisen","floor":30,"turns":6},{"damage":34,"enemies":"Gensokyo:Swordslinger","floor":31,"turns":5},{"damage":56,"enemies":"Gensokyo:Eiki","floor":33,"turns":5}],"seed_played":"1698556153430695488","potions_obtained":[{"floor":1,"key":"Dexterity Potion"},{"floor":8,"key":"Weak Potion"},{"floor":16,"key":"Block Potion"},{"floor":22,"key":"sneckomod:MuddlingPotion"},{"floor":23,"key":"SpeedPotion"},{"floor":31,"key":"potionbrewer:ToxicPotion"}],"is_trial":false,"path_per_floor":["M","$","COS","M","M","R","?","E","T","R","M","T","R","M","R","B",null,"M","M","$","?","M","E","M","E","T","?","?","R","E","M","R","B"],"character_chosen":"THE_JESTER","items_purchased":["Toxic Egg 2","Singing Bowl","jesterMod:Schizophrenia"],"campfire_rested":3,"item_purchase_floors":[2,20,20],"current_hp_per_floor":[49,49,49,39,36,57,57,62,62,62,62,62,71,61,70,26,80,68,56,56,56,54,38,6,4,4,9,9,47,45,11,53,0,0],"gold":290,"neow_bonus":"TWO_FIFTY_GOLD","is_daily":false,"chose_seed":false,"campfire_upgraded":2,"win_rate":0.0,"timestamp":1609970375,"path_taken":["M","?","COS","M","?","R","?","E","T","R","M","?","R","?","R","BOSS","M","M","$","?","M","E","M","E","T","?","?","R","E","M","R","BOSS"],"items_purchased_type":["Relic","Relic","Card"],"build_version":"2020-12-22","purchased_purges":1,"victory":false,"max_hp_per_floor":[70,70,70,70,70,70,70,80,80,80,80,80,80,80,80,80,80,80,80,80,80,82,82,84,84,84,89,89,89,91,91,91,91,91],"card_choices":[{"not_picked":["jesterMod:QuickStrike","jesterMod:Patience"],"picked":"jesterMod:DesperateStrike","floor":1},{"not_picked":["jesterMod:Haste+1","jesterMod:DancingMad+1"],"picked":"jesterMod:Tinker+1","floor":4},{"not_picked":["jesterMod:SmokeScreen+1","jesterMod:SwiftDodge+1"],"picked":"jesterMod:Exasperation","floor":4},{"not_picked":["jesterMod:Feint","jesterMod:Rebuff"],"picked":"jesterMod:SmokeScreen+1","floor":5},{"not_picked":["jesterMod:Prankster","jesterMod:Tinker"],"picked":"jesterMod:Drunkenness","floor":7},{"not_picked":["jesterMod:SmokeScreen+1","jesterMod:ButterKnife"],"picked":"jesterMod:Procrastination+1","floor":7},{"not_picked":["jesterMod:RecklessStrike","jesterMod:SelfMockery+1"],"picked":"jesterMod:Anticipation+1","floor":8},{"not_picked":["jesterMod:Tinker","jesterMod:Precipitation"],"picked":"jesterMod:RecklessStrike","floor":11},{"not_picked":["jesterMod:Hide+1","jesterMod:SwiftDodge+1"],"picked":"jesterMod:Mending","floor":14},{"not_picked":["jesterMod:Momentum","jesterMod:HedgehogForm"],"picked":"jesterMod:Overthink+1","floor":16},{"not_picked":["jesterMod:SelfMockery+1","jesterMod:Prankster+1"],"picked":"jesterMod:Precipitation","floor":18},{"not_picked":["jesterMod:Twirl+1","jesterMod:JugglerBlade"],"picked":"jesterMod:Swiftness","floor":19},{"not_picked":["jesterMod:Exasperation","jesterMod:Flee+1","jesterMod:Precipitation"],"picked":"Singing Bowl","floor":22},{"not_picked":["jesterMod:Feint","jesterMod:Arrythmia+1"],"picked":"jesterMod:Anticipation+1","floor":23},{"not_picked":["jesterMod:Rebuff","jesterMod:Patience+1","jesterMod:Frustration"],"picked":"Singing Bowl","floor":24},{"not_picked":["jesterMod:SelfMockery+1","jesterMod:Finale"],"picked":"jesterMod:MudBall+1","floor":25},{"not_picked":["jesterMod:SwiftDodge+1","jesterMod:Arrythmia","jesterMod:Feint"],"picked":"Singing Bowl","floor":30},{"not_picked":["jesterMod:DancingMad+1","jesterMod:QuickStrike"],"picked":"jesterMod:Inspiration+1","floor":31}],"player_experience":559218,"relics_obtained":[{"floor":8,"key":"Pear"},{"floor":12,"key":"Eternal Feather"},{"floor":23,"key":"Nunchaku"},{"floor":23,"key":"Bottled Lightning"},{"floor":25,"key":"Juzu Bracelet"},{"floor":25,"key":"War Paint"},{"floor":26,"key":"CCEMRelics:FryingPan"},{"floor":30,"key":"infinitespire:Beetle Shell"},{"floor":30,"key":"Boot"}],"event_choices":[],"is_beta":false,"boss_relics":[{"not_picked":["jesterMod:JokerCard","jesterMod:HauntedLute"],"picked":"Black Star"}],"items_purged_floors":[20],"is_endless":false,"potions_floor_spawned":[1,8,16,22,23,31],"killed_by":"Gensokyo:Eiki","ascension_level":0}}