{"host":"cijhj3091wf4aho3","time":1609908786,"event":{"mods":["BaseMod","Colored Map","Colored Powertips","Downfall","Friendly Minions","GifTheSpireLib","Highlight Path","Minty Spire (QoL Compilation)","Permanent Neow","Random Character Button","Relic Sorter","Relic Stats","StSLib","everything is the same but u backflip on backflip","slay the spire mod where everything is the same but ironclad has a cowboy hat"],"gold_per_floor":[99,99,99,109,109,142,142,159,69,69,103,13,30,130,141,236,236,161,178,261,272,40,51,51,83,102,187,187,207,217,217,234,333,333,258,277,292,292,307,118,167,92,92,125,142,142,176,176,188,188,188,222,65,65,65],"floor_reached":56,"playtime":3019,"items_purged":["champ:Strike","champ:Strike"],"score":2021,"play_id":"fd303ebf-1d1d-4da4-bce8-37bd06eef944","local_time":"20210105205306","is_ascension_mode":true,"campfire_choices":[{"floor":1,"key":"RECALL"},{"data":"champ:MurderStrike","floor":10,"key":"SMITH"},{"data":"champ:HoldFirm","floor":18,"key":"SMITH"},{"data":"champ:GladiatorStyle","floor":35,"key":"SMITH"},{"data":"expansioncontent:StudyTheSpire","floor":42,"key":"SMITH"},{"data":"expansioncontent:Chronoboost","floor":54,"key":"SMITH"}],"circlet_count":0,"master_deck":["champ:Defend","champ:Defend","champ:Defend","champ:Execute+1","champ:Taunt+1","champ:RisingSlash","champ:RisingSlash","champ:RapidStrikes+1","champ:SwordSigil","champ:RisingSlash+1","champ:HoldFirm+1","champ:GladiatorStyle+1","champ:BladeFlurry","champ:Lariat+1","expansioncontent:StudyTheSpire+1","expansioncontent:SuperHexaguard","expansioncontent:Chronoboost+1","expansioncontent:YouAreMine+1","Parasite"],"relics":["champ:ChampionCrownUpgraded","downfall:ShatteredFragment","Anchor","Kunai","MealTicket","Potion Belt","CloakClasp","champ:PowerArmor","downfall:HeartBlessingRed","champ:Barbells","champ:BerserkersGuideToSlaughter","Nunchaku","Gremlin Horn","Mummified Hand","downfall:HeartBlessingGreen","downfall:HeartBlessingBlue","Whetstone","Oddly Smooth Stone","Bag of Preparation","OrangePellets"],"acts_visited":["Exordium","TheCity","TheBeyond","TheEnding"],"potions_floor_usage":[14,16,55,55,55,55,55],"damage_taken":[{"damage":5,"enemies":"Cultist","floor":4,"turns":4},{"damage":30,"enemies":"3 Sentries","floor":6,"turns":9},{"damage":5,"enemies":"Jaw Worm","floor":8,"turns":2},{"damage":21,"enemies":"downfall:FleeingMerchant","floor":9,"turns":4},{"damage":21,"enemies":"Lagavulin","floor":11,"turns":4},{"damage":15,"enemies":"downfall:FleeingMerchant","floor":12,"turns":4},{"damage":5,"enemies":"Small Slimes","floor":13,"turns":2},{"damage":18,"enemies":"Small Slimes","floor":14,"turns":3},{"damage":15,"enemies":"Blue Slaver","floor":15,"turns":2},{"damage":16,"enemies":"downfall:Ironclad","floor":16,"turns":3},{"damage":27,"enemies":"3 Byrds","floor":19,"turns":3},{"damage":15,"enemies":"downfall:FleeingMerchant","floor":20,"turns":4},{"damage":5,"enemies":"Chosen","floor":21,"turns":3},{"damage":2,"enemies":"Shelled Parasite and Fungi","floor":23,"turns":1},{"damage":0,"enemies":"Slavers","floor":25,"turns":4},{"damage":0,"enemies":"Sentry and Sphere","floor":26,"turns":1},{"damage":0,"enemies":"3 Cultists","floor":29,"turns":2},{"damage":0,"enemies":"Snake Plant","floor":30,"turns":2},{"damage":0,"enemies":"Centurion and Healer","floor":32,"turns":2},{"damage":0,"enemies":"downfall:Defect","floor":33,"turns":8},{"damage":22,"enemies":"3 Shapes","floor":36,"turns":1},{"damage":11,"enemies":"Orb Walker","floor":37,"turns":1},{"damage":20,"enemies":"3 Darklings","floor":39,"turns":2},{"damage":20,"enemies":"Nemesis","floor":44,"turns":3},{"damage":20,"enemies":"Spire Growth","floor":45,"turns":2},{"damage":20,"enemies":"Reptomancer","floor":47,"turns":2},{"damage":16,"enemies":"Writhing Mass","floor":49,"turns":5},{"damage":14,"enemies":"downfall:Watcher","floor":50,"turns":4},{"damage":61,"enemies":"downfall:CharBossMerchant","floor":52,"turns":4},{"damage":13,"enemies":"downfall:NeowBoss","floor":55,"turns":16}],"seed_played":"5999367353092414287","potions_obtained":[{"floor":6,"key":"PowerPotion"},{"floor":11,"key":"hexamod:EctoCoolerPotion"},{"floor":13,"key":"Regen Potion"},{"floor":15,"key":"Dexterity Potion"},{"floor":23,"key":"Regen Potion"},{"floor":26,"key":"SteroidPotion"},{"floor":29,"key":"champ:UltimateStancePotion"},{"floor":44,"key":"CultistPotion"},{"floor":47,"key":"champ:UltimateStancePotion"}],"is_trial":false,"path_per_floor":["R","?","?","M","?","E","T","M","$","R","E","$","M","?","M","B",null,"R","M","$","M","$","M","T","E","M","?","?","M","M","T","M","B",null,"R","M","M","?","M","?","T","R","$","E","M","?","E","?","M","B",null,"E","$","R","B",null],"character_chosen":"THE_CHAMP","items_purchased":["champ:RisingSlash","champ:Barbells","champ:GladiatorStyle","champ:BerserkersGuideToSlaughter","expansioncontent:StudyTheSpire","OrangePellets"],"campfire_rested":0,"item_purchase_floors":[12,20,22,22,40,53],"current_hp_per_floor":[81,81,54,54,54,29,29,29,44,44,28,40,40,36,36,25,67,67,67,81,81,81,81,81,81,81,63,63,68,68,68,68,78,80,80,81,81,81,81,81,81,91,91,91,91,81,91,91,91,91,91,57,72,72,82],"gold":65,"neow_bonus":"REMOVE_TWO","is_daily":false,"chose_seed":false,"campfire_upgraded":5,"win_rate":0.0,"timestamp":1609908786,"path_taken":["R","?","?","M","?","E","T","M","?","R","E","$","?","?","M","BOSS","R","M","$","M","$","M","T","E","M","?","?","M","M","?","M","BOSS","R","M","M","?","M","?","T","R","$","E","M","?","E","?","M","BOSS","E","$","R","BOSS"],"items_purchased_type":["Card","Relic","Card","Relic","Card","Relic"],"build_version":"2020-12-22","purchased_purges":2,"victory":true,"max_hp_per_floor":[81,81,81,81,81,81,81,81,81,81,81,81,81,81,81,81,81,81,81,81,81,81,81,81,81,81,81,81,81,81,81,81,81,81,81,81,81,81,81,81,81,91,91,91,91,91,91,91,91,91,91,91,91,91,91],"relic_stats":{"OrangePellets":[11],"Nunchaku":[22],"Gremlin Horn":[14,14],"counters":[30,107],"Mummified Hand":[29],"MealTicket":59,"CloakClasp":[183],"Bag of Preparation":[2],"Kunai":[85],"Whetstone":["champ:RisingSlash","champ:RapidStrikes"],"obtain_stats":[{"Potion Belt":11,"champ:Barbells":20,"downfall:ShatteredFragment":3,"downfall:HeartBlessingRed":18,"Gremlin Horn":25,"Oddly Smooth Stone":47,"champ:ChampionCrown":0,"downfall:HeartBlessingGreen":35,"champ:ChampionCrownUpgraded":34,"CloakClasp":14,"Bag of Preparation":52,"Whetstone":44,"champ:PowerArmor":17,"OrangePellets":53,"Anchor":5,"Nunchaku":24,"Mummified Hand":31,"downfall:HeartBlessingBlue":42,"MealTicket":7,"Kunai":6,"champ:BerserkersGuideToSlaughter":22},{"Potion Belt":5,"champ:Barbells":12,"downfall:ShatteredFragment":0,"downfall:HeartBlessingRed":10,"Gremlin Horn":15,"Oddly Smooth Stone":26,"champ:ChampionCrown":0,"downfall:HeartBlessingGreen":20,"champ:ChampionCrownUpgraded":20,"CloakClasp":8,"Bag of Preparation":29,"Whetstone":24,"champ:PowerArmor":10,"OrangePellets":29,"Anchor":1,"Nunchaku":14,"Mummified Hand":18,"downfall:HeartBlessingBlue":23,"MealTicket":2,"Kunai":2,"champ:BerserkersGuideToSlaughter":13},{"Potion Belt":23,"champ:Barbells":44,"downfall:ShatteredFragment":0,"downfall:HeartBlessingRed":37,"Gremlin Horn":52,"Oddly Smooth Stone":78,"champ:ChampionCrown":0,"downfall:HeartBlessingGreen":67,"champ:ChampionCrownUpgraded":67,"CloakClasp":32,"Bag of Preparation":91,"Whetstone":74,"champ:PowerArmor":37,"OrangePellets":91,"Anchor":4,"Nunchaku":48,"Mummified Hand":57,"downfall:HeartBlessingBlue":71,"MealTicket":13,"Kunai":13,"champ:BerserkersGuideToSlaughter":47}]},"card_choices":[{"not_picked":["champ:Backstep","champ:GutPunch","champ:RageSigil"],"picked":"SKIP","floor":4},{"not_picked":["champ:FocusedGladiator","champ:GladiatorsShout"],"picked":"champ:MurderStrike","floor":6},{"not_picked":["champ:FanOfKnives","champ:ShieldSigil"],"picked":"champ:RisingSlash","floor":8},{"not_picked":["champ:TornadoPunch","champ:BringItOn"],"picked":"champ:RisingSlash","floor":9},{"not_picked":["champ:GladiatorsShout","champ:FalseCounter"],"picked":"champ:RapidStrikes","floor":11},{"not_picked":["champ:FocusedDefense","champ:RapidStrikes"],"picked":"champ:SwordSigil","floor":12},{"not_picked":["champ:AdrenalArmor","champ:GladiatorStyle","champ:Devastate"],"picked":"SKIP","floor":13},{"not_picked":["champ:Balance","champ:FocusedBerserking","champ:BerserkersShout"],"picked":"SKIP","floor":15},{"not_picked":["champ:SwordThrow","champ:CrownThrow"],"picked":"champ:HoldFirm","floor":16},{"not_picked":["champ:EnGarde","champ:RageSigil","champ:FlashCut+1"],"picked":"SKIP","floor":19},{"not_picked":["champ:GutPunch","champ:Circumvent","champ:DefensiveShout"],"picked":"SKIP","floor":20},{"not_picked":["champ:RapidStrikes","champ:RageSigil","champ:Haymaker"],"picked":"SKIP","floor":21},{"not_picked":["champ:Encircle","champ:RageSigil"],"picked":"champ:BladeFlurry","floor":23},{"not_picked":["champ:RageSigil+1","champ:RecklessLeap"],"picked":"champ:Lariat+1","floor":25},{"not_picked":["champ:RisingSlash+1","champ:FlashCut","champ:RecklessLeap+1"],"picked":"SKIP","floor":26},{"not_picked":["champ:RecklessLeap+1","champ:FlashCut","champ:DancingMaster"],"picked":"SKIP","floor":29},{"not_picked":["champ:GladiatorStyle","champ:ShieldWall","champ:BerserkerStyle"],"picked":"SKIP","floor":30},{"not_picked":["champ:ShieldSigil+1","champ:Backstep","champ:TornadoPunch"],"picked":"SKIP","floor":32},{"not_picked":["champ:AdrenalArmor","champ:BladeFlurry","champ:FaceSlap"],"picked":"SKIP","floor":36},{"not_picked":["champ:CrookedStrike+1","champ:ArenaPreparation+1","champ:Balance"],"picked":"SKIP","floor":37},{"not_picked":["champ:FaceSlap","champ:GladiatorsShout","champ:EnGarde+1"],"picked":"SKIP","floor":39},{"not_picked":["champ:DefensiveShout+1","champ:Lariat","champ:FaceSlap"],"picked":"SKIP","floor":44},{"not_picked":["champ:CrookedStrike","champ:CalledShot","champ:Balance"],"picked":"SKIP","floor":45},{"not_picked":["expansioncontent:DefensiveStance","expansioncontent:DonusPower"],"picked":"expansioncontent:SuperHexaguard","floor":46},{"not_picked":["expansioncontent:ManipulateTime","expansioncontent:Hexaburn"],"picked":"expansioncontent:Chronoboost","floor":46},{"not_picked":["expansioncontent:CaCaw","expansioncontent:FaceSlap"],"picked":"expansioncontent:YouAreMine","floor":46},{"not_picked":["champ:LastStand","champ:TornadoPunch","champ:Backstep+1"],"picked":"SKIP","floor":47},{"not_picked":["champ:FanOfKnives","champ:CrookedStrike","champ:BladeFlurry"],"picked":"SKIP","floor":49},{"not_picked":["champ:FanOfKnives+1","champ:Lariat","champ:LastStand"],"picked":"SKIP","floor":52}],"player_experience":476786,"relics_obtained":[{"floor":6,"key":"Kunai"},{"floor":7,"key":"MealTicket"},{"floor":11,"key":"Potion Belt"},{"floor":14,"key":"CloakClasp"},{"floor":24,"key":"Nunchaku"},{"floor":25,"key":"Gremlin Horn"},{"floor":31,"key":"Mummified Hand"},{"floor":44,"key":"Whetstone"},{"floor":47,"key":"Oddly Smooth Stone"},{"floor":52,"key":"Bag of Preparation"}],"event_choices":[{"damage_healed":0,"gold_gain":0,"player_choice":"Ignored","damage_taken":0,"max_hp_gain":0,"max_hp_loss":0,"event_name":"Ghosts","floor":28,"gold_loss":0},{"cards_removed":["champ:MurderStrike"],"damage_healed":0,"gold_gain":0,"player_choice":"Removed Attack","damage_taken":0,"max_hp_gain":0,"max_hp_loss":0,"event_name":"Falling","floor":48,"gold_loss":0}],"is_beta":false,"boss_relics":[{"not_picked":["Philosopher\u0027s Stone","Black Star"],"picked":"champ:PowerArmor"},{"not_picked":["Empty Cage","Tiny House"],"picked":"champ:ChampionCrownUpgraded"}],"items_purged_floors":[9,20],"is_endless":false,"potions_floor_spawned":[6,11,13,15,23,26,29,44,47,52],"ascension_level":9}}