{"host":"szhlby826bwwvape","time":1609957793,"event":{"mods":["Act Like it!","BaseMod","Colored Map","Colored Powertips","Downfall","Hallownest","Minty Spire (QoL Compilation)","Rare Cards Sparkle","Replay The Spire","StSLib","The Bug Knight"],"gold_per_floor":[99,99,118,133,58,58,58,58,108,108,125,125,125,141,158,256,256,256,273,300,207,220,220,298,298,298,39,66,76,76,95,111,221,321,321,333,333,334,334,0,26,54,54,68,87,87,115,142,62,62],"floor_reached":51,"playtime":9562,"items_purged":["Doubt","Regret","Looming Evil","Decay"],"score":887,"play_id":"244f9377-0695-4589-ad6d-a5c7e4135de8","local_time":"20210107022953","is_ascension_mode":false,"campfire_choices":[{"floor":1,"key":"DIG"},{"data":"hexamod:HeatMetal","floor":6,"key":"SMITH"},{"data":"hexamod:ChargedBarrage","floor":10,"key":"SMITH"},{"data":"hexamod:GhostLash","floor":13,"key":"SMITH"},{"data":"hexamod:SearingWound","floor":18,"key":"SMITH"},{"data":"hexamod:EtherealExpedition","floor":30,"key":"SMITH"},{"data":"Shame","floor":35,"key":"PURGE"},{"data":"Sickly","floor":43,"key":"PURGE"},{"data":"Writhe","floor":46,"key":"PURGE"}],"circlet_count":0,"master_deck":["hexamod:Sear","hexamod:Float","hexamod:NightmareStrike+1","hexamod:GhostLash+1","hexamod:ChargedBarrage+1","hexamod:HeatMetal+1","hexamod:HeatMetal","hexamod:SpectersWail","hexamod:TimeWarp","hexamod:GhostLash+1","hexamod:GhostflameBarrier","hexamod:RadiantFlame","hexamod:SearingWound+1","hexamod:WildfireWeapon","hexamod:Incineration","hexamod:ShieldOfDarkness","hexamod:SpectralAdrenaline","hexamod:RecurringNightmare+1","hexamod:SkipABeat","hexamod:HauntingEcho","hexamod:RecurringNightmare","hexamod:BurningTouch","hexamod:ShieldOfDarkness+1","hexamod:SoulSteal","hexamod:Firestarter+1","hexamod:SwordOfDarkness+1","hexamod:NightmareGuise","hexamod:EtherealExpedition+1","RitualDagger+1","hexamod:SpectersWail+1","hexamod:Incineration","hexamod:Incineration","hexamod:AdvancingGuard+1","hexamod:Hexaguard+1","hexamod:ShieldOfDarkness+1","hexamod:EtherealExpedition+1","hexamod:RetreatToShadows+1","hexamod:GhostflameInferno+1","hexamod:HeatShield+1","hexamod:InspiringFlames+1","hexamod:SearingWound+1","hexamod:ChargedBarrage+1","hexamod:BurningTouch+1","hexamod:Hexaguard+1","hexamod:FifthSeal","Shame","hexamod:RecurringNightmare+1","hexamod:HeatCrush+1"],"relics":["hexamod:SpiritBrand","Replay:Ringing Soul","Ring of Greed","Ring of Fangs","MealTicket","The Courier","FossilizedHelix","Pandora\u0027s Box","Peace Pipe","Divine Protection","Toxic Egg 2","Whetstone","hexamod:TheBrokenSeal","Replay:Wanted Poster","HandDrill","Replay:Baseball","Pen Nib","CeramicFish","ReplayTheSpireMod:Shallot"],"acts_visited":["Exordium","TheCity","TheBeyond"],"potions_floor_usage":[16,28,32,33,33,45,47,50],"damage_taken":[{"damage":0,"enemies":"Jaw Worm","floor":2,"turns":3},{"damage":0,"enemies":"2 Louse","floor":3,"turns":2},{"damage":0,"enemies":"Cultist","floor":4,"turns":3},{"damage":0,"enemies":"downfall:FleeingMerchant","floor":5,"turns":4},{"damage":7,"enemies":"Red Slaver","floor":11,"turns":3},{"damage":0,"enemies":"Large Slime","floor":14,"turns":6},{"damage":0,"enemies":"Gremlin Gang","floor":15,"turns":5},{"damage":0,"enemies":"downfall:Watcher","floor":16,"turns":7},{"damage":0,"enemies":"Chosen","floor":19,"turns":4},{"damage":6,"enemies":"downfall:FleeingMerchant","floor":21,"turns":4},{"damage":0,"enemies":"Snecko","floor":22,"turns":3},{"damage":4,"enemies":"downfall:FleeingMerchant","floor":27,"turns":4},{"damage":49,"enemies":"Book of Stabbing","floor":28,"turns":6},{"damage":0,"enemies":"Snake Plant","floor":29,"turns":6},{"damage":0,"enemies":"Centurion and Healer","floor":31,"turns":7},{"damage":6,"enemies":"3 Cultists","floor":32,"turns":5},{"damage":32,"enemies":"downfall:Defect","floor":33,"turns":8},{"damage":0,"enemies":"3 Shapes","floor":36,"turns":4},{"damage":0,"enemies":"downfall:FleeingMerchant","floor":38,"turns":3},{"damage":0,"enemies":"Orb Walker","floor":42,"turns":4},{"damage":0,"enemies":"Spire Growth","floor":44,"turns":4},{"damage":0,"enemies":"Transient","floor":45,"turns":5},{"damage":3,"enemies":"Giant Head","floor":47,"turns":8},{"damage":0,"enemies":"Jaw Worm Horde","floor":49,"turns":5},{"damage":108,"enemies":"downfall:Silent","floor":50,"turns":6}],"seed_played":"-229294334860523560","potions_obtained":[{"floor":4,"key":"BlessingOfTheForge"},{"floor":14,"key":"Languid Potion"},{"floor":19,"key":"sneckomod:MuddlingPotion"},{"floor":29,"key":"SteroidPotion"},{"floor":32,"key":"Elixir"},{"floor":33,"key":"Swift Potion"},{"floor":36,"key":"SkillPotion"},{"floor":42,"key":"Milkshake"},{"floor":47,"key":"Block Potion"}],"is_trial":false,"path_per_floor":["R_BF","M","M","M","$","R","T","?","?","R","M","?","R","M","M","B",null,"R","M","?","$","M","T","T","?","?","$","E","M","R","M","M","B",null,"R","M","?","$","?","$","T","M","R","M","M","R","E","?","M","B",null],"character_chosen":"THE_SPIRIT","items_purchased":["hexamod:HeatMetal","hexamod:NightmareGuise","hexamod:FifthSeal","hexamod:Incineration","HandDrill","Replay:Baseball","hexamod:ChargedBarrage+1","hexamod:BurningTouch+1","Pen Nib"],"campfire_rested":0,"item_purchase_floors":[5,21,27,27,38,38,40,40,40],"current_hp_per_floor":[77,80,83,86,89,89,89,89,92,92,88,81,81,84,87,90,107,107,110,86,98,101,101,104,100,97,111,65,68,68,78,82,156,159,159,162,162,165,168,171,171,174,174,174,177,177,174,177,180,72],"gold":62,"neow_bonus":"TEN_PERCENT_HP_BONUS","is_daily":false,"chose_seed":false,"campfire_upgraded":5,"win_rate":0.0,"timestamp":1609957793,"path_taken":["R_BF","M","M","M","$","R","T","?","?","R","M","?","R","M","M","BOSS","R","M","?","$","M","?","T","?","?","$","E","M","R","M","M","BOSS","R","M","?","$","?","$","T","?","R","M","M","R","E","?","M","BOSS"],"items_purchased_type":["Card","Card","Card","Card","Relic","Relic","Card","Card","Relic"],"build_version":"2020-12-22","purchased_purges":4,"victory":true,"max_hp_per_floor":[77,80,83,86,89,89,89,89,92,92,95,95,95,98,101,104,107,107,110,113,116,119,119,122,125,128,131,134,137,137,140,143,156,159,159,162,162,165,168,171,171,174,174,174,177,177,177,180,183,183],"card_choices":[{"not_picked":["hexamod:GhostShield","hexamod:RecurringNightmare"],"picked":"hexamod:NightmareStrike","floor":2},{"not_picked":["hexamod:Firestarter","hexamod:PhantomCloak"],"picked":"hexamod:GhostLash","floor":3},{"not_picked":["hexamod:HauntingEcho","hexamod:GhostShield"],"picked":"hexamod:ThirdSeal","floor":4},{"not_picked":["hexamod:SpectersWail","hexamod:RainOfEmbers"],"picked":"hexamod:ChargedBarrage","floor":5},{"not_picked":["hexamod:ThirdSeal","hexamod:SwordOfDarkness","hexamod:CatchUp"],"picked":"SKIP","floor":5},{"not_picked":["hexamod:AdvancingGuard","hexamod:ShieldOfDarkness"],"picked":"hexamod:SpectersWail","floor":11},{"not_picked":["hexamod:RainOfEmbers","hexamod:GhostflameBarrier"],"picked":"hexamod:TimeWarp","floor":11},{"not_picked":["hexamod:BacktrackSmack","hexamod:Firestarter"],"picked":"hexamod:GhostLash","floor":14},{"not_picked":["hexamod:RainOfEmbers","hexamod:Hexaguard"],"picked":"hexamod:GhostflameBarrier","floor":14},{"not_picked":["hexamod:NightmareStrike","hexamod:BacktrackSmack"],"picked":"hexamod:RadiantFlame","floor":15},{"not_picked":["hexamod:FastForward","hexamod:PhantomCloak","hexamod:ShieldOfDarkness"],"picked":"SKIP","floor":15},{"not_picked":["hexamod:CrushingStance","hexamod:TurnItUp"],"picked":"hexamod:SearingWound","floor":16},{"not_picked":["hexamod:SixthSeal","hexamod:ParanormalForm"],"picked":"hexamod:WildfireWeapon","floor":16},{"not_picked":["hexamod:NightmareGuise","hexamod:GhostLash"],"picked":"hexamod:BurningTouch","floor":19},{"not_picked":["hexamod:PhantomCloak","hexamod:RainOfEmbers"],"picked":"hexamod:ShieldOfDarkness+1","floor":19},{"not_picked":["hexamod:PhantomCloak","hexamod:HeatCrush"],"picked":"hexamod:SoulSteal","floor":20},{"not_picked":["hexamod:Haunt+1","hexamod:SpectersWail"],"picked":"hexamod:Firestarter","floor":21},{"not_picked":["hexamod:CrushingStance","hexamod:Firestarter"],"picked":"hexamod:SwordOfDarkness+1","floor":21},{"not_picked":["hexamod:RadiantFlame","hexamod:RecurringNightmare"],"picked":"hexamod:EtherealExpedition","floor":22},{"not_picked":["hexamod:ThirdSeal","hexamod:GhostLash"],"picked":"hexamod:SpectersWail+1","floor":27},{"not_picked":["hexamod:PhantomCloak","hexamod:ShieldOfDarkness+1","hexamod:Firestarter"],"picked":"SKIP","floor":27},{"not_picked":["hexamod:ThirdSeal","hexamod:StepThrough+1"],"picked":"hexamod:AdvancingGuard+1","floor":28},{"not_picked":["hexamod:SecondSeal","hexamod:ThirdSeal"],"picked":"hexamod:SixthSeal","floor":29},{"not_picked":["hexamod:SkipABeat+1","hexamod:ThirdSeal"],"picked":"hexamod:Hexaguard+1","floor":29},{"not_picked":["hexamod:GhostOfSpirePresent+1","hexamod:BacktrackSmack"],"picked":"hexamod:ShieldOfDarkness+1","floor":29},{"not_picked":["hexamod:SecondSeal","hexamod:FirstSeal"],"picked":"hexamod:FourthSeal","floor":31},{"not_picked":["hexamod:BacktrackSmack+1","hexamod:GhostOfSpirePresent"],"picked":"hexamod:EtherealExpedition+1","floor":31},{"not_picked":["hexamod:SixthSeal","hexamod:FirstSeal"],"picked":"hexamod:SecondSeal","floor":32},{"not_picked":["hexamod:NightmareStrike","hexamod:HeatCrush"],"picked":"hexamod:RetreatToShadows+1","floor":32},{"not_picked":["hexamod:EmpoweringStance","hexamod:TimeOfNeed+1"],"picked":"hexamod:GhostflameInferno+1","floor":33},{"not_picked":["hexamod:RainOfEmbers","hexamod:SpectersWail"],"picked":"hexamod:HeatShield+1","floor":36},{"not_picked":["hexamod:RecurringNightmare+1","hexamod:PhantomCloak+1"],"picked":"hexamod:InspiringFlames+1","floor":38},{"not_picked":["hexamod:StepThrough","hexamod:GhostOfSpirePresent"],"picked":"hexamod:Hexaguard+1","floor":42},{"not_picked":["hexamod:SpectersWail+1","hexamod:AdvancingGuard+1","hexamod:RainOfEmbers"],"picked":"SKIP","floor":44},{"not_picked":["hexamod:NightmareGuise+1","hexamod:ShieldOfDarkness+1","hexamod:Incineration+1"],"picked":"SKIP","floor":45},{"not_picked":["hexamod:FastForward+1","hexamod:SpectersWail+1","hexamod:GhostLash+1"],"picked":"SKIP","floor":47},{"not_picked":["hexamod:Rewind+1","hexamod:InspiringFlames+1"],"picked":"hexamod:HeatCrush+1","floor":49}],"player_experience":161776,"relics_obtained":[{"floor":1,"key":"Replay:Ringing Soul"},{"floor":9,"key":"Ring of Greed"},{"floor":9,"key":"Ring of Fangs"},{"floor":9,"key":"MealTicket"},{"floor":9,"key":"The Courier"},{"floor":20,"key":"Peace Pipe"},{"floor":23,"key":"Divine Protection"},{"floor":24,"key":"Toxic Egg 2"},{"floor":28,"key":"Whetstone"},{"floor":41,"key":"CeramicFish"},{"floor":47,"key":"ReplayTheSpireMod:Shallot"}],"event_choices":[{"damage_healed":0,"gold_gain":0,"player_choice":"Success","damage_taken":7,"relics_obtained":["FossilizedHelix"],"max_hp_gain":0,"max_hp_loss":0,"event_name":"Scrap Ooze","floor":12,"gold_loss":0},{"damage_healed":0,"gold_gain":0,"player_choice":"Copied","damage_taken":0,"max_hp_gain":0,"max_hp_loss":0,"event_name":"Duplicator","floor":39,"gold_loss":0,"cards_obtained":["hexamod:SearingWound"]}],"is_beta":false,"boss_relics":[{"not_picked":["Velvet Choker","Snecko Eye"],"picked":"Pandora\u0027s Box"},{"not_picked":["Astrolabe","Calling Bell"],"picked":"Replay:Wanted Poster"}],"items_purged_floors":[21,27,38,40],"is_endless":false,"potions_floor_spawned":[4,14,19,29,32,33,36,42,47],"ascension_level":0}}