{"host":"3498uni0c31c9bdm","time":1609926499,"event":{"mods":["BaseMod","Better Third Choice","Minty Spire (QoL Compilation)","Replay The Spire","StSLib"],"gold_per_floor":[367,367,377,329,103,103,153,181,181,198,198,208,383,383,383,485,535,551,551,569,99,117,148,148,164,164,164,193,193,44,106,106,106,106],"floor_reached":33,"playtime":1213,"items_purged":["Amnesia","Doubt"],"score":379,"play_id":"6a1605c0-8bde-4220-9abd-f09354d2fdbe","local_time":"20210106204819","is_ascension_mode":true,"campfire_choices":[{"floor":6,"key":"RECALL"},{"floor":11,"key":"REST"},{"data":"Regret","floor":15,"key":"PURGE"},{"floor":24,"key":"REST"},{"floor":27,"key":"REST"},{"floor":29,"key":"REST"},{"data":"Power Through","floor":32,"key":"SMITH"}],"circlet_count":0,"master_deck":["Strike_R+1","Strike_R","Strike_R","Strike_R","Strike_R","Defend_R","Defend_R","Defend_R","Defend_R","Bash","Clothesline","Clash","Run Through","Bloodletting","Flex","Immolate+1","Inflame","Heavy Blade+1","Power Through+1","Feed+1","Iron Wave+1","Twin Strike+1","Demon Form","Massacre+1","ReplayTheSpireMod:Splinters","Replay:Undeath\u0027s Touch+1"],"relics":["Burning Blood","Ring of Searing","Ring of Hypnosis","betterThird:SlimedRelic","Lee\u0027s Waffle","MealTicket","Molten Egg 2","Tiny House","NlothsMask","Toolbox","Oddly Smooth Stone","Ancient Tea Set","Bag of Preparation","Happy Flower","Blue Candle"],"acts_visited":["Exordium","TheCity"],"potions_floor_usage":[12,16,23,23,33,33],"damage_taken":[{"damage":12,"enemies":"Small Slimes","floor":1,"turns":4},{"damage":12,"enemies":"2 Louse","floor":3,"turns":2},{"damage":40,"enemies":"3 Sentries","floor":8,"turns":9},{"damage":7,"enemies":"Jaw Worm","floor":10,"turns":3},{"damage":18,"enemies":"Lots of Slimes","floor":12,"turns":3},{"damage":32,"enemies":"The Guardian","floor":16,"turns":11},{"damage":32,"enemies":"Spheric Guardian","floor":18,"turns":4},{"damage":21,"enemies":"Chosen","floor":20,"turns":5},{"damage":34,"enemies":"Shelled Parasite and Fungi","floor":22,"turns":6},{"damage":14,"enemies":"Book of Stabbing","floor":23,"turns":6},{"damage":3,"enemies":"Centurion and Healer","floor":25,"turns":4},{"damage":26,"enemies":"Replay:Snechameleon","floor":28,"turns":5},{"damage":95,"enemies":"Champ","floor":33,"turns":5}],"seed_played":"2763131579532426216","potions_obtained":[{"floor":3,"key":"ElixirPotion"},{"floor":8,"key":"BlessingOfTheForge"},{"floor":12,"key":"SpeedPotion"},{"floor":17,"key":"HeartOfIron"},{"floor":18,"key":"SkillPotion"},{"floor":25,"key":"PowerPotion"},{"floor":31,"key":"GamblersBrew"}],"is_trial":false,"path_per_floor":["M","?","M","?","$","R","?","E","T","M","R","M","?","?","R","B",null,"M","?","M","$","M","E","R","M","T","R","E","R","$","?","R","B"],"character_chosen":"IRONCLAD","items_purchased":["Lee\u0027s Waffle","Feed+1","Toolbox","Oddly Smooth Stone","Happy Flower"],"campfire_rested":4,"item_purchase_floors":[5,21,21,21,30],"current_hp_per_floor":[66,66,60,49,79,79,79,45,45,44,67,55,55,55,55,29,72,46,46,31,46,22,14,40,43,43,69,49,75,88,88,88,0,0],"gold":106,"neow_bonus":"TWO_FIFTY_GOLD","is_daily":false,"chose_seed":false,"campfire_upgraded":1,"win_rate":0.0,"timestamp":1609926499,"path_taken":["M","?","M","?","$","R","?","E","T","M","R","M","?","?","R","BOSS","M","?","?","$","M","E","R","?","T","R","E","R","$","?","R","BOSS"],"items_purchased_type":["Relic","Card","Relic","Relic","Relic"],"build_version":"2020-12-22","purchased_purges":2,"victory":false,"max_hp_per_floor":[72,72,72,72,79,79,79,79,79,79,79,79,79,79,79,79,84,84,84,84,84,88,88,88,88,88,88,88,88,88,88,88,88,88],"card_choices":[{"not_picked":["Twin Strike","Headbutt"],"picked":"Clothesline","floor":1},{"not_picked":["Searing Blow","Clothesline"],"picked":"Clash","floor":3},{"not_picked":["Clothesline","Offering"],"picked":"Run Through","floor":8},{"not_picked":["True Grit","Anger"],"picked":"Bloodletting","floor":10},{"not_picked":["Disarm","Run Through"],"picked":"Flex","floor":12},{"not_picked":["Limit Break","Berserk"],"picked":"Immolate+1","floor":16},{"not_picked":["Burning Pact","Sword Boomerang+1"],"picked":"Inflame","floor":17},{"not_picked":["Rupture","Clothesline+1"],"picked":"Heavy Blade+1","floor":18},{"not_picked":["Heavy Blade+1","Sword Boomerang+1"],"picked":"Power Through","floor":20},{"not_picked":["Sword Boomerang+1","Body Slam+1"],"picked":"Iron Wave+1","floor":22},{"not_picked":["Reckless Charge+1","Run Through+1"],"picked":"Twin Strike+1","floor":23},{"not_picked":["Massacre+1","Heavy Blade+1"],"picked":"Demon Form","floor":25},{"not_picked":["Sever Soul+1","Cleave+1"],"picked":"Massacre+1","floor":28},{"not_picked":["Pommel Strike+1","Headbutt+1"],"picked":"Replay:Undeath\u0027s Touch+1","floor":31}],"player_experience":660390,"relics_obtained":[{"floor":2,"key":"Ring of Searing"},{"floor":2,"key":"Ring of Hypnosis"},{"floor":8,"key":"MealTicket"},{"floor":23,"key":"Ancient Tea Set"},{"floor":28,"key":"Bag of Preparation"},{"floor":31,"key":"Blue Candle"}],"event_choices":[{"damage_healed":0,"gold_gain":0,"player_choice":"Slimed","damage_taken":11,"max_hp_gain":0,"max_hp_loss":0,"event_name":"betterThird:BetterGoop","floor":4,"gold_loss":48},{"damage_healed":0,"gold_gain":50,"player_choice":"Gained Gold","damage_taken":0,"max_hp_gain":0,"max_hp_loss":0,"event_name":"Golden Wing","floor":7,"gold_loss":0},{"damage_healed":0,"gold_gain":175,"player_choice":"AGREE","damage_taken":208,"max_hp_gain":0,"max_hp_loss":0,"event_name":"betterThird:BetterSerpent","floor":13,"gold_loss":0},{"damage_healed":0,"gold_gain":0,"player_choice":"Box","damage_taken":0,"relics_obtained":["Molten Egg 2"],"max_hp_gain":0,"max_hp_loss":0,"event_name":"Big Fish","floor":14,"gold_loss":0,"cards_obtained":["Regret"]},{"damage_healed":0,"gold_gain":0,"player_choice":"Trade","damage_taken":0,"relics_obtained":["NlothsMask"],"max_hp_gain":0,"max_hp_loss":0,"event_name":"FaceTrader","floor":19,"gold_loss":0}],"is_beta":false,"boss_relics":[{"not_picked":["Ectoplasm","Ring of Chaos"],"picked":"Tiny House"}],"items_purged_floors":[5,21],"is_endless":false,"potions_floor_spawned":[3,8,12,18,22,25],"killed_by":"Champ","ascension_level":7}}