{"host":"2i0myh7fqij2ti1z","time":1609917435,"event":{"mods":["Aspiration","BaseMod","Better Third Choice","Colored Powertips","FoggyMod","Highlight Path","Minty Spire (QoL Compilation)","Permanent Neow","Quick Restart","Random Character Button","Random Character Mod","Relic Sorter","Replay The Spire","Shop Mod","Spicy Shops","StSLib","Transform Curses","Wandering Minibosses","vexMod"],"gold_per_floor":[113,8933,8933,8933,8933,8964,8964,8964,9011,7548,7583,7595,7608,7642,7642,7740,7740,7756,6457,6457,6475,6492,6492,6521,6521,6521,6521,6547,6547,6547,6547],"floor_reached":30,"playtime":1488,"items_purged":["Fire Breathing","Clothesline","Sever Soul","CrushJoints+1"],"score":655,"play_id":"4ba40d9b-cec2-471a-af70-9eec598fc9e8","local_time":"20210106151715","daily_mods":["Draft","Purple Cards","Elite Swarm"],"is_ascension_mode":true,"campfire_choices":[{"data":"Demon Form","floor":7,"key":"SMITH"},{"data":"Apotheosis","floor":15,"key":"SMITH"},{"data":"Limit Break","floor":23,"key":"SMITH"},{"data":"Immolate+1","floor":25,"key":"PURGE"},{"data":"Ghostly Armor","floor":27,"key":"PURGE"}],"circlet_count":0,"master_deck":["Evaluate","Sword Boomerang","Thunderclap","FollowUp+1","FollowUp","Flex","Seeing Red","Pommel Strike","DeceiveReality","CrushJoints","Collect","FearNoEvil","Offering","Demon Form+1","Apotheosis+1","Offering","Reaper+1","Limit Break+1","Vault","Ghostly Armor","Prostrate","Body Slam+1","Offering","Corruption","DeusExMachina","Limit Break+1"],"relics":["Burning Blood","Ring of Chaos","Another Sword","Bronze Scales","HandDrill","StrikeDummy","Red Skull","vexMod:HeadHunter","Turnip","Ring of Hypnosis","Toy Ornithopter","ReplayTheSpireMod:TigerMarble","Pantograph","Lee\u0027s Waffle","Cauldron","Centennial Puzzle","Molten Egg 2","Sundial","vexMod:Dragonfruit","Honey Jar","Brimstone","Replay:Mystery Machine","Nunchaku","Girya","vexMod:Spyglass","Potion Belt","Peace Pipe","Mango","Ginger"],"acts_visited":["Exordium","TheCity"],"potions_floor_usage":[11,18,18,24],"damage_taken":[{"damage":8.0,"enemies":"Jaw Worm","floor":1.0,"turns":2.0},{"damage":0,"enemies":"Lagavulin","floor":6,"turns":3},{"damage":3,"enemies":"Gremlin Nob","floor":11,"turns":3},{"damage":12,"enemies":"2 Louse","floor":12,"turns":2},{"damage":0,"enemies":"Small Slimes","floor":13,"turns":3},{"damage":6,"enemies":"Lagavulin","floor":14,"turns":3},{"damage":12,"enemies":"Slime Boss","floor":16,"turns":2},{"damage":0,"enemies":"Spheric Guardian","floor":18,"turns":2},{"damage":24,"enemies":"2 Thieves","floor":21,"turns":2},{"damage":0,"enemies":"Sentry and Sphere","floor":22,"turns":1},{"damage":6,"enemies":"Gremlin Leader","floor":24,"turns":3},{"damage":0,"enemies":"Replay:Snechameleon","floor":28,"turns":3},{"damage":1,"enemies":"Slavers","floor":30,"turns":2}],"seed_played":"4711244784509477174","potions_obtained":[{"floor":6,"key":"Strength Potion"},{"floor":10,"key":"Venom Potion"},{"floor":10,"key":"LifebloodPotion"},{"floor":13,"key":"Elixir"},{"floor":18,"key":"FearPotion"},{"floor":22,"key":"Fire Potion"},{"floor":24,"key":"Reflective Coating"},{"floor":28,"key":"Toxic Potion"}],"is_trial":true,"path_per_floor":["M","$","?","?","?","E","R","?","T","$","E","M","M","E","R","B",null,"M","$","?","M","M","R","E","R","T","R","E","?","E"],"character_chosen":"IRONCLAD","items_purchased":["Another Sword","Bronze Scales","HandDrill","StrikeDummy","Red Skull","Apotheosis","Pantograph","Lee\u0027s Waffle","Cauldron","Centennial Puzzle","vexMod:BerryBomb","Molten Egg 2","Brimstone","Replay:Mystery Machine","Nunchaku","Girya","vexMod:Spyglass","Potion Belt","Fruit Juice"],"campfire_rested":0,"item_purchase_floors":[2,2,2,2,2,10,10,10,10,10,10,10,19,19,19,19,19,19,19],"current_hp_per_floor":[78,78,62,37,37,43,43,43,43,93,93,87,93,98,98,92,98,98,98,98,80,86,86,96,96,110,110,116,116,115,115],"gold":6547,"neow_bonus":"","is_daily":false,"chose_seed":false,"campfire_upgraded":3,"win_rate":0.0,"timestamp":1609917435,"path_taken":["M","$","?","?","?","E","R","?","T","$","E","?","?","E","R","BOSS","M","$","?","?","?","R","E","R","T","R","E","?","E"],"items_purchased_type":["Relic","Relic","Relic","Relic","Relic","Card","Relic","Relic","Relic","Relic","Relic","Relic","Relic","Relic","Relic","Relic","Relic","Relic","Potion"],"build_version":"2020-12-22","purchased_purges":4,"victory":false,"max_hp_per_floor":[80,80,80,80,80,80,80,80,80,93,93,93,93,98,98,98,98,98,98,98,98,98,98,103,103,117,117,117,117,117,117],"card_choices":[{"not_picked":["Replay:AtTheReady","EmptyBody"],"picked":"Evaluate","floor":0.0},{"not_picked":["Perfected Strike","Headbutt"],"picked":"Sword Boomerang","floor":0.0},{"not_picked":["Wireheading","FlurryOfBlows"],"picked":"CrushJoints","floor":0.0},{"not_picked":["Protect","Replay:Vibes"],"picked":"Thunderclap","floor":0.0},{"not_picked":["Fire Breathing","FollowUp"],"picked":"Ghostly Armor","floor":0.0},{"not_picked":["Crescendo","Wild Strike"],"picked":"FollowUp","floor":0.0},{"not_picked":["Blood for Blood","JustLucky"],"picked":"FollowUp","floor":0.0},{"not_picked":["ReplayTheSpireMod:Strike From Hell","Anger"],"picked":"Flex","floor":0.0},{"not_picked":["Havoc","Life Link"],"picked":"Fire Breathing","floor":0.0},{"not_picked":["ClearTheMind","Replay:Anticipation"],"picked":"Clothesline","floor":0.0},{"not_picked":["Replay:Undeath\u0027s Touch","Life Link"],"picked":"Seeing Red","floor":0.0},{"not_picked":["FlurryOfBlows","Body Slam"],"picked":"Pommel Strike","floor":0.0},{"not_picked":["EmptyFist","Clothesline"],"picked":"DeceiveReality","floor":0.0},{"not_picked":["Pommel Strike","BowlingBash"],"picked":"CrushJoints","floor":0.0},{"not_picked":["PathToVictory","Armaments"],"picked":"Collect","floor":0.0},{"not_picked":["Warcry","Prostrate","Thunderclap"],"picked":"SKIP","floor":1.0},{"not_picked":["Reaper","Impervious"],"picked":"Offering","floor":6},{"not_picked":["Blasphemy","Immolate"],"picked":"Demon Form","floor":6},{"not_picked":["Hemogenesis","Impervious"],"picked":"Offering","floor":11},{"not_picked":["Ragnarok+1","Devotion","Blasphemy"],"picked":"SKIP","floor":11},{"not_picked":["Body Slam+1","Second Wind","Replay:Undeath\u0027s Touch+1"],"picked":"SKIP","floor":12},{"not_picked":["SashWhip+1","WaveOfTheHand","Seeing Red"],"picked":"SKIP","floor":13},{"not_picked":["Immolate","Exhume"],"picked":"Reaper","floor":14},{"not_picked":["Offering","Brilliance+1"],"picked":"Limit Break","floor":14},{"not_picked":["Immolate+1","DeusExMachina"],"picked":"Vault","floor":16},{"not_picked":["Massacre+1","BowlingBash+1","Dark Embrace+1"],"picked":"Ghostly Armor","floor":18},{"not_picked":["Headbutt+1","Armaments","Clash+1"],"picked":"Prostrate","floor":21},{"not_picked":["Carnage+1","Iron Wave+1","Havoc"],"picked":"Body Slam+1","floor":22},{"not_picked":["Reaper","Impervious"],"picked":"Immolate","floor":24},{"not_picked":["Eclipse","Scrawl","Demon Form"],"picked":"Offering","floor":24},{"not_picked":["Juggernaut","Bludgeon"],"picked":"Corruption","floor":28},{"not_picked":["Feed+1","Juggernaut","Demon Form"],"picked":"DeusExMachina","floor":28}],"player_experience":205024,"relics_obtained":[{"floor":5.0,"key":"Ring of Hypnosis"},{"floor":6,"key":"Toy Ornithopter"},{"floor":9,"key":"ReplayTheSpireMod:TigerMarble"},{"floor":11,"key":"Sundial"},{"floor":14,"key":"vexMod:Dragonfruit"},{"floor":24,"key":"Peace Pipe"},{"floor":26,"key":"Mango"},{"floor":28,"key":"Ginger"}],"event_choices":[{"damage_healed":78.0,"max_hp_gain":0.0,"max_hp_loss":80.0,"gold_gain":0.0,"event_name":"betterThird:BetterShining","player_choice":"Upgrade","floor":3.0,"gold_loss":0.0,"damage_taken":16.0,"cards_upgraded":["CrushJoints","FollowUp"]},{"damage_healed":0.0,"max_hp_gain":0.0,"max_hp_loss":0.0,"gold_gain":1.0,"event_name":"betterThird:BetterScrap","player_choice":"Relic Relic Card ","floor":4.0,"gold_loss":0.0,"damage_taken":25.0,"cards_obtained":["FearNoEvil","aspiration:Lunge"]},{"damage_healed":0,"gold_gain":0,"player_choice":"1 cards matched","damage_taken":0,"max_hp_gain":0,"max_hp_loss":0,"event_name":"Match and Keep!","floor":8,"gold_loss":0,"cards_obtained":["Sever Soul"]},{"damage_healed":0,"gold_gain":0,"player_choice":"Copied","damage_taken":0,"max_hp_gain":0,"max_hp_loss":0,"event_name":"Duplicator","floor":29,"gold_loss":0,"cards_obtained":["Limit Break"]}],"is_beta":false,"boss_relics":[{"not_picked":["Replay:Drink Me","Ring of Chaos"],"picked":"Honey Jar"}],"items_purged_floors":[2,2,10,19],"is_endless":false,"potions_floor_spawned":[6,13,18,22,24,28],"killed_by":"Slavers","ascension_level":1}}