{"host":"ypphcgdomtfqpc2w","time":1609927488,"event":{"mods":["BaseMod","Minty Spire (QoL Compilation)","StSLib"],"gold_per_floor":[116,136,136,136,150,177,177,205,205,33,53,78,78,92,92,168,168,183,183,197,214,225,225,260,260,260,260,273,303,187,187,187,261,261,276,287,300,312,325,356,170,205,205,220,220,220],"floor_reached":45,"playtime":2878,"items_purged":["Strike_R","Shame"],"score":1199,"play_id":"0f47d553-dec2-4c8b-a561-8ffde031b05a","local_time":"20210106190448","is_ascension_mode":true,"campfire_choices":[{"data":"Perfected Strike","floor":7.0,"key":"SMITH"},{"data":"Perfected Strike","floor":13.0,"key":"SMITH"},{"data":"True Grit","floor":15.0,"key":"SMITH"},{"data":"Corruption","floor":23.0,"key":"SMITH"},{"data":"Pommel Strike","floor":25.0,"key":"SMITH"},{"data":"Shrug It Off","floor":27.0,"key":"SMITH"},{"data":"Inflame","floor":32.0,"key":"SMITH"}],"circlet_count":0,"master_deck":["AscendersBane","Strike_R","Strike_R","Strike_R","Strike_R","Defend_R","Defend_R","Defend_R","Perfected Strike+1","Pommel Strike+1","Thunderclap","Perfected Strike+1","True Grit+1","Inflame+1","Shrug It Off+1","Perfected Strike","Flame Barrier","Corruption+1","Dark Embrace","Iron Wave+1","Clash","Twin Strike+1","Disarm","Uppercut+1","Burning Pact","Fiend Fire","Pommel Strike","Perfected Strike","True Grit","Twin Strike","Havoc+1","Burning Pact","Evolve","Power Through"],"relics":["Burning Blood","Self Forming Clay","Red Skull","White Beast Statue","Lantern","Pantograph","Coffee Dripper","MutagenicStrength","Centennial Puzzle","Kunai","Darkstone Periapt","Happy Flower","Velvet Choker","Paper Frog","Regal Pillow"],"acts_visited":["Exordium","TheCity","TheBeyond"],"potions_floor_usage":[45,45],"damage_taken":[{"damage":9.0,"enemies":"Jaw Worm","floor":1.0,"turns":4.0},{"damage":1.0,"enemies":"Cultist","floor":2.0,"turns":3.0},{"damage":12.0,"enemies":"Small Slimes","floor":5.0,"turns":2.0},{"damage":8.0,"enemies":"Gremlin Nob","floor":6.0,"turns":3.0},{"damage":30.0,"enemies":"Lagavulin","floor":8.0,"turns":5.0},{"damage":6.0,"enemies":"Exordium Wildlife","floor":11.0,"turns":2.0},{"damage":0.0,"enemies":"Gremlin Nob","floor":12.0,"turns":2.0},{"damage":0.0,"enemies":"Blue Slaver","floor":14.0,"turns":1.0},{"damage":19.0,"enemies":"The Guardian","floor":16.0,"turns":11.0},{"damage":1.0,"enemies":"3 Byrds","floor":18.0,"turns":4.0},{"damage":0.0,"enemies":"Shell Parasite","floor":20.0,"turns":1.0},{"damage":15.0,"enemies":"3 Cultists","floor":21.0,"turns":4.0},{"damage":29.0,"enemies":"Chosen and Byrds","floor":22.0,"turns":6.0},{"damage":37.0,"enemies":"Book of Stabbing","floor":24.0,"turns":5.0},{"damage":3.0,"enemies":"Snake Plant","floor":28.0,"turns":2.0},{"damage":0.0,"enemies":"Gremlin Leader","floor":29.0,"turns":4.0},{"damage":16.0,"enemies":"Champ","floor":33.0,"turns":9.0},{"damage":4.0,"enemies":"3 Darklings","floor":35.0,"turns":5.0},{"damage":7.0,"enemies":"3 Shapes","floor":36.0,"turns":4.0},{"damage":22.0,"enemies":"Sphere and 2 Shapes","floor":37.0,"turns":4.0},{"damage":5.0,"enemies":"Transient","floor":38.0,"turns":6.0},{"damage":17.0,"enemies":"3 Darklings","floor":39.0,"turns":4.0},{"damage":6.0,"enemies":"Nemesis","floor":40.0,"turns":6.0},{"damage":50.0,"enemies":"Reptomancer","floor":42.0,"turns":6.0},{"damage":16.0,"enemies":"Writhing Mass","floor":44.0,"turns":7.0},{"damage":24,"enemies":"Nemesis","floor":45,"turns":3}],"seed_played":"4089122038781772548","potions_obtained":[{"floor":4.0,"key":"ColorlessPotion"},{"floor":4.0,"key":"DuplicationPotion"},{"floor":6.0,"key":"Energy Potion"},{"floor":11.0,"key":"EntropicBrew"},{"floor":16.0,"key":"LiquidMemories"},{"floor":22.0,"key":"Explosive Potion"},{"floor":24.0,"key":"Ancient Potion"},{"floor":28.0,"key":"DistilledChaos"},{"floor":29.0,"key":"Swift Potion"},{"floor":35.0,"key":"Weak Potion"},{"floor":37.0,"key":"SkillPotion"},{"floor":38.0,"key":"BloodPotion"},{"floor":39.0,"key":"BlessingOfTheForge"},{"floor":40.0,"key":"Regen Potion"},{"floor":42.0,"key":"Dexterity Potion"},{"floor":44.0,"key":"Weak Potion"}],"is_trial":false,"path_per_floor":["M","M","?","?","M","E","R","E","T","$","M","E","R","M","R","B",null,"M","?","M","M","M","R","E","R","T","R","M","E","$","?","R","B",null,"M","M","M","M","M","E","$","E","T","M","E"],"character_chosen":"IRONCLAD","items_purchased":["Lantern","Burning Pact","Burning Pact"],"campfire_rested":0,"item_purchase_floors":[10,30,41],"current_hp_per_floor":[65,70,63,63,57,55,55,31,31,31,31,37,37,43,43,55,70,75,75,75,66,43,43,12,12,12,12,15,21,21,27,27,42,71,73,72,56,57,62,62,62,30,30,20,0,0],"gold":220,"neow_bonus":"TRANSFORM_CARD","is_daily":false,"chose_seed":false,"campfire_upgraded":7,"win_rate":0.0,"timestamp":1609927488,"path_taken":["M","M","?","?","?","E","R","E","T","?","M","E","R","M","R","BOSS","M","?","M","M","M","R","E","R","T","R","M","E","$","?","R","BOSS","M","M","M","M","M","E","$","E","T","M","E"],"items_purchased_type":["Relic","Card","Card"],"build_version":"2020-12-22","purchased_purges":2,"victory":false,"max_hp_per_floor":[75,75,75,75,75,75,75,75,75,75,75,75,75,75,75,75,75,75,75,75,75,75,75,75,75,75,75,75,75,75,81,81,81,81,81,81,81,81,81,81,81,81,81,81,81,81],"card_choices":[{"not_picked":["Ghostly Armor","Dark Embrace"],"picked":"Pommel Strike","floor":1.0},{"not_picked":["Iron Wave","Inflame"],"picked":"Thunderclap","floor":2.0},{"not_picked":["Headbutt","Flex"],"picked":"Perfected Strike","floor":5.0},{"not_picked":["Blood for Blood","Warcry"],"picked":"True Grit","floor":6.0},{"not_picked":["Sentinel","Iron Wave"],"picked":"Inflame","floor":8.0},{"not_picked":["Pummel","Blood for Blood"],"picked":"Shrug It Off","floor":11.0},{"not_picked":["Fiend Fire","Whirlwind"],"picked":"Perfected Strike","floor":12.0},{"not_picked":["True Grit","Headbutt"],"picked":"Flame Barrier","floor":14.0},{"not_picked":["Berserk","Fiend Fire"],"picked":"Corruption","floor":16.0},{"not_picked":["Warcry","Armaments"],"picked":"Dark Embrace","floor":18.0},{"not_picked":["Sword Boomerang+1","Pommel Strike"],"picked":"Iron Wave+1","floor":20.0},{"not_picked":["Iron Wave","Heavy Blade"],"picked":"Clash","floor":21.0},{"not_picked":["Heavy Blade","Pummel"],"picked":"Twin Strike+1","floor":22.0},{"not_picked":["Armaments","Bludgeon"],"picked":"Disarm","floor":24.0},{"not_picked":["Clash","Sword Boomerang"],"picked":"Uppercut+1","floor":28.0},{"not_picked":["Thunderclap","Body Slam","Inflame"],"picked":"SKIP","floor":29.0},{"not_picked":["Immolate","Berserk"],"picked":"Fiend Fire","floor":33.0},{"not_picked":["Clash","Anger"],"picked":"Pommel Strike","floor":35.0},{"not_picked":["Evolve","Anger"],"picked":"Perfected Strike","floor":36.0},{"not_picked":["Fiend Fire","Sentinel"],"picked":"True Grit","floor":37.0},{"not_picked":["Heavy Blade","Flex","Warcry"],"picked":"SKIP","floor":38.0},{"not_picked":["Cleave+1","Anger+1"],"picked":"Twin Strike","floor":39.0},{"not_picked":["Rampage","Wild Strike"],"picked":"Havoc+1","floor":40.0},{"not_picked":["Carnage+1","Bloodletting"],"picked":"Evolve","floor":42.0},{"not_picked":["Cleave","Uppercut"],"picked":"Power Through","floor":44.0}],"player_experience":1986861,"relics_obtained":[{"floor":6.0,"key":"Self Forming Clay"},{"floor":8.0,"key":"Red Skull"},{"floor":9.0,"key":"White Beast Statue"},{"floor":12.0,"key":"Pantograph"},{"floor":24.0,"key":"Centennial Puzzle"},{"floor":26.0,"key":"Kunai"},{"floor":29.0,"key":"Darkstone Periapt"},{"floor":40.0,"key":"Paper Frog"},{"floor":42.0,"key":"Regal Pillow"}],"event_choices":[{"cards_removed":["Bash"],"damage_healed":0.0,"max_hp_gain":0.0,"max_hp_loss":0.0,"gold_gain":0.0,"event_name":"Golden Wing","player_choice":"Card Removal","floor":3.0,"gold_loss":0.0,"damage_taken":7.0},{"damage_healed":0.0,"max_hp_gain":0.0,"max_hp_loss":0.0,"gold_gain":0.0,"event_name":"Lab","player_choice":"Got Potions","floor":4.0,"gold_loss":0.0,"damage_taken":0.0},{"damage_healed":0.0,"max_hp_gain":0.0,"max_hp_loss":0.0,"gold_gain":0.0,"event_name":"Drug Dealer","player_choice":"Inject Mutagens","floor":19.0,"gold_loss":0.0,"damage_taken":0.0,"relics_obtained":["MutagenicStrength"]},{"damage_healed":0.0,"max_hp_gain":0.0,"max_hp_loss":0.0,"gold_gain":0.0,"event_name":"Addict","player_choice":"Stole Relic","floor":31.0,"gold_loss":0.0,"damage_taken":0.0,"relics_obtained":["Happy Flower"],"cards_obtained":["Shame"]}],"is_beta":false,"boss_relics":[{"not_picked":["Empty Cage","Busted Crown"],"picked":"Coffee Dripper"},{"not_picked":["Tiny House","Runic Dome"],"picked":"Velvet Choker"}],"items_purged_floors":[30,41],"is_endless":false,"potions_floor_spawned":[5,6,11,12,14,16,18,20,21,22,24,28,29,33,35,36,37,38,39,40,42,44],"killed_by":"Nemesis","ascension_level":20}}