{"host":"n7mxhpjy89lltbhc","time":1609931412,"event":{"mods":["2.2 Compatiblity","Act Like it!","Bard","BaseMod","Better Match","Better Sensory Stone","Better Synergies","Better Third Choice","Better Vampires","BetterRewards","Challenge The Spire","Colored Map","Colored Powertips","Downfall","Gensokyo","Hubris","Infinite Spire","Jedi Mod","Marisa????????","Marked Mod","Minty Spire (QoL Compilation)","Permanent Neow","Rare Cards Sparkle","Relic Sorter","Relic Stats","Replay The Spire","Shop Mod","Small Relic Pack","Spicy Shops","StSLib","Strawberry Spire","The Blue Laboratory","The Disciple","The Marked","The Servant 0.9.4","Uncapped","Waifu the Spire","Wandering Minibosses","vexMod"],"gold_per_floor":[119,119,134,83,83,83,40,97,97,117,129,129,182,182,182,284,284,327,105,105,105,105,105],"floor_reached":22,"playtime":951,"items_purged":[],"score":343,"play_id":"509b5ed8-e84a-454b-91be-2b46bcc9e28d","local_time":"25640106181012","is_ascension_mode":true,"campfire_choices":[{"data":"CasketOfStar","floor":6,"key":"SMITH"},{"floor":12,"key":"REST"},{"data":"PowerUp","floor":15,"key":"SMITH"}],"circlet_count":0,"master_deck":["AscendersBane","MachineGunSpark+1","Strike_MRS+1","Strike_MRS+1","Strike_MRS+1","Strike_MRS+1","Defend_MRS","Defend_MRS","Defend_MRS","Defend_MRS","MasterSpark+1","UpSweep","CasketOfStar+1","AsteroidBelt","GalacticHalo","SporeBomb","WitchOfGreed+1","SuperPerseids","PowerUp+1","RefractionSpark+1","ShootingEcho","Gensokyo:Shovel"],"relics":["MiniHakkero","hubris:DeckOfHolding","relicPack:OneForAll","Bottled Flame","vexMod:Dragonfruit","SlaversCollar","Medical Kit","hubris:Towel"],"acts_visited":["Gensokyo:Gensokyo","Gensokyo:Gensokyoer"],"potions_floor_usage":[13,16,16,16,18,22,22],"damage_taken":[{"damage":15,"enemies":"Gensokyo:3_Fairies","floor":1,"turns":5},{"damage":1,"enemies":"Gensokyo:2_Kodama","floor":3,"turns":3},{"damage":25,"enemies":"Gensokyo:Aya","floor":8,"turns":9},{"damage":0,"enemies":"Gensokyo:Python","floor":10,"turns":3},{"damage":0,"enemies":"Gensokyo:LivingMonolith","floor":11,"turns":3},{"damage":20,"enemies":"Gensokyo:Mamizou","floor":13,"turns":5},{"damage":20,"enemies":"Gensokyo:Kokoro","floor":16,"turns":7},{"damage":22,"enemies":"Gensokyo:3_Dogs","floor":18,"turns":7},{"damage":50,"enemies":"Gensokyo:CosmicMonolith","floor":22,"turns":7}],"seed_played":"3274903854078539369","potions_obtained":[{"floor":8,"key":"ColorlessPotion"},{"floor":8,"key":"EntropicBrew"},{"floor":13,"key":"Block Potion"},{"floor":16,"key":"BottledSpark"},{"floor":18,"key":"Ancient Potion"}],"is_trial":false,"path_per_floor":["M","?","M","$","?","R","$","E","T","M","M","R","E","?","R","B",null,"M","COS","?","?","M"],"character_chosen":"MARISA","items_purchased":["SporeBomb","WitchOfGreed+1"],"campfire_rested":1,"item_purchase_floors":[4,7],"current_hp_per_floor":[30,30,29,29,29,29,29,4,9,9,9,31,11,37,37,17,61,39,39,39,39,0,0],"gold":105,"neow_bonus":"THREE_RARE_CARDS","is_daily":false,"chose_seed":false,"campfire_upgraded":2,"win_rate":0.0,"timestamp":1609931412,"path_taken":["M","?","M","$","?","R","?","E","T","M","M","R","E","?","R","BOSS","M","COS","?","?","M"],"items_purchased_type":["Card","Card"],"build_version":"2020-12-22","purchased_purges":0,"victory":false,"max_hp_per_floor":[70,70,70,70,70,70,70,70,75,75,75,75,75,75,75,75,75,75,75,75,75,75,75],"relic_stats":{"counters":[9,49],"Medical Kit":[2],"obtain_stats":[{"relicPack:OneForAll":5,"vexMod:Dragonfruit":9,"SlaversCollar":17,"Bottled Flame":8,"Lizard Tail":14,"hubris:DeckOfHolding":13,"MiniHakkero":0,"hubris:Towel":20,"Medical Kit":19},{"relicPack:OneForAll":2,"vexMod:Dragonfruit":3,"SlaversCollar":7,"Bottled Flame":3,"Lizard Tail":6,"hubris:DeckOfHolding":6,"MiniHakkero":0,"hubris:Towel":8,"Medical Kit":8},{"relicPack:OneForAll":8,"vexMod:Dragonfruit":17,"SlaversCollar":35,"Bottled Flame":17,"Lizard Tail":28,"hubris:DeckOfHolding":28,"MiniHakkero":0,"hubris:Towel":42,"Medical Kit":42}]},"card_choices":[{"not_picked":["EscapeVelocity","BinaryStars"],"picked":"CasketOfStar","floor":0},{"not_picked":["WitchOfGreed","MysteriousBeam"],"picked":"AsteroidBelt","floor":1},{"not_picked":["MysteriousBeam","GrandCross"],"picked":"GalacticHalo","floor":3},{"not_picked":["ChargingUp","BinaryStars"],"picked":"SuperPerseids","floor":8},{"not_picked":["ShootTheMoon","OneTimeOff"],"picked":"PowerUp","floor":10},{"not_picked":["BlazeAway","FairyDestructionRay"],"picked":"RefractionSpark","floor":11},{"not_picked":["WitchLeyline","6A","UnstableBomb"],"picked":"SKIP","floor":13},{"not_picked":["OrrerysSun","LuminesStrike+1"],"picked":"ShootingEcho","floor":18}],"player_experience":1031647,"relics_obtained":[{"floor":8,"key":"Bottled Flame"},{"floor":9,"key":"vexMod:Dragonfruit"},{"floor":13,"key":"hubris:DeckOfHolding"}],"event_choices":[],"is_beta":false,"boss_relics":[{"not_picked":["Coffee Dripper","Kintsugi"],"picked":"SlaversCollar"}],"items_purged_floors":[],"is_endless":false,"potions_floor_spawned":[8,11,13,18],"killed_by":"Gensokyo:CosmicMonolith","ascension_level":18}}