{"host":"u7lm8z2rvb4dg2oo","time":1609954044,"event":{"mods":["AchievementEnabler","BaseMod","Colored Map","Colored Powertips","Curses Come First","Googly Eyes","Highlight Path","Minty Spire (QoL Compilation)","Quick Restart","StSLib"],"gold_per_floor":[368,368,333,43,53,53,53,111,111,147,147,163,184,198,198,326,326,346,96,96,116,140,140,180,180,206,206,222,235,248,248,248,372,372,390,723,773,773,349,349,374,374,374,387,414,414,75,92,92,92],"floor_reached":51,"playtime":4078,"items_purged":["Shame"],"score":1150,"play_id":"6f470b26-7282-4dc0-91f6-eb047e76829a","local_time":"20210106122724","is_ascension_mode":true,"campfire_choices":[{"data":"Eruption","floor":6.0,"key":"SMITH"},{"floor":11.0,"key":"REST"},{"floor":15.0,"key":"REST"},{"floor":23.0,"key":"REST"},{"floor":27.0,"key":"REST"},{"data":"Wallop","floor":32.0,"key":"SMITH"},{"data":"TalkToTheHand","floor":40.0,"key":"SMITH"},{"floor":42.0,"key":"REST"},{"data":"ForeignInfluence","floor":46.0,"key":"SMITH"},{"floor":49.0,"key":"REST"}],"circlet_count":0,"master_deck":["AscendersBane","Strike_P","Strike_P","Strike_P","Strike_P","Defend_P","Defend_P","Defend_P","Defend_P","Eruption+1","Vigilance","FlurryOfBlows","CutThroughFate","Wireheading+1","Wallop+1","Wireheading+1","ForeignInfluence+1","SpiritShield+1","BattleHymn+1","BattleHymn+1","Prostrate","Protect","DeusExMachina","Study+1","TalkToTheHand+1","DevaForm+1","Mayhem+1"],"relics":["PureWater","Dead Branch","Frozen Egg 2","Darkstone Periapt","Ginger","Velvet Choker","Shuriken","Art of War","InkBottle","Blood Vial","Lizard Tail","Philosopher\u0027s Stone","Calipers","Torii","Strawberry","FossilizedHelix","Bronze Scales","Pear"],"acts_visited":["Exordium","TheCity","TheBeyond"],"potions_floor_usage":[50,50,50,50,50],"damage_taken":[{"damage":6.0,"enemies":"Jaw Worm","floor":1.0,"turns":6.0},{"damage":0.0,"enemies":"2 Louse","floor":5.0,"turns":1.0},{"damage":14.0,"enemies":"Lagavulin","floor":8.0,"turns":6.0},{"damage":32.0,"enemies":"Gremlin Nob","floor":10.0,"turns":3.0},{"damage":0.0,"enemies":"Small Slimes","floor":12.0,"turns":2.0},{"damage":1.0,"enemies":"Gremlin Gang","floor":13.0,"turns":3.0},{"damage":11.0,"enemies":"2 Fungi Beasts","floor":14.0,"turns":4.0},{"damage":18.0,"enemies":"The Guardian","floor":16.0,"turns":4.0},{"damage":13.0,"enemies":"3 Byrds","floor":18.0,"turns":4.0},{"damage":12.0,"enemies":"Shell Parasite","floor":21.0,"turns":4.0},{"damage":7.0,"enemies":"Snake Plant","floor":22.0,"turns":4.0},{"damage":18.0,"enemies":"Gremlin Leader","floor":24.0,"turns":4.0},{"damage":0.0,"enemies":"Snecko","floor":28.0,"turns":3.0},{"damage":0.0,"enemies":"Centurion and Healer","floor":29.0,"turns":3.0},{"damage":0.0,"enemies":"Sentry and Sphere","floor":30.0,"turns":3.0},{"damage":10.0,"enemies":"Collector","floor":33.0,"turns":8.0},{"damage":5.0,"enemies":"Orb Walker","floor":35.0,"turns":3.0},{"damage":3.0,"enemies":"Mind Bloom Boss Battle","floor":37.0,"turns":8.0},{"damage":36.0,"enemies":"Reptomancer","floor":41.0,"turns":6.0},{"damage":10.0,"enemies":"3 Shapes","floor":44.0,"turns":3.0},{"damage":0.0,"enemies":"Giant Head","floor":45.0,"turns":6.0},{"damage":0.0,"enemies":"Transient","floor":48.0,"turns":5.0},{"damage":86,"enemies":"Donu and Deca","floor":50,"turns":11}],"seed_played":"-6976783759261735624","potions_obtained":[{"floor":1.0,"key":"ColorlessPotion"},{"floor":12.0,"key":"GamblersBrew"},{"floor":13.0,"key":"PowerPotion"},{"floor":16.0,"key":"Block Potion"},{"floor":21.0,"key":"BlessingOfTheForge"},{"floor":24.0,"key":"Energy Potion"},{"floor":28.0,"key":"EssenceOfSteel"},{"floor":30.0,"key":"GamblersBrew"},{"floor":35.0,"key":"Block Potion"},{"floor":45.0,"key":"AttackPotion"},{"floor":48.0,"key":"Fruit Juice"}],"is_trial":false,"path_per_floor":["M","?","?","$","M","R","?","E","T","E","R","M","M","M","R","B",null,"M","$","?","M","M","R","E","?","T","R","M","M","M","?","R","B",null,"M","?","?","T","$","R","E","R","T","M","E","R","$","M","R","B",null],"character_chosen":"WATCHER","items_purchased":["Dead Branch","Shuriken","DevaForm+1","Strawberry","Dexterity Potion","StancePotion","Energy Potion","EntropicBrew","Mayhem+1"],"campfire_rested":6,"item_purchase_floors":[4,19,39,39,39,39,47,47,47],"current_hp_per_floor":[59,52,70,70,70,70,52,38,38,6,27,27,26,15,36,18,59,46,46,46,34,27,48,30,30,30,51,53,55,57,63,63,55,72,69,69,68,68,75,75,41,66,66,58,70,70,70,77,100,29],"gold":92,"neow_bonus":"TWO_FIFTY_GOLD","is_daily":false,"chose_seed":false,"campfire_upgraded":4,"win_rate":0.0,"timestamp":1609954044,"path_taken":["M","?","?","$","M","R","?","E","T","E","R","M","M","M","R","BOSS","M","$","?","M","?","R","E","?","T","R","M","M","M","?","R","BOSS","M","?","?","?","$","R","E","R","T","M","E","R","$","M","R","BOSS"],"items_purchased_type":["Relic","Relic","Card","Relic","Potion","Potion","Potion","Potion","Card"],"build_version":"2020-12-22","purchased_purges":1,"victory":true,"max_hp_per_floor":[72,72,72,72,72,72,72,72,72,72,72,72,72,72,72,72,72,72,72,72,72,72,72,72,72,72,72,72,72,72,78,78,78,78,78,78,78,78,85,85,85,85,85,85,95,95,95,100,100,100],"card_choices":[{"not_picked":["InnerPeace","JustLucky"],"picked":"FlurryOfBlows","floor":1.0},{"not_picked":["Halt","ThirdEye"],"picked":"CutThroughFate","floor":5.0},{"not_picked":["FollowUp","EmptyFist"],"picked":"Wireheading+1","floor":8.0},{"not_picked":["Fasting2+1","CarveReality"],"picked":"Wallop","floor":10.0},{"not_picked":["PathToVictory","Consecrate","FollowUp"],"picked":"SKIP","floor":12.0},{"not_picked":["EmptyFist","JustLucky"],"picked":"Wireheading+1","floor":13.0},{"not_picked":["Brilliance","CutThroughFate"],"picked":"ForeignInfluence","floor":14.0},{"not_picked":["Devotion+1","ConjureBlade"],"picked":"SpiritShield","floor":16.0},{"not_picked":["Consecrate","Wireheading+1","Crescendo"],"picked":"SKIP","floor":18.0},{"not_picked":["CutThroughFate","Crescendo+1","ThirdEye"],"picked":"SKIP","floor":21.0},{"not_picked":["PathToVictory","Crescendo","EmptyBody"],"picked":"SKIP","floor":22.0},{"not_picked":["MentalFortress+1","Evaluate"],"picked":"BattleHymn+1","floor":24.0},{"not_picked":["Vengeance","CutThroughFate"],"picked":"BattleHymn+1","floor":28.0},{"not_picked":["Sanctity","JustLucky"],"picked":"Prostrate","floor":29.0},{"not_picked":["FlurryOfBlows","PathToVictory"],"picked":"Protect","floor":30.0},{"not_picked":["Devotion+1","Judgement"],"picked":"DeusExMachina","floor":33.0},{"not_picked":["Perseverance","LikeWater+1"],"picked":"Study+1","floor":35.0},{"not_picked":["Wireheading+1","SashWhip+1"],"picked":"TalkToTheHand","floor":37.0},{"not_picked":["Protect+1","FearNoEvil","Adaptation+1"],"picked":"SKIP","floor":41.0},{"not_picked":["Study+1","Crescendo+1","DeceiveReality"],"picked":"SKIP","floor":44.0},{"not_picked":["CutThroughFate+1","Vengeance+1","Consecrate+1"],"picked":"SKIP","floor":45.0},{"not_picked":["SashWhip+1","Wallop+1","SpiritShield"],"picked":"SKIP","floor":48.0}],"player_experience":1097378,"relics_obtained":[{"floor":8.0,"key":"Frozen Egg 2"},{"floor":9.0,"key":"Darkstone Periapt"},{"floor":10.0,"key":"Ginger"},{"floor":24.0,"key":"Art of War"},{"floor":26.0,"key":"Blood Vial"},{"floor":37.0,"key":"Calipers"},{"floor":38.0,"key":"Torii"},{"floor":41.0,"key":"FossilizedHelix"},{"floor":43.0,"key":"Bronze Scales"},{"floor":45.0,"key":"Pear"}],"event_choices":[{"cards_removed":["Decay"],"damage_healed":0.0,"max_hp_gain":0.0,"max_hp_loss":0.0,"gold_gain":0.0,"event_name":"Golden Wing","player_choice":"Card Removal","floor":2.0,"gold_loss":0.0,"damage_taken":7.0},{"damage_healed":18.0,"max_hp_gain":0.0,"max_hp_loss":0.0,"gold_gain":0.0,"event_name":"The Cleric","player_choice":"Healed","floor":3.0,"gold_loss":35.0,"damage_taken":0.0},{"damage_healed":0.0,"max_hp_gain":0.0,"max_hp_loss":0.0,"gold_gain":0.0,"event_name":"Golden Idol","player_choice":"Take Damage","floor":7.0,"gold_loss":0.0,"damage_taken":18.0,"relics_obtained":["Golden Idol"]},{"damage_healed":0.0,"max_hp_gain":0.0,"max_hp_loss":0.0,"gold_gain":0.0,"event_name":"Accursed Blacksmith","player_choice":"Forge","floor":20.0,"gold_loss":0.0,"damage_taken":0.0,"cards_upgraded":["SpiritShield"]},{"damage_healed":0.0,"max_hp_gain":0.0,"max_hp_loss":0.0,"gold_gain":0.0,"event_name":"The Mausoleum","player_choice":"Opened","floor":25.0,"gold_loss":0.0,"damage_taken":0.0,"relics_obtained":["InkBottle"]},{"damage_healed":0.0,"max_hp_gain":0.0,"max_hp_loss":0.0,"gold_gain":0.0,"event_name":"Addict","player_choice":"Stole Relic","floor":31.0,"gold_loss":0.0,"damage_taken":0.0,"relics_obtained":["Lizard Tail"],"cards_obtained":["Shame"]},{"damage_healed":0.0,"max_hp_gain":0.0,"max_hp_loss":0.0,"gold_gain":333.0,"event_name":"The Moai Head","player_choice":"Gave Idol","floor":36.0,"relics_lost":["Golden Idol"],"gold_loss":0.0,"damage_taken":0.0},{"damage_healed":0.0,"max_hp_gain":0.0,"max_hp_loss":0.0,"gold_gain":0.0,"event_name":"MindBloom","player_choice":"Fight","floor":37.0,"gold_loss":0.0,"damage_taken":0.0}],"is_beta":false,"boss_relics":[{"not_picked":["Tiny House","Cursed Key"],"picked":"Velvet Choker"},{"not_picked":["Busted Crown","Sozu"],"picked":"Philosopher\u0027s Stone"}],"items_purged_floors":[39],"is_endless":false,"potions_floor_spawned":[1,12,13,16,21,24,28,30,35,45,48],"ascension_level":10}}