{"host":"d8hh7rr4yzitjeuj","time":1609918965,"event":{"mods":["2.2 Compatiblity","AchievementEnabler","Act Like it!","BaseMod","Colored Map","Colored Powertips","Highlight Path","Keyboard Shortcuts","Minty Spire (QoL Compilation)","Permanent Neow","Quick Restart","StSLib","SuperFastMode"],"gold_per_floor":[118,131,44,44,44,79,79,114,165,188,220,232,261,301,313,399,411,440,342,371,396,12,44,44,72,72,72,72,91,91,101,101,101,101],"floor_reached":33,"playtime":1023,"items_purged":["Strike_R"],"score":710,"play_id":"570ed2c7-1c79-4142-ae4c-fdebcc6e8a3c","local_time":"20210106164245","is_ascension_mode":true,"campfire_choices":[{"data":"Hemokinesis","floor":7,"key":"SMITH"},{"floor":12,"key":"REST"},{"data":"Rupture","floor":15,"key":"SMITH"},{"floor":24,"key":"REST"},{"floor":27,"key":"REST"},{"floor":30,"key":"REST"},{"floor":32,"key":"REST"}],"circlet_count":0,"master_deck":["AscendersBane","Defend_R","Defend_R","Defend_R+1","Defend_R","Bash","Double Tap","Cleave","Inflame","Hemokinesis+1","Clothesline","Uppercut","Rupture+1","Heavy Blade","Brutality","Evolve","Offering","Uppercut+1","Carnage+1","Headbutt+1","Blood for Blood","Shrug It Off","Feed","Flame Barrier","Combust"],"relics":["Burning Blood","Happy Flower","Toy Ornithopter","MawBank","Bag of Preparation","Astrolabe","Self Forming Clay","Boot","Smiling Mask"],"acts_visited":["Exordium","TheCity"],"potions_floor_usage":[14,16,21,25,33],"damage_taken":[{"damage":15.0,"enemies":"Small Slimes","floor":1.0,"turns":4.0},{"damage":3,"enemies":"2 Louse","floor":2,"turns":3},{"damage":41,"enemies":"Lagavulin","floor":6,"turns":5},{"damage":10,"enemies":"Gremlin Nob","floor":8,"turns":3},{"damage":2,"enemies":"Cultist","floor":10,"turns":2},{"damage":12,"enemies":"Red Slaver","floor":11,"turns":2},{"damage":11,"enemies":"3 Louse","floor":13,"turns":3},{"damage":28,"enemies":"3 Sentries","floor":14,"turns":3},{"damage":7,"enemies":"Slime Boss","floor":16,"turns":5},{"damage":10,"enemies":"Spheric Guardian","floor":18,"turns":3},{"damage":13,"enemies":"Chosen","floor":20,"turns":3},{"damage":23,"enemies":"3 Cultists","floor":21,"turns":3},{"damage":28,"enemies":"Gremlin Leader","floor":23,"turns":4},{"damage":49,"enemies":"Book of Stabbing","floor":25,"turns":4},{"damage":34,"enemies":"Chosen and Byrds","floor":29,"turns":6},{"damage":24,"enemies":"Snecko","floor":31,"turns":4},{"damage":57,"enemies":"Collector","floor":33,"turns":7}],"seed_played":"-8344565348274092257","potions_obtained":[{"floor":2,"key":"ElixirPotion"},{"floor":11,"key":"PowerPotion"},{"floor":13,"key":"SkillPotion"},{"floor":16,"key":"FairyPotion"},{"floor":18,"key":"SkillPotion"},{"floor":23,"key":"DistilledChaos"},{"floor":25,"key":"PowerPotion"}],"is_trial":false,"path_per_floor":["M","M","$","?","?","E","R","E","T","M","M","R","M","E","R","B",null,"M","?","M","M","$","E","R","E","T","R","$","M","R","M","R","B"],"character_chosen":"IRONCLAD","items_purchased":["Hemokinesis","Self Forming Clay","Shrug It Off"],"campfire_rested":5,"item_purchase_floors":[3,22,22],"current_hp_per_floor":[59,62,62,62,62,27,27,23,23,27,21,43,38,21,21,25,63,59,59,52,40,40,18,40,26,26,48,48,23,46,28,51,0,0],"gold":101,"neow_bonus":"ONE_RANDOM_RARE_CARD","is_daily":false,"chose_seed":false,"campfire_upgraded":2,"win_rate":0.0,"timestamp":1609918965,"path_taken":["M","M","$","?","?","E","R","E","T","M","M","R","M","E","R","BOSS","M","?","M","M","?","E","R","E","T","R","$","M","R","M","R","BOSS"],"items_purchased_type":["Card","Relic","Card"],"build_version":"2020-12-22","purchased_purges":1,"victory":false,"max_hp_per_floor":[75,75,75,75,75,75,75,75,75,75,75,75,75,75,75,75,75,75,75,75,75,75,75,75,75,75,75,75,78,78,78,78,78,78],"card_choices":[{"not_picked":["Anger","Flex"],"picked":"Cleave","floor":1.0},{"not_picked":["Armaments","Sword Boomerang"],"picked":"Inflame","floor":2},{"not_picked":["Clash","Seeing Red"],"picked":"Clothesline","floor":6},{"not_picked":["Thunderclap","Sever Soul"],"picked":"Uppercut","floor":8},{"not_picked":["Body Slam","Twin Strike"],"picked":"Rupture","floor":10},{"not_picked":["Thunderclap","Anger"],"picked":"Heavy Blade","floor":11},{"not_picked":["Infernal Blade","Twin Strike"],"picked":"Brutality","floor":13},{"not_picked":["Whirlwind","Twin Strike"],"picked":"Evolve","floor":14},{"not_picked":["Brutality","Corruption"],"picked":"Offering","floor":16},{"not_picked":["Hemokinesis","Uppercut","Clash"],"picked":"SKIP","floor":18},{"not_picked":["Perfected Strike","Headbutt","Cleave+1"],"picked":"SKIP","floor":20},{"not_picked":["Burning Pact","Flex"],"picked":"Blood for Blood","floor":21},{"not_picked":["Anger+1","Thunderclap+1"],"picked":"Feed","floor":23},{"not_picked":["Wild Strike","Headbutt"],"picked":"Flame Barrier","floor":25},{"not_picked":["Sentinel+1","Twin Strike"],"picked":"Combust","floor":29},{"not_picked":["Twin Strike","Cleave","Brutality"],"picked":"SKIP","floor":31}],"player_experience":1412412,"relics_obtained":[{"floor":6,"key":"Happy Flower"},{"floor":8,"key":"Toy Ornithopter"},{"floor":9,"key":"MawBank"},{"floor":14,"key":"Bag of Preparation"},{"floor":23,"key":"Boot"},{"floor":25,"key":"Smiling Mask"}],"event_choices":[{"damage_healed":0,"gold_gain":0,"player_choice":"Ignored","damage_taken":0,"max_hp_gain":0,"max_hp_loss":0,"event_name":"Liars Game","floor":4,"gold_loss":0},{"damage_healed":0,"gold_gain":0,"player_choice":"Leave","damage_taken":0,"max_hp_gain":0,"max_hp_loss":0,"event_name":"The Cleric","floor":5,"gold_loss":0},{"cards_removed":["Strike_R"],"damage_healed":0,"gold_gain":0,"player_choice":"Upgrade and Remove","damage_taken":0,"max_hp_gain":0,"max_hp_loss":0,"event_name":"Designer","floor":19,"gold_loss":110,"cards_upgraded":["Defend_R"]}],"is_beta":false,"boss_relics":[{"not_picked":["Busted Crown","Tiny House"],"picked":"Astrolabe"}],"items_purged_floors":[22],"is_endless":false,"potions_floor_spawned":[2,11,13,16,18,23,25],"killed_by":"Collector","ascension_level":20}}