{"host":"qmufev141yub3yf0","time":1609947249,"event":{"mods":["BaseMod","Minty Spire (QoL Compilation)","Quick Restart","StSLib","SuperFastMode"],"gold_per_floor":[110,185,201,201,201,226,242,242,242,242,83,103,49,69,69,69,69],"floor_reached":16,"playtime":367,"items_purged":["Strike_R"],"score":141,"play_id":"addf8216-1726-4743-abf3-93935baea9c4","local_time":"20210106233409","is_ascension_mode":true,"campfire_choices":[{"floor":8,"key":"REST"},{"data":"Entrench","floor":10,"key":"SMITH"},{"floor":15,"key":"REST"}],"circlet_count":0,"master_deck":["Strike_R","Strike_R","Strike_R","Defend_R","Defend_R","Defend_R","Defend_R","Bash","Entrench+1","Dramatic Entrance","Body Slam","Fire Breathing"],"relics":["Burning Blood","NeowsBlessing","Ice Cream","Dream Catcher","Sundial","Odd Mushroom"],"acts_visited":["Exordium"],"potions_floor_usage":[16,16],"damage_taken":[{"damage":0,"enemies":"2 Louse","floor":1,"turns":1},{"damage":0,"enemies":"Cultist","floor":3,"turns":1},{"damage":0,"enemies":"3 Sentries","floor":6,"turns":1},{"damage":8,"enemies":"Jaw Worm","floor":7,"turns":6},{"damage":36,"enemies":"Large Slime","floor":12,"turns":10},{"damage":45,"enemies":"The Mushroom Lair","floor":14,"turns":5},{"damage":35,"enemies":"Slime Boss","floor":16,"turns":5}],"seed_played":"3361791939230610994","potions_obtained":[{"floor":3,"key":"SpeedPotion"},{"floor":6,"key":"LiquidBronze"},{"floor":12,"key":"Strength Potion"}],"is_trial":false,"path_per_floor":["M","?","M","?","?","E","M","R","T","R","$","M","$","?","R","B"],"character_chosen":"IRONCLAD","items_purchased":["Dramatic Entrance","Body Slam"],"campfire_rested":2,"item_purchase_floors":[11,13],"current_hp_per_floor":[80,72,78,78,78,80,78,80,80,80,80,50,50,11,35,0,0],"gold":69,"neow_bonus":"THREE_ENEMY_KILL","is_daily":false,"chose_seed":false,"campfire_upgraded":1,"win_rate":0.0,"timestamp":1609947249,"path_taken":["M","?","?","?","?","E","M","R","T","R","$","?","?","?","R","BOSS"],"items_purchased_type":["Card","Card"],"build_version":"2020-12-22","purchased_purges":1,"victory":false,"max_hp_per_floor":[80,80,80,80,80,80,80,80,80,80,80,80,80,80,80,80,80],"card_choices":[{"not_picked":["Anger","Rage"],"picked":"Entrench","floor":1},{"not_picked":["Dual Wield","Second Wind","Heavy Blade"],"picked":"SKIP","floor":3},{"not_picked":["Sword Boomerang","Blood for Blood","Perfected Strike"],"picked":"SKIP","floor":6},{"not_picked":["Flame Barrier","Heavy Blade","Brutality"],"picked":"SKIP","floor":7},{"not_picked":["Heavy Blade","Armaments","Flex"],"picked":"SKIP","floor":12},{"not_picked":["Rampage","Flex"],"picked":"Fire Breathing","floor":15}],"player_experience":235812,"relics_obtained":[{"floor":6,"key":"Dream Catcher"},{"floor":9,"key":"Sundial"},{"floor":14,"key":"Odd Mushroom"}],"event_choices":[{"damage_healed":0,"gold_gain":75,"player_choice":"Touch","damage_taken":8,"max_hp_gain":0,"max_hp_loss":0,"event_name":"FaceTrader","floor":2,"gold_loss":0},{"damage_healed":0,"gold_gain":0,"cards_transformed":["Strike_R"],"player_choice":"Change","damage_taken":0,"max_hp_gain":0,"max_hp_loss":0,"event_name":"Living Wall","floor":4,"gold_loss":0,"cards_obtained":["Power Through"]},{"cards_removed":["Power Through"],"damage_healed":0,"gold_gain":0,"player_choice":"Gave Card","damage_taken":0,"relics_obtained":["Ice Cream"],"max_hp_gain":0,"max_hp_loss":0,"event_name":"WeMeetAgain","floor":5,"gold_loss":0},{"damage_healed":0,"gold_gain":0,"player_choice":"Fought Mushrooms","damage_taken":0,"max_hp_gain":0,"max_hp_loss":0,"event_name":"Mushrooms","floor":14,"gold_loss":0}],"is_beta":false,"boss_relics":[],"items_purged_floors":[11],"is_endless":false,"potions_floor_spawned":[3,6,12,14],"killed_by":"Slime Boss","ascension_level":3}}