{"host":"36mulxq349byzoa2","time":1609976924,"event":{"mods":["AchievementEnabler","BaseMod","Better Match","Block Reminder","Colored Map","Colored Powertips","Minty Spire (QoL Compilation)","Rare Cards Sparkle","StSLib","SuperFastMode"],"gold_per_floor":[111,111,111,129,129,129,74,74,101,101,136,136,167,194,194,267,267,278,278,290,215,90,90,90,90],"floor_reached":24,"playtime":963,"items_purged":[],"score":435,"play_id":"2ecd7da3-906f-40e0-b912-30a1e4be721e","local_time":"20210106184844","is_ascension_mode":true,"campfire_choices":[{"data":"Well Laid Plans","floor":6,"key":"SMITH"},{"data":"Blade Dance","floor":8,"key":"SMITH"},{"data":"Neutralize","floor":10,"key":"SMITH"},{"floor":15,"key":"REST"},{"floor":23,"key":"REST"}],"circlet_count":0,"master_deck":["AscendersBane","Strike_G","Strike_G","Strike_G","Strike_G","Defend_G","Defend_G","Defend_G","Defend_G","Survivor","Neutralize+1","Infinite Blades","Blade Dance+1","PiercingWail","Burst","PiercingWail","Forethought+1"],"relics":["Ring of the Snake","NeowsBlessing","Akabeko","Orichalcum","Incense Burner","Odd Mushroom","Runic Pyramid"],"acts_visited":["Exordium","TheCity"],"potions_floor_usage":[13,16,24,24],"damage_taken":[{"damage":0,"enemies":"Jaw Worm","floor":1,"turns":1},{"damage":0,"enemies":"2 Louse","floor":4,"turns":1},{"damage":0,"enemies":"Lagavulin","floor":11,"turns":1},{"damage":19,"enemies":"3 Sentries","floor":13,"turns":11},{"damage":6,"enemies":"The Mushroom Lair","floor":14,"turns":5},{"damage":42,"enemies":"Slime Boss","floor":16,"turns":14},{"damage":10,"enemies":"Shell Parasite","floor":18,"turns":6},{"damage":26,"enemies":"Spheric Guardian","floor":20,"turns":8},{"damage":29,"enemies":"Gremlin Leader","floor":24,"turns":11}],"seed_played":"-1162491949432902548","potions_obtained":[{"floor":1,"key":"Explosive Potion"},{"floor":4,"key":"Weak Potion"},{"floor":13,"key":"Weak Potion"},{"floor":20,"key":"DistilledChaos"}],"is_trial":false,"path_per_floor":["M","?","?","M","?","R","$","R","T","R","E","?","E","?","R","B",null,"M","?","M","?","?","R","E"],"character_chosen":"THE_SILENT","items_purchased":["Blade Dance"],"campfire_rested":2,"item_purchase_floors":[7],"current_hp_per_floor":[59,64,57,57,57,57,57,57,57,57,57,57,38,32,53,11,56,46,46,20,20,20,41,12,12],"gold":90,"neow_bonus":"THREE_ENEMY_KILL","is_daily":false,"chose_seed":false,"campfire_upgraded":3,"win_rate":0.0,"timestamp":1609976924,"path_taken":["M","?","?","M","?","R","$","R","T","R","E","?","E","?","R","BOSS","M","?","M","?","?","R","E"],"items_purchased_type":["Card"],"build_version":"2020-12-22","purchased_purges":0,"victory":false,"max_hp_per_floor":[66,71,71,71,71,71,71,71,71,71,71,71,71,71,71,71,71,71,71,71,71,71,71,71,71],"card_choices":[{"not_picked":["Distraction","Dodge and Roll"],"picked":"Infinite Blades","floor":1},{"not_picked":["Quick Slash","Acrobatics"],"picked":"Well Laid Plans","floor":4},{"not_picked":["Underhanded Strike","Tools of the Trade","Blur"],"picked":"SKIP","floor":11},{"not_picked":["Venomology","Dash"],"picked":"PiercingWail","floor":13},{"not_picked":["Die Die Die","Venomology"],"picked":"Burst","floor":16},{"not_picked":["Bane","Cloak And Dagger"],"picked":"PiercingWail","floor":18},{"not_picked":["Reflex","Poisoned Stab","Setup"],"picked":"SKIP","floor":20},{"not_picked":["PanicButton+1","Blind+1"],"picked":"Forethought+1","floor":22}],"player_experience":1009191,"relics_obtained":[{"floor":9,"key":"Akabeko"},{"floor":11,"key":"Orichalcum"},{"floor":13,"key":"Incense Burner"},{"floor":14,"key":"Odd Mushroom"}],"event_choices":[{"damage_healed":0,"gold_gain":0,"player_choice":"Donut","damage_taken":0,"max_hp_gain":5,"max_hp_loss":0,"event_name":"Big Fish","floor":2,"gold_loss":0},{"cards_removed":["Defend_G"],"damage_healed":0,"gold_gain":0,"player_choice":"Card Removal","damage_taken":7,"max_hp_gain":0,"max_hp_loss":0,"event_name":"Golden Wing","floor":3,"gold_loss":0},{"cards_removed":["Strike_G"],"damage_healed":0,"gold_gain":0,"player_choice":"Forget","damage_taken":0,"max_hp_gain":0,"max_hp_loss":0,"event_name":"Living Wall","floor":5,"gold_loss":0},{"damage_healed":0,"gold_gain":0,"player_choice":"Ignored","damage_taken":0,"max_hp_gain":0,"max_hp_loss":0,"event_name":"Liars Game","floor":12,"gold_loss":0},{"damage_healed":0,"gold_gain":0,"player_choice":"Fought Mushrooms","damage_taken":0,"max_hp_gain":0,"max_hp_loss":0,"event_name":"Mushrooms","floor":14,"gold_loss":0},{"damage_healed":0,"gold_gain":0,"player_choice":"Ignored","damage_taken":0,"max_hp_gain":0,"max_hp_loss":0,"event_name":"Ghosts","floor":19,"gold_loss":0},{"cards_removed":["Well Laid Plans"],"damage_healed":0,"gold_gain":0,"player_choice":"Gave Gold","damage_taken":0,"max_hp_gain":0,"max_hp_loss":0,"event_name":"Beggar","floor":21,"gold_loss":75},{"damage_healed":0,"gold_gain":0,"player_choice":"2","damage_taken":0,"max_hp_gain":0,"max_hp_loss":0,"event_name":"betterMatch:BetterMatch","floor":22,"gold_loss":0,"cards_obtained":["betterMatch:ColorlessUncommonCard"]}],"is_beta":false,"boss_relics":[{"not_picked":["Snecko Eye","Black Star"],"picked":"Runic Pyramid"}],"items_purged_floors":[],"is_endless":false,"potions_floor_spawned":[1,4,13,20],"killed_by":"Gremlin Leader","ascension_level":19}}