{"host":"1q1wpq6df472foxy","time":1609943122,"event":{"mods":["BaseMod","DeckTracker","Highlight Path","Minty Spire (QoL Compilation)","Quick Restart","StSLib","SuperFastMode"],"gold_per_floor":[114,64,139,154,154,154,154,154,154,197,122,141,156,170,170,170,170],"floor_reached":16,"playtime":209,"items_purged":["Parasite"],"score":194,"play_id":"c663933c-8a0e-4308-be16-317a2cc48f24","local_time":"20210106232522","is_ascension_mode":true,"campfire_choices":[{"data":"Whirlwind","floor":6,"key":"SMITH"},{"floor":8,"key":"RECALL"},{"data":"Evolve","floor":15,"key":"SMITH"}],"circlet_count":0,"master_deck":["AscendersBane","Strike_R","Strike_R","Strike_R","Strike_R","Defend_R","Defend_R","Defend_R","Defend_R","Bash","Whirlwind+1","Evolve+1"],"relics":["Burning Blood","NeowsBlessing","Golden Idol","Dead Branch"],"acts_visited":["Exordium"],"potions_floor_usage":[],"damage_taken":[{"damage":0,"enemies":"Jaw Worm","floor":1,"turns":1},{"damage":0,"enemies":"2 Louse","floor":4,"turns":1},{"damage":0,"enemies":"Lagavulin","floor":10,"turns":1},{"damage":0,"enemies":"Small Slimes","floor":12,"turns":3},{"damage":12,"enemies":"Looter","floor":13,"turns":3},{"damage":11,"enemies":"Blue Slaver","floor":14,"turns":4},{"damage":61,"enemies":"Hexaghost","floor":16,"turns":9}],"seed_played":"4077767620044518383","potions_obtained":[{"floor":1,"key":"SteroidPotion"},{"floor":10,"key":"EntropicBrew"}],"is_trial":false,"path_per_floor":["M","?","?","M","?","R","?","R","T","E","$","M","M","M","R","B"],"character_chosen":"IRONCLAD","items_purchased":[],"campfire_rested":0,"item_purchase_floors":[],"current_hp_per_floor":[78,78,67,73,73,73,74,74,74,74,71,71,65,60,60,0,0],"gold":170,"neow_bonus":"THREE_ENEMY_KILL","is_daily":false,"chose_seed":false,"campfire_upgraded":2,"win_rate":0.0,"timestamp":1609943122,"path_taken":["M","?","?","M","?","R","?","R","T","E","?","?","M","M","R","BOSS"],"items_purchased_type":[],"build_version":"2020-12-22","purchased_purges":1,"victory":false,"max_hp_per_floor":[80,80,80,80,74,74,74,74,74,74,71,71,71,71,71,71,71],"card_choices":[{"not_picked":["Metallicize","Shrug It Off","Reckless Charge"],"picked":"SKIP","floor":1},{"not_picked":["Dual Wield","Seeing Red"],"picked":"Whirlwind","floor":4},{"not_picked":["Clothesline","Perfected Strike","Blood for Blood"],"picked":"SKIP","floor":10},{"not_picked":["Hemokinesis","Ghostly Armor","Evolve"],"picked":"SKIP","floor":12},{"not_picked":["Hemokinesis","Ghostly Armor"],"picked":"Evolve","floor":12},{"not_picked":["Flex","Headbutt","Burning Pact"],"picked":"SKIP","floor":13},{"not_picked":["Flex","Headbutt","Burning Pact"],"picked":"SKIP","floor":13},{"not_picked":["Clothesline","Thunderclap","Rage"],"picked":"SKIP","floor":14}],"player_experience":381893,"relics_obtained":[{"floor":10,"key":"Dead Branch"}],"event_choices":[{"cards_removed":["Strike_R"],"damage_healed":0,"gold_gain":0,"player_choice":"Card Removal","damage_taken":0,"max_hp_gain":0,"max_hp_loss":0,"event_name":"The Cleric","floor":2,"gold_loss":50},{"damage_healed":0,"gold_gain":75,"player_choice":"Gather Gold","damage_taken":11,"max_hp_gain":0,"max_hp_loss":0,"event_name":"World of Goop","floor":3,"gold_loss":0},{"damage_healed":0,"gold_gain":0,"player_choice":"Lose Max HP","damage_taken":0,"relics_obtained":["Golden Idol"],"max_hp_gain":0,"max_hp_loss":6,"event_name":"Golden Idol","floor":5,"gold_loss":0},{"damage_healed":18,"gold_gain":0,"player_choice":"Healed and dodged fight","damage_taken":0,"max_hp_gain":0,"max_hp_loss":0,"event_name":"Mushrooms","floor":7,"gold_loss":0,"cards_obtained":["Parasite"]}],"is_beta":false,"boss_relics":[],"items_purged_floors":[11],"is_endless":false,"potions_floor_spawned":[1,10],"killed_by":"Hexaghost","ascension_level":11}}