{"host":"c6u7e77myxvw4d0m","time":1609931803,"event":{"mods":["AchievementEnabler","BaseMod","Colored Map","Colored Powertips","Minty Spire (QoL Compilation)","Rare Cards Sparkle","Relic Stats","everything is the same but u backflip on backflip"],"gold_per_floor":[117,132,149,169,344,344,377,377,453,453,479,11,30,65,65,167,167,183,183,193,210,224,252,9,27,27,56,76,76,90,102,102,205,205,225,236,255,1254,1308,1336,1336,1352,1352,1387,1407,1407,641,653,653,653,653,653,25,60,60],"floor_reached":56,"playtime":7702,"items_purged":["Writhe","Strike_G","Normality","Writhe"],"score":1757,"play_id":"808e22a9-4726-43cb-8880-62596084b7df","local_time":"20210106131643","is_ascension_mode":true,"campfire_choices":[{"data":"Deadly Poison","floor":6.0,"key":"SMITH"},{"floor":10.0,"key":"REST"},{"data":"Crippling Poison","floor":15.0,"key":"SMITH"},{"data":"After Image","floor":29.0,"key":"SMITH"},{"data":"Footwork","floor":32.0,"key":"SMITH"},{"data":"PiercingWail","floor":41,"key":"SMITH"},{"floor":49,"key":"RECALL"},{"data":"Sadistic Nature","floor":52,"key":"SMITH"}],"circlet_count":0,"master_deck":["Strike_G","Strike_G+1","Strike_G","Strike_G","Defend_G","Defend_G","Defend_G","Defend_G","Defend_G","Survivor","Neutralize","Deadly Poison+1","Dash","Bane+1","Crippling Poison+1","Blade Dance","Poisoned Stab","Noxious Fumes","Dodge and Roll","Backflip","Leg Sweep","Night Terror","Calculated Gamble","Choke+1","PiercingWail+1","Calculated Gamble+1","Terror+1","Footwork+1","Blur","Night Terror","Tactician+1","After Image+1","Acrobatics+1","Venomology","Deadly Poison+1","Blur","Noxious Fumes+1","Prepared+1","Doubt","Well Laid Plans","Dodge and Roll+1","Outmaneuver+1","Sadistic Nature+1","Concentrate","Well Laid Plans","Body Slam+1","Stack","Accuracy"],"relics":["Cursed Key","Incense Burner","Bronze Scales","Question Card","Omamori","Lee\u0027s Waffle","Anchor","Blood Vial","Snecko Eye","Whetstone","Torii","Busted Crown","Prayer Wheel","Oddly Smooth Stone","Centennial Puzzle","Gremlin Horn","Ancient Tea Set","PrismaticShard","Snake Skull","OrangePellets","Happy Flower"],"acts_visited":["Exordium","TheCity","TheBeyond","TheEnding"],"potions_floor_usage":[40,40,42,42,42,42,42,42,44,50,54,54,55,55,55,55],"damage_taken":[{"damage":0.0,"enemies":"2 Louse","floor":1.0,"turns":3.0},{"damage":7.0,"enemies":"Jaw Worm","floor":2.0,"turns":4.0},{"damage":0.0,"enemies":"Small Slimes","floor":3.0,"turns":4.0},{"damage":0.0,"enemies":"3 Louse","floor":4.0,"turns":1.0},{"damage":19.0,"enemies":"Gremlin Nob","floor":7.0,"turns":4.0},{"damage":11.0,"enemies":"Lagavulin","floor":11.0,"turns":6.0},{"damage":0.0,"enemies":"Blue Slaver","floor":13.0,"turns":3.0},{"damage":1.0,"enemies":"Gremlin Nob","floor":14.0,"turns":4.0},{"damage":18.0,"enemies":"Slime Boss","floor":16.0,"turns":7.0},{"damage":0.0,"enemies":"Shell Parasite","floor":18.0,"turns":5.0},{"damage":2.0,"enemies":"2 Thieves","floor":20.0,"turns":4.0},{"damage":9.0,"enemies":"Snecko","floor":21.0,"turns":5.0},{"damage":3.0,"enemies":"Snake Plant","floor":22.0,"turns":3.0},{"damage":3.0,"enemies":"Book of Stabbing","floor":23.0,"turns":4.0},{"damage":3.0,"enemies":"Cultist and Chosen","floor":25.0,"turns":6.0},{"damage":12.0,"enemies":"Gremlin Leader","floor":27.0,"turns":5.0},{"damage":0.0,"enemies":"Shelled Parasite and Fungi","floor":28.0,"turns":3.0},{"damage":0.0,"enemies":"3 Cultists","floor":30.0,"turns":4.0},{"damage":0.0,"enemies":"Snake Plant","floor":31.0,"turns":3.0},{"damage":47.0,"enemies":"Automaton","floor":33.0,"turns":8.0},{"damage":0.0,"enemies":"3 Shapes","floor":35.0,"turns":5.0},{"damage":1.0,"enemies":"Orb Walker","floor":36.0,"turns":4.0},{"damage":0.0,"enemies":"3 Darklings","floor":37.0,"turns":7.0},{"damage":18.0,"enemies":"2 Orb Walkers","floor":39.0,"turns":5.0},{"damage":12,"enemies":"Reptomancer","floor":40,"turns":7},{"damage":1,"enemies":"Maw","floor":42,"turns":6},{"damage":10,"enemies":"Nemesis","floor":44,"turns":9},{"damage":16,"enemies":"Spire Growth","floor":45,"turns":6},{"damage":1,"enemies":"Sphere and 2 Shapes","floor":48,"turns":6},{"damage":0,"enemies":"Time Eater","floor":50,"turns":9},{"damage":2,"enemies":"Shield and Spear","floor":54,"turns":5},{"damage":64,"enemies":"The Heart","floor":55,"turns":9}],"seed_played":"6637274285625492143","potions_obtained":[{"floor":2.0,"key":"SpeedPotion"},{"floor":3.0,"key":"Explosive Potion"},{"floor":7.0,"key":"Regen Potion"},{"floor":13.0,"key":"EntropicBrew"},{"floor":18.0,"key":"FearPotion"},{"floor":21.0,"key":"Poison Potion"},{"floor":28.0,"key":"Explosive Potion"},{"floor":33.0,"key":"Regen Potion"},{"floor":40,"key":"Dexterity Potion"},{"floor":42,"key":"Regen Potion"},{"floor":54,"key":"PowerPotion"}],"is_trial":false,"path_per_floor":["M","M","M","M","?","R","E","?","T","R","E","$","M","E","R","B",null,"M","?","M","M","M","E","$","M","T","E","M","R","M","M","R","B",null,"M","M","M","?","?","E","R","M","T","E","M","?","$","M","R","B",null,"R","$","E","B",null],"character_chosen":"THE_SILENT","items_purchased":["Lee\u0027s Waffle","Noxious Fumes","Anchor","Dodge and Roll","Footwork","Blur","Sadistic Nature","Concentrate","Ancient Tea Set","Well Laid Plans","PrismaticShard","Snake Skull","OrangePellets","GhostInAJar","Accuracy"],"campfire_rested":1,"item_purchase_floors":[12,12,12,12,24,24,47,47,47,47,47,53,53,53,53],"current_hp_per_floor":[63,56,56,56,56,56,37,19,19,40,44,77,77,76,76,59,73,75,75,75,68,67,66,66,65,65,55,57,57,59,61,61,16,62,64,77,77,77,59,49,49,50,50,57,43,62,62,63,63,65,74,74,74,74,12],"gold":60,"neow_bonus":"BOSS_RELIC","is_daily":false,"chose_seed":false,"campfire_upgraded":6,"win_rate":0.0,"timestamp":1609931803,"path_taken":["M","M","M","M","?","R","E","?","T","R","E","$","M","E","R","BOSS","BOSS","M","?","M","M","M","E","$","M","T","E","M","R","M","M","R","BOSS","M","M","M","?","?","E","R","M","T","E","M","?","$","M","R","BOSS","R","$","E","BOSS"],"items_purchased_type":["Relic","Card","Relic","Card","Card","Card","Card","Card","Relic","Card","Relic","Relic","Relic","Potion","Card"],"build_version":"2020-12-22","purchased_purges":4,"victory":true,"max_hp_per_floor":[70,70,70,70,70,70,70,70,70,70,70,77,77,77,77,77,77,77,77,77,77,77,77,77,77,77,77,77,77,77,77,77,77,77,77,77,77,77,77,77,77,77,77,77,77,77,77,77,77,77,77,77,77,77,77],"relic_stats":{"Lee\u0027s Waffle":33,"Torii":56,"Gremlin Horn":[3,3],"Happy Flower":[3],"counters":[32,164],"Snake Skull":[17],"Whetstone":["Bane","Strike_G"],"Cursed Key":3,"Question Card":29,"Blood Vial":43,"OrangePellets":[5],"Centennial Puzzle":[15],"Busted Crown":26,"Bronze Scales":[538],"Snecko Eye":[236,247,232,259],"Prayer Wheel":3,"obtain_stats":[{"Lee\u0027s Waffle":12,"Torii":27,"Gremlin Horn":44,"Happy Flower":54,"Oddly Smooth Stone":40,"Snake Skull":53,"Incense Burner":7,"Omamori":11,"Whetstone":23,"Cursed Key":0,"Question Card":9,"Ancient Tea Set":47,"PrismaticShard":47,"Blood Vial":14,"OrangePellets":53,"Anchor":12,"Centennial Puzzle":43,"Busted Crown":34,"Bronze Scales":8,"Snecko Eye":17,"Prayer Wheel":39,"Ring of the Snake":0},{"Lee\u0027s Waffle":6,"Torii":16,"Gremlin Horn":27,"Happy Flower":31,"Oddly Smooth Stone":25,"Snake Skull":30,"Incense Burner":5,"Omamori":6,"Whetstone":14,"Cursed Key":0,"Question Card":5,"Ancient Tea Set":28,"PrismaticShard":28,"Blood Vial":8,"OrangePellets":30,"Anchor":6,"Centennial Puzzle":26,"Busted Crown":20,"Bronze Scales":5,"Snecko Eye":9,"Prayer Wheel":24,"Ring of the Snake":0},{"Lee\u0027s Waffle":22,"Torii":68,"Gremlin Horn":129,"Happy Flower":155,"Oddly Smooth Stone":114,"Snake Skull":150,"Incense Burner":16,"Omamori":22,"Whetstone":57,"Cursed Key":0,"Question Card":16,"Ancient Tea Set":135,"PrismaticShard":135,"Blood Vial":29,"OrangePellets":150,"Anchor":22,"Centennial Puzzle":120,"Busted Crown":86,"Bronze Scales":16,"Snecko Eye":36,"Prayer Wheel":107,"Ring of the Snake":0}]},"card_choices":[{"not_picked":["Underhanded Strike","Predator"],"picked":"Deadly Poison","floor":1.0},{"not_picked":["PiercingWail","Flechettes"],"picked":"Dash","floor":2.0},{"not_picked":["Dodge and Roll","Prepared"],"picked":"Bane","floor":3.0},{"not_picked":["Predator","Eviscerate"],"picked":"Crippling Poison","floor":4.0},{"not_picked":["Outmaneuver","Reflex"],"picked":"Blade Dance","floor":7.0},{"not_picked":["All Out Attack","Unload","Quick Slash"],"picked":"Poisoned Stab","floor":11.0},{"not_picked":["Dagger Spray","Deflect","Slice"],"picked":"Backflip","floor":13.0},{"not_picked":["Underhanded Strike","Slice","Dagger Throw"],"picked":"Leg Sweep","floor":14.0},{"not_picked":["Envenom","Glass Knife","Phantasmal Killer"],"picked":"Night Terror","floor":16.0},{"not_picked":["Blur","Dodge and Roll","Deflect"],"picked":"Calculated Gamble","floor":18.0},{"not_picked":["Prepared","Flying Knee","Concentrate"],"picked":"Choke+1","floor":20.0},{"not_picked":["All Out Attack","Sucker Punch+1","Bane"],"picked":"PiercingWail","floor":21.0},{"not_picked":["Reflex","Acrobatics","Heel Hook"],"picked":"Calculated Gamble+1","floor":22.0},{"not_picked":["Dagger Throw","Underhanded Strike","Deadly Poison"],"picked":"Terror+1","floor":23.0},{"not_picked":["Finisher","Flying Knee+1","Outmaneuver"],"picked":"Night Terror","floor":25.0},{"not_picked":["Underhanded Strike+1","Deadly Poison","Acrobatics"],"picked":"Tactician+1","floor":27.0},{"not_picked":["Quick Slash","Backflip","Escape Plan+1"],"picked":"After Image","floor":28.0},{"not_picked":["Sucker Punch","Poisoned Stab","Backstab","Setup"],"picked":"SKIP","floor":30.0},{"not_picked":["Skewer","Choke+1","Concentrate"],"picked":"Acrobatics+1","floor":31.0},{"not_picked":["Die Die Die","Glass Knife","Malaise"],"picked":"Venomology","floor":33.0},{"not_picked":["Slice+1"],"picked":"Deadly Poison+1","floor":35.0},{"not_picked":["Poisoned Stab","Dash"],"picked":"SKIP","floor":36.0},{"not_picked":["Slice"],"picked":"Blur","floor":37.0},{"not_picked":["Deadly Poison+1"],"picked":"Noxious Fumes+1","floor":39.0},{"not_picked":["Tactician","Deflect+1"],"picked":"SKIP","floor":40},{"not_picked":["Tactician","Deflect+1"],"picked":"SKIP","floor":40},{"not_picked":["Quick Slash"],"picked":"Prepared+1","floor":42},{"not_picked":["Predator+1","Underhanded Strike+1"],"picked":"SKIP","floor":42},{"not_picked":["Masterful Stab+1"],"picked":"Well Laid Plans","floor":44},{"not_picked":["Outmaneuver+1"],"picked":"Dodge and Roll+1","floor":45},{"not_picked":["Bane+1"],"picked":"Outmaneuver+1","floor":45},{"not_picked":["Shrug It Off"],"picked":"Body Slam+1","floor":48},{"not_picked":["Buffer"],"picked":"Stack","floor":48},{"not_picked":["Barrage+1","Hemokinesis"],"picked":"SKIP","floor":54}],"player_experience":264810,"relics_obtained":[{"floor":7.0,"key":"Incense Burner"},{"floor":9.0,"key":"Question Card"},{"floor":11.0,"key":"Omamori"},{"floor":14.0,"key":"Blood Vial"},{"floor":23.0,"key":"Whetstone"},{"floor":27.0,"key":"Torii"},{"floor":39.0,"key":"Prayer Wheel"},{"floor":40,"key":"Oddly Smooth Stone"},{"floor":43,"key":"Centennial Puzzle"},{"floor":44,"key":"Gremlin Horn"},{"floor":54,"key":"Happy Flower"}],"event_choices":[{"damage_healed":0.0,"max_hp_gain":0.0,"max_hp_loss":0.0,"gold_gain":175.0,"event_name":"Liars Game","player_choice":"AGREE","floor":5.0,"gold_loss":0.0,"damage_taken":0.0,"cards_obtained":["Doubt"]},{"damage_healed":0.0,"max_hp_gain":0.0,"max_hp_loss":0.0,"gold_gain":0.0,"event_name":"Scrap Ooze","player_choice":"Success","floor":8.0,"gold_loss":0.0,"damage_taken":18.0,"relics_obtained":["Bronze Scales"]},{"cards_removed":["Doubt"],"damage_healed":0.0,"max_hp_gain":0.0,"max_hp_loss":0.0,"gold_gain":0.0,"event_name":"Back to Basics","player_choice":"Elegance","floor":19.0,"gold_loss":0.0,"damage_taken":0.0},{"damage_healed":0.0,"max_hp_gain":0.0,"max_hp_loss":0.0,"gold_gain":999.0,"event_name":"MindBloom","player_choice":"Gold","floor":38.0,"gold_loss":0.0,"damage_taken":0.0,"cards_obtained":["Normality","Normality"]},{"damage_healed":0.0,"max_hp_gain":0.0,"max_hp_loss":0.0,"gold_gain":0.0,"event_name":"Mysterious Sphere","player_choice":"Fight","floor":39.0,"gold_loss":0.0,"damage_taken":0.0},{"damage_healed":19,"gold_gain":0,"player_choice":"Writhe","damage_taken":0,"max_hp_gain":0,"max_hp_loss":0,"event_name":"Winding Halls","floor":46,"gold_loss":0,"cards_obtained":["Writhe"]}],"is_beta":false,"boss_relics":[{"not_picked":["Ectoplasm","Empty Cage"],"picked":"Snecko Eye"},{"not_picked":["WristBlade","Astrolabe"],"picked":"Busted Crown"}],"items_purged_floors":[12,24,47,53],"is_endless":false,"potions_floor_spawned":[2,3,7,13,18,21,23,28,31,33,36,40,42,44,54],"ascension_level":8}}