{"host":"dmdprxj8bosbz96f","time":1609918683,"event":{"mods":["AchievementEnabler","BaseMod","Colored Map","DeckTracker","Minty Spire (QoL Compilation)","Quick Restart","SuperFastMode","everything is the same but u backflip on backflip"],"gold_per_floor":[109,109,59,59,77,77,113,113,113,113,126,146,221,221,221,347,347,370,370,370,384,405,405,31,69,69,92,92,92,105,123,123,244,244,262,53,53,72,86,86,86],"floor_reached":40,"playtime":1957,"items_purged":["Defend_G","Strike_G"],"score":539,"play_id":"53d262c4-c708-48da-97de-9cf95acc4f06","local_time":"20210106163803","is_ascension_mode":true,"campfire_choices":[{"data":"Tactician","floor":6,"key":"SMITH"},{"data":"PiercingWail","floor":8,"key":"SMITH"},{"data":"Deadly Poison","floor":10,"key":"SMITH"},{"data":"Dagger Throw","floor":15,"key":"SMITH"},{"floor":23,"key":"REST"},{"data":"PiercingWail","floor":28,"key":"SMITH"},{"floor":32,"key":"REST"}],"circlet_count":0,"master_deck":["Strike_G","Strike_G","Defend_G","Defend_G","Survivor","Neutralize","Expertise","Deadly Poison+1","Tactician+1","PiercingWail+1","Dagger Throw+1","Prepared","After Image","Deflect","Dodge and Roll+1","Calculated Gamble","PiercingWail+1","Backflip+1","A Thousand Cuts","Reflex","Neutralize","Eviscerate","Eviscerate","Venomology","Deadly Poison+1","Deflect","Footwork","Dagger Throw"],"relics":["Ring of the Snake","NeowsBlessing","Golden Idol","Kunai","Meat on the Bone","Philosopher\u0027s Stone","Mercury Hourglass","Oddly Smooth Stone","Akabeko","WristBlade"],"acts_visited":["Exordium","TheCity","TheBeyond"],"potions_floor_usage":[12,21,21,21,33,35,38,39,40],"damage_taken":[{"damage":0,"enemies":"Jaw Worm","floor":1,"turns":1},{"damage":0,"enemies":"Cultist","floor":5,"turns":1},{"damage":0,"enemies":"3 Sentries","floor":7,"turns":1},{"damage":0,"enemies":"2 Louse","floor":11,"turns":3},{"damage":1,"enemies":"Large Slime","floor":12,"turns":6},{"damage":24,"enemies":"The Guardian","floor":16,"turns":9},{"damage":1,"enemies":"Shell Parasite","floor":18,"turns":7},{"damage":17,"enemies":"2 Thieves","floor":21,"turns":4},{"damage":18,"enemies":"Sentry and Sphere","floor":22,"turns":10},{"damage":39,"enemies":"Slavers","floor":25,"turns":8},{"damage":2,"enemies":"Centurion and Healer","floor":27,"turns":8},{"damage":0,"enemies":"Snake Plant","floor":30,"turns":4},{"damage":8,"enemies":"Sentry and Sphere","floor":31,"turns":6},{"damage":68,"enemies":"Collector","floor":33,"turns":10},{"damage":19,"enemies":"3 Darklings","floor":35,"turns":7},{"damage":10,"enemies":"3 Shapes","floor":38,"turns":4},{"damage":21,"enemies":"Transient","floor":39,"turns":5},{"damage":36,"enemies":"Nemesis","floor":40,"turns":5}],"seed_played":"-250905842187418834","potions_obtained":[{"floor":1,"key":"BlessingOfTheForge"},{"floor":7,"key":"ColorlessPotion"},{"floor":12,"key":"FairyPotion"},{"floor":16,"key":"ColorlessPotion"},{"floor":18,"key":"DuplicationPotion"},{"floor":21,"key":"Fruit Juice"},{"floor":30,"key":"CunningPotion"},{"floor":39,"key":"Energy Potion"}],"is_trial":false,"path_per_floor":["M","?","$","?","M","R","E","R","T","R","M","M","?","?","R","B",null,"M","?","?","M","M","R","$","E","T","M","R","?","M","M","R","B",null,"M","$","?","M","M","E"],"character_chosen":"THE_SILENT","items_purchased":["Deadly Poison","Calculated Gamble","Mercury Hourglass","Deflect","Footwork"],"campfire_rested":2,"item_purchase_floors":[3,24,24,36,36],"current_hp_per_floor":[70,65,65,65,65,65,65,65,65,65,65,64,53,46,46,34,57,56,56,56,44,38,59,59,32,32,42,42,42,42,46,67,33,61,42,42,42,44,35,0,0],"gold":86,"neow_bonus":"THREE_ENEMY_KILL","is_daily":false,"chose_seed":false,"campfire_upgraded":5,"win_rate":0.0,"timestamp":1609918683,"path_taken":["M","?","$","?","M","R","E","R","T","R","?","M","?","?","R","BOSS","M","?","?","M","M","R","$","E","T","M","R","?","M","?","R","BOSS","M","$","?","?","M","E"],"items_purchased_type":["Card","Card","Relic","Card","Card"],"build_version":"2020-12-22","purchased_purges":2,"victory":false,"max_hp_per_floor":[70,65,65,65,65,65,65,65,65,65,65,65,65,65,65,65,65,65,65,65,70,70,70,70,70,70,70,70,70,70,70,70,70,70,70,70,70,70,70,70,70],"card_choices":[{"not_picked":["Quick Slash","Flying Knee"],"picked":"Expertise","floor":1},{"not_picked":["Well Laid Plans","Accuracy","Tactician"],"picked":"SKIP","floor":5},{"not_picked":["Well Laid Plans","Accuracy"],"picked":"Tactician","floor":5},{"not_picked":["Envenom","Well Laid Plans"],"picked":"PiercingWail","floor":7},{"not_picked":["Dash","Distraction"],"picked":"Dagger Throw","floor":11},{"not_picked":["Outmaneuver","Masterful Stab"],"picked":"Prepared","floor":12},{"not_picked":["Storm of Steel","Glass Knife"],"picked":"After Image","floor":16},{"not_picked":["Endless Agony+1","Poisoned Stab"],"picked":"Deflect","floor":18},{"not_picked":["Poisoned Stab","Terror"],"picked":"Dodge and Roll+1","floor":21},{"not_picked":["Leg Sweep","Bane","Dagger Spray"],"picked":"SKIP","floor":22},{"not_picked":["Dagger Throw","All Out Attack+1"],"picked":"PiercingWail","floor":25},{"not_picked":["Riddle With Holes","Envenom"],"picked":"Backflip+1","floor":27},{"not_picked":["Caltrops+1","Expertise"],"picked":"Eviscerate","floor":30},{"not_picked":["Finisher+1","Poisoned Stab+1"],"picked":"Eviscerate","floor":31},{"not_picked":["Bullet Time","Unload"],"picked":"Venomology","floor":33},{"not_picked":["Dodge and Roll+1","Quick Slash+1"],"picked":"Deadly Poison+1","floor":35},{"not_picked":["Slice","Terror","Flying Knee"],"picked":"SKIP","floor":38},{"not_picked":["Infinite Blades+1","PiercingWail"],"picked":"Dagger Throw","floor":39}],"player_experience":166868,"relics_obtained":[{"floor":7,"key":"Kunai"},{"floor":9,"key":"Meat on the Bone"},{"floor":25,"key":"Oddly Smooth Stone"},{"floor":26,"key":"Akabeko"}],"event_choices":[{"damage_healed":0,"gold_gain":0,"player_choice":"Lose Max HP","damage_taken":0,"relics_obtained":["Golden Idol"],"max_hp_gain":0,"max_hp_loss":5,"event_name":"Golden Idol","floor":2,"gold_loss":0},{"cards_removed":["Strike_G"],"damage_healed":0,"gold_gain":0,"player_choice":"Purged","damage_taken":0,"max_hp_gain":0,"max_hp_loss":0,"event_name":"Purifier","floor":4,"gold_loss":0},{"damage_healed":0,"gold_gain":75,"player_choice":"Gather Gold","damage_taken":11,"max_hp_gain":0,"max_hp_loss":0,"event_name":"World of Goop","floor":13,"gold_loss":0},{"cards_removed":["Defend_G"],"damage_healed":0,"gold_gain":0,"player_choice":"Card Removal","damage_taken":7,"max_hp_gain":0,"max_hp_loss":0,"event_name":"Golden Wing","floor":14,"gold_loss":0},{"damage_healed":0,"gold_gain":0,"player_choice":"Ignored","damage_taken":0,"max_hp_gain":0,"max_hp_loss":0,"event_name":"Ghosts","floor":19,"gold_loss":0},{"cards_removed":["Defend_G"],"damage_healed":0,"gold_gain":0,"player_choice":"Elegance","damage_taken":0,"max_hp_gain":0,"max_hp_loss":0,"event_name":"Back to Basics","floor":20,"gold_loss":0},{"damage_healed":0,"gold_gain":0,"player_choice":"3 cards matched","damage_taken":0,"max_hp_gain":0,"max_hp_loss":0,"event_name":"Match and Keep!","floor":29,"gold_loss":0,"cards_obtained":["A Thousand Cuts","Reflex","Neutralize"]},{"cards_removed":["Strike_G"],"damage_healed":0,"gold_gain":0,"player_choice":"Offered Basic","damage_taken":0,"max_hp_gain":0,"max_hp_loss":0,"event_name":"Bonfire Elementals","floor":37,"gold_loss":0}],"is_beta":false,"boss_relics":[{"not_picked":["Velvet Choker","Ectoplasm"],"picked":"Philosopher\u0027s Stone"},{"not_picked":["Coffee Dripper","Fusion Hammer"],"picked":"WristBlade"}],"items_purged_floors":[24,36],"is_endless":false,"potions_floor_spawned":[1,7,12,16,18,21,30,39],"killed_by":"Nemesis","ascension_level":5}}