{"host":"5x08nt64u3vxxcfi","time":1609903640,"event":{"mods":["BaseMod","Minty Spire (QoL Compilation)","StSLib","SuperFastMode"],"gold_per_floor":[110,110,121,121,46,63,82,107,107,125,74,24,41,41,41,137,137,149,74,84,84,94,94,94,94],"floor_reached":24,"playtime":471,"items_purged":["Strike_B"],"score":228,"play_id":"87d4a6c7-9d1f-4a87-9a40-4bd4e620e9ed","local_time":"20210106122720","is_ascension_mode":true,"campfire_choices":[{"data":"Metamorphosis","floor":15,"key":"SMITH"},{"data":"Aggregate","floor":23,"key":"SMITH"}],"circlet_count":0,"master_deck":["Strike_B","Strike_B","Defend_B","Defend_B","Defend_B","Defend_B","Zap","Dualcast","Metamorphosis+1","Go for the Eyes","FTL","BootSequence","Coolheaded","Turbo","Coolheaded","Aggregate+1","Conserve Battery","Stack","Reboot","Fusion+1","Genetic Algorithm+1","Leap+1"],"relics":["Cracked Core","Oddly Smooth Stone","Potion Belt","Cables","Black Star"],"acts_visited":["Exordium","TheCity"],"potions_floor_usage":[16,24,24],"damage_taken":[{"damage":8.0,"enemies":"Jaw Worm","floor":1.0,"turns":4.0},{"damage":10.0,"enemies":"Small Slimes","floor":3.0,"turns":3.0},{"damage":0.0,"enemies":"2 Louse","floor":6.0,"turns":2.0},{"damage":6.0,"enemies":"Looter","floor":7.0,"turns":3.0},{"damage":13,"enemies":"Lagavulin","floor":8,"turns":6},{"damage":12,"enemies":"Exordium Thugs","floor":10,"turns":4},{"damage":0,"enemies":"2 Fungi Beasts","floor":13,"turns":5},{"damage":9,"enemies":"Slime Boss","floor":16,"turns":4},{"damage":8,"enemies":"3 Byrds","floor":18,"turns":5},{"damage":14,"enemies":"2 Thieves","floor":20,"turns":4},{"damage":30,"enemies":"Chosen and Byrds","floor":22,"turns":6},{"damage":30,"enemies":"Book of Stabbing","floor":24,"turns":7}],"seed_played":"3426759496284143033","potions_obtained":[{"floor":3.0,"key":"EssenceOfSteel"},{"floor":7.0,"key":"Block Potion"},{"floor":8,"key":"FearPotion"},{"floor":16,"key":"Weak Potion"}],"is_trial":false,"path_per_floor":["M","?","M","?","$","M","M","E","T","M","$","?","M","T","R","B",null,"M","$","M","?","M","R","E"],"character_chosen":"DEFECT","items_purchased":["BootSequence","Conserve Battery"],"campfire_rested":0,"item_purchase_floors":[5,11],"current_hp_per_floor":[67,72,62,55,55,55,49,36,36,24,24,24,24,24,24,15,80,72,72,58,58,28,28,0,0],"gold":94,"neow_bonus":"RANDOM_COLORLESS_2","is_daily":false,"chose_seed":false,"campfire_upgraded":2,"win_rate":0.0,"timestamp":1609903640,"path_taken":["M","?","M","?","$","M","M","E","T","M","$","?","M","?","R","BOSS","M","$","M","?","M","R","E"],"items_purchased_type":["Card","Card"],"build_version":"2020-12-22","purchased_purges":1,"victory":false,"max_hp_per_floor":[75,80,80,80,80,80,80,80,80,80,80,80,80,80,80,80,80,80,80,80,80,80,80,80,80],"card_choices":[{"not_picked":["Magnetism","Transmutation"],"picked":"Metamorphosis","floor":0.0},{"not_picked":["Steam","Turbo"],"picked":"Go for the Eyes","floor":1.0},{"not_picked":["Steam Power","Turbo"],"picked":"FTL","floor":3.0},{"not_picked":["Barrage","Compile Driver"],"picked":"Coolheaded","floor":6.0},{"not_picked":["Barrage","Compile Driver"],"picked":"Turbo","floor":7.0},{"not_picked":["Tempest","Loop"],"picked":"Coolheaded","floor":8},{"not_picked":["Double Energy","Steam Power"],"picked":"Aggregate","floor":10},{"not_picked":["Compile Driver","Ball Lightning"],"picked":"Stack","floor":13},{"not_picked":["Core Surge","Amplify"],"picked":"Reboot","floor":16},{"not_picked":["Doom and Gloom","Turbo+1"],"picked":"Fusion+1","floor":18},{"not_picked":["Redo","Coolheaded"],"picked":"Genetic Algorithm+1","floor":20},{"not_picked":["Compile Driver","Coolheaded"],"picked":"Leap+1","floor":22}],"player_experience":48658,"relics_obtained":[{"floor":8,"key":"Oddly Smooth Stone"},{"floor":9,"key":"Potion Belt"},{"floor":14,"key":"Cables"}],"event_choices":[{"damage_healed":0.0,"max_hp_gain":5.0,"max_hp_loss":0.0,"gold_gain":0.0,"event_name":"Big Fish","player_choice":"Donut","floor":2.0,"gold_loss":0.0,"damage_taken":0.0},{"cards_removed":["Normality"],"damage_healed":0.0,"max_hp_gain":0.0,"max_hp_loss":0.0,"gold_gain":0.0,"event_name":"Golden Wing","player_choice":"Card Removal","floor":4.0,"gold_loss":0.0,"damage_taken":7.0},{"cards_removed":["Strike_B"],"damage_healed":0,"gold_gain":0,"player_choice":"Card Removal","damage_taken":0,"max_hp_gain":0,"max_hp_loss":0,"event_name":"The Cleric","floor":12,"gold_loss":50},{"damage_healed":0,"gold_gain":0,"player_choice":"Ignored","damage_taken":0,"max_hp_gain":0,"max_hp_loss":0,"event_name":"Vampires","floor":21,"gold_loss":0}],"is_beta":false,"boss_relics":[{"not_picked":["Tiny House","Pandora\u0027s Box"],"picked":"Black Star"}],"items_purged_floors":[19],"is_endless":false,"potions_floor_spawned":[3,7,8,16],"killed_by":"Book of Stabbing","ascension_level":3}}