{"host":"29j3cox6g46mptzd","time":1609899091,"event":{"mods":["2.2 Compatiblity","AchievementEnabler","Act Like it!","Ascension Reborn","Aspiration","BaseMod","Beaked The Cultist","Better Third Choice","BetterRewards","Colored Map","Colored Powertips","Conspire","Custom Start","Downfall","Duelist Mod","Energized Spire","Friendly Minions","Gensokyo","GifTheSpireLib","GungeonMod","Halation","Hallownest","Highlight Path","Hubris","Hunter ??","Infinite Spire","Jedi Mod","Jorbs\u0027s Wanderer Trilogy","Lobotomy","Marisa????????","Mimic Mod","Minty Spire (QoL Compilation)","Permanent Neow","Quick Restart","Remilia??????","Replay The Spire","Shop Mod","StSLib","Stuff the Spire","SuperFastMode","Td1madao Mod","The Administrix","The Animator","The Blackbeard","The Bug Knight","The Construct","The Cursed","The Factory","The Hierophant","The Judge","The Jungle","The Necromancer","The Sage","The Saiyan","The Servant 0.9.4","The Wild Card","Treasure Hunter","Unknown Chances","[IsaacMod]????","thorton","vexMod","???Mod??????Boss","???mod?????"],"gold_per_floor":[203,203,238,254,254,254,281,281,305,305,318,318,337,349,349,450,450,462,462,474,507,518,518,537,537,537,550,562,573,573,573,573],"floor_reached":31,"playtime":4005,"items_purged":[],"score":239,"play_id":"1793a9bc-91e4-4f06-8442-528bf31ce878","local_time":"20210105201131","is_ascension_mode":true,"campfire_choices":[{"data":"theWildCard:PaleRider","floor":6.0,"key":"SMITH"},{"floor":8.0,"key":"RECALL"},{"data":"BrokenRibs_Black","floor":10.0,"key":"SMITH"},{"data":"Track_Black","floor":15.0,"key":"SMITH"},{"floor":23.0,"key":"REST"},{"floor":25.0,"key":"REST"},{"data":"TH:ElvenBoots","floor":30.0,"key":"SMITH"}],"circlet_count":0,"master_deck":["Strike_Black","Strike_Black","Strike_Black","Strike_Black","Defend_Black","Defend_Black","Defend_Black","Defend_Black","Observe_Black","UniverseFragment","SwordDance_Black","Regret","DefensiveStance_Black","Wellcheers","Track_Black+1","theWildCard:PaleRider+1","ShyLook","BrokenRibs_Black+1","Spitting_Black","Kiriko_Black","HeartyMeal_Black","OldLady","Beater_Black","Ghost_Black+1","Advantage_Black","SunBlade_Black","DoubleAttack_Black","TH:ElvenBoots+1","SwordDance_Black","ThespeedofsoundToattack_Black+1"],"relics":["TheHeartOfYui","Aincard","HushsDoor","YumHeart","CogitoBucket","Centennial Puzzle","Ancient Tea Set","hubris:SphereOfDissonance","AdjustmentMirror","construct:ClawGrip","BookofShadows","BackwardClock","Kunai","DemoMod:GlassGuonStoneRelic"],"acts_visited":[],"potions_floor_usage":[],"damage_taken":[{"damage":0.0,"enemies":"Cultist","floor":1.0,"turns":5.0},{"damage":6.0,"enemies":"conspire:MimicChest","floor":3.0,"turns":7.0},{"damage":0.0,"enemies":"Jaw Worm","floor":4.0,"turns":5.0},{"damage":11.0,"enemies":"Gremlin Nob","floor":7.0,"turns":7.0},{"damage":1.0,"enemies":"2 Louse","floor":11.0,"turns":3.0},{"damage":13.0,"enemies":"2 Fungi Beasts","floor":13.0,"turns":15.0},{"damage":2.0,"enemies":"Large Slime","floor":14.0,"turns":6.0},{"damage":31.0,"enemies":"Fading Forest","floor":16.0,"turns":11.0},{"damage":9.0,"enemies":"Spheric Guardian","floor":18.0,"turns":6.0},{"damage":22.0,"enemies":"Chosen","floor":20.0,"turns":6.0},{"damage":5.0,"enemies":"Snecko","floor":21.0,"turns":10.0},{"damage":53.0,"enemies":"Snecko","floor":22.0,"turns":17.0},{"damage":1.0,"enemies":"Snake Plant","floor":24.0,"turns":5.0},{"damage":30.0,"enemies":"3 Cultists","floor":27.0,"turns":6.0},{"damage":0.0,"enemies":"Snecko","floor":28.0,"turns":5.0},{"damage":11.0,"enemies":"Chosen and Byrds","floor":29.0,"turns":7.0},{"damage":0,"enemies":"Book of Stabbing","floor":31,"turns":1}],"seed_played":"9036969564503208862","potions_obtained":[{"floor":1.0,"key":"EssenceOfSteel"},{"floor":4.0,"key":"DemoMod:LeadSkinPotion"},{"floor":13.0,"key":"Explosive Potion"},{"floor":14.0,"key":"DistilledChaos"},{"floor":22.0,"key":"DemoMod:LeadSkinPotion"},{"floor":24.0,"key":"Elixir"}],"is_trial":false,"path_per_floor":["M","?","?","M","?","R","E","R","T","R","M","$","M","M","R","B",null,"M","?","M","MIM","M","R","M","R","T","M","M","M","R","E"],"character_chosen":"THE_KIRITO","items_purchased":[],"campfire_rested":2,"item_purchase_floors":[],"current_hp_per_floor":[80,80,74,74,74,74,63,63,63,63,65,65,77,77,77,59,80,71,71,49,44,21,45,47,71,71,49,52,69,69,69,69],"gold":573,"neow_bonus":"","is_daily":false,"chose_seed":false,"campfire_upgraded":4,"win_rate":0.0,"timestamp":1609899091,"path_taken":["M","?","?","M","?","R","E","R","T","R","M","$","M","?","R","BOSS","M","?","M","?","M","R","?","R","T","M","M","?","R","E"],"items_purchased_type":[],"build_version":"2020-12-22","purchased_purges":0,"victory":false,"max_hp_per_floor":[80,80,80,80,80,80,80,80,80,80,80,80,80,80,80,80,80,80,80,80,80,80,80,80,80,80,80,80,80,80,80,80],"card_choices":[{"not_picked":[],"picked":"Bomb","floor":0.0},{"not_picked":["CherryBlossoms","OldLady"],"picked":"UniverseFragment","floor":1.0},{"not_picked":["Bomb","DexterityTransform_Black"],"picked":"SwordDance_Black","floor":1.0},{"not_picked":["Exercise2_Black","Guard_Black"],"picked":"DefensiveStance_Black","floor":3.0},{"not_picked":["QueenBee","SpiderBud"],"picked":"Wellcheers","floor":4.0},{"not_picked":["Bomb","WeakHit_Black"],"picked":"Track_Black","floor":4.0},{"not_picked":["Murderer","Alriune"],"picked":"ShyLook","floor":7.0},{"not_picked":["Spitting_Black","Injury_Black"],"picked":"BrokenRibs_Black","floor":7.0},{"not_picked":["TH:ElvenBoots","TH:Mimic"],"picked":"SKIP","floor":7.0},{"not_picked":["TH:CopperCoins","TH:TreasureMap"],"picked":"SKIP","floor":9.0},{"not_picked":["SwordDance_Black","Bomb"],"picked":"Spitting_Black","floor":11.0},{"not_picked":["GunFight_Black","SunBlade_Black"],"picked":"Kiriko_Black","floor":13.0},{"not_picked":["GunFight_Black","HeroicBearing_Black"],"picked":"HeartyMeal_Black","floor":14.0},{"not_picked":["Scorched","BlueStar"],"picked":"OldLady","floor":16.0},{"not_picked":["ThrowKnife_Black","SpeedBlade1_Black"],"picked":"Beater_Black","floor":16.0},{"not_picked":["Defender_Black","Smile_Black"],"picked":"Ghost_Black+1","floor":18.0},{"not_picked":["StrengthTransform_Black","Guard_Black"],"picked":"Advantage_Black","floor":20.0},{"not_picked":["Stab_Black","FlashPuncture_Black"],"picked":"SunBlade_Black","floor":21.0},{"not_picked":["FlashPuncture_Black","Guard_Black","SelfCongested_Black"],"picked":"SKIP","floor":22.0},{"not_picked":["Exercise1_Black","HighSpeedReaction_Black+1"],"picked":"DoubleAttack_Black","floor":24.0},{"not_picked":["TH:CursedSword"],"picked":"TH:ElvenBoots","floor":26.0},{"not_picked":["Thrust_Black+1","HeroicBearing_Black+1","GunFight_Black"],"picked":"SKIP","floor":27.0},{"not_picked":["Kiriko_Black","StarBurstStream_Black+1"],"picked":"SwordDance_Black","floor":28.0},{"not_picked":["WeakHit_Black","Flash_Black"],"picked":"ThespeedofsoundToattack_Black+1","floor":29.0}],"player_experience":265706,"relics_obtained":[{"floor":3.0,"key":"Ancient Tea Set"},{"floor":7.0,"key":"hubris:SphereOfDissonance"},{"floor":21.0,"key":"BookofShadows"},{"floor":26.0,"key":"Kunai"}],"event_choices":[{"damage_healed":0.0,"max_hp_gain":0.0,"max_hp_loss":0.0,"gold_gain":0.0,"event_name":"Big Fish","player_choice":"Box","floor":2.0,"gold_loss":0.0,"damage_taken":0.0,"relics_obtained":["Centennial Puzzle"],"cards_obtained":["Regret"]}],"is_beta":false,"boss_relics":[{"not_picked":["hubris:ScarierMask","Ring of Chaos"],"picked":"construct:ClawGrip"},{"not_picked":[]}],"items_purged_floors":[],"is_endless":false,"potions_floor_spawned":[1,4,13,14,22,24],"killed_by":"Book of Stabbing","ascension_level":0}}