{"host":"s794kqxf2n1qz2yr","time":1609897905,"event":{"mods":["100% Spire Juice","2.2 Compatiblity","AchievementEnabler","Aspiration","BaseMod","Downfall","Friendly Minions","Hermit","Minty Spire (QoL Compilation)","Permanent Neow","StSLib","The Disciple","The Edgeheg","The Marked"],"gold_per_floor":[118,129,129,129,129,129,164,164,164,164,124,145,158,194,194,317,317,332,353,353,383,4,4,4,35,62,97,140,179,220,220,220,340,340,371,391,422,755,773,773,803,815,863,875,908,920,941,982,994,1013],"floor_reached":51,"playtime":3184,"items_purged":["Pain"],"score":882,"play_id":"17434912-3711-4e33-b4da-cfeda0e6403e","local_time":"20210106015145","is_ascension_mode":true,"campfire_choices":[{"data":"hermit:Snapshot","floor":6,"key":"SMITH"},{"data":"hermit:GoldenBullet","floor":8,"key":"SMITH"},{"floor":10,"key":"REST"},{"data":"hermit:Scavenge","floor":15,"key":"SMITH"},{"data":"hermit:GoldenBullet","floor":23,"key":"SMITH"},{"data":"hermit:Gestalt","floor":32,"key":"SMITH"},{"floor":40,"key":"DIG"},{"floor":42,"key":"DIG"},{"floor":44,"key":"DIG"},{"floor":46,"key":"DIG"},{"floor":49,"key":"DIG"}],"circlet_count":0,"master_deck":["hermit:Strike_Hermit","hermit:Strike_Hermit","hermit:Strike_Hermit","hermit:Strike_Hermit","hermit:Defend_Hermit","hermit:Defend_Hermit","hermit:Defend_Hermit","hermit:Defend_Hermit","hermit:Snapshot+1","hermit:Covet","hermit:GoldenBullet+1","hermit:Vantage","hermit:Scavenge+1","hermit:DeadOrAlive+1","hermit:Deadeye+1","hermit:GoldenBullet+1","hermit:GoldenBullet+1","hermit:Deadeye+1","hermit:Gambit","hermit:Gestalt+1","hermit:Gambit","hermit:Deadeye","hermit:OverwhelmingPower","CurseOfTheBell","Shame","sneckomod:Bewildered"],"relics":["Cursed Key","Strawberry","TungstenRod","Darkstone Periapt","InkBottle","hermit:BartenderGlass","DollysMirror","Bag of Preparation","Torii","Centennial Puzzle","Vajra","aspiration:Stabinomicon","Calling Bell","Anchor","White Beast Statue","Shovel","Mummified Hand","MawBank","CeramicFish","Juzu Bracelet","Toy Ornithopter","aspiration:FrozenJewel","Blue Candle","hermit:RyeStalk"],"acts_visited":["Exordium","TheCity","TheBeyond"],"potions_floor_usage":[14,16,18,18,19,19,21,21,21,25,28,30,30,30,33,33,33,48,48,50,50,50],"damage_taken":[{"damage":0,"enemies":"Cultist","floor":1,"turns":3},{"damage":0,"enemies":"2 Louse","floor":2,"turns":2},{"damage":21,"enemies":"Lagavulin","floor":7,"turns":6},{"damage":4,"enemies":"Small Slimes","floor":12,"turns":3},{"damage":4,"enemies":"Looter","floor":13,"turns":4},{"damage":2,"enemies":"Gremlin Nob","floor":14,"turns":4},{"damage":1,"enemies":"Slime Boss","floor":16,"turns":12},{"damage":0,"enemies":"2 Thieves","floor":18,"turns":4},{"damage":0,"enemies":"3 Byrds","floor":19,"turns":5},{"damage":2,"enemies":"Sentry and Sphere","floor":21,"turns":4},{"damage":5,"enemies":"Book of Stabbing","floor":25,"turns":4},{"damage":0,"enemies":"Snecko","floor":27,"turns":2},{"damage":12,"enemies":"Slavers","floor":28,"turns":5},{"damage":0,"enemies":"3 Cultists","floor":29,"turns":4},{"damage":0,"enemies":"Book of Stabbing","floor":30,"turns":3},{"damage":24,"enemies":"Collector","floor":33,"turns":8},{"damage":2,"enemies":"3 Darklings","floor":35,"turns":4},{"damage":0,"enemies":"Orb Walker","floor":36,"turns":2},{"damage":10,"enemies":"Sphere and 2 Shapes","floor":37,"turns":4},{"damage":8,"enemies":"Writhing Mass","floor":39,"turns":3},{"damage":2,"enemies":"Giant Head","floor":41,"turns":5},{"damage":4,"enemies":"3 Darklings","floor":45,"turns":3},{"damage":1,"enemies":"Spire Growth","floor":48,"turns":2},{"damage":59,"enemies":"Awakened One","floor":50,"turns":14}],"seed_played":"-8087172704845640507","potions_obtained":[{"floor":11,"key":"hermit:Tonic"},{"floor":11,"key":"CultistPotion"},{"floor":11,"key":"SteroidPotion"},{"floor":16,"key":"Weak Potion"},{"floor":18,"key":"SkillPotion"},{"floor":28,"key":"FearPotion"},{"floor":33,"key":"hermit:BlackBile"},{"floor":35,"key":"SpeedPotion"},{"floor":39,"key":"Block Potion"},{"floor":48,"key":"Swift Potion"}],"is_trial":false,"path_per_floor":["M","M","?","?","?","R","E","R","T","R","?","M","M","E","R","B",null,"M","M","?","M","$","R","?","E","T","M","E","M","E","?","R","B",null,"M","M","M","?","M","R","E","R","T","R","M","R","T","M","R","B",null],"character_chosen":"HERMIT","items_purchased":["DollysMirror","Bag of Preparation"],"campfire_rested":1,"item_purchase_floors":[22,22],"current_hp_per_floor":[75,75,75,79,59,59,38,38,38,62,62,58,54,52,52,51,82,82,82,82,80,80,80,80,75,81,81,69,69,69,69,69,45,94,92,92,82,82,74,74,72,72,78,78,74,74,80,89,89,45],"gold":1025,"neow_bonus":"BOSS_RELIC","is_daily":false,"chose_seed":false,"campfire_upgraded":5,"win_rate":0.0,"timestamp":1609897905,"path_taken":["M","M","?","?","?","R","E","R","T","R","?","M","?","E","R","BOSS","M","M","?","?","$","R","?","E","T","?","E","M","E","?","R","BOSS","M","M","?","?","M","R","E","R","T","R","M","R","?","M","R","BOSS"],"items_purchased_type":["Relic","Relic"],"build_version":"2020-12-22","purchased_purges":1,"victory":true,"max_hp_per_floor":[75,75,75,82,82,82,82,82,82,82,82,82,82,82,82,82,82,82,82,82,82,82,82,82,82,88,88,88,88,88,88,88,88,94,94,94,94,94,94,94,94,94,100,100,100,100,106,106,106,106],"card_choices":[{"not_picked":["hermit:LowProfile","hermit:WideOpen","hermit:Feint"],"picked":"SKIP","floor":1},{"not_picked":["hermit:Glare","hermit:LowProfile","hermit:ShadowCloak"],"picked":"SKIP","floor":2},{"not_picked":["hermit:Snipe","hermit:Malice"],"picked":"hermit:GoldenBullet","floor":7},{"not_picked":["hermit:Virtue","hermit:SprayPray","hermit:LowProfile"],"picked":"SKIP","floor":12},{"not_picked":["hermit:BodyArmor","hermit:Snipe"],"picked":"hermit:Vantage","floor":13},{"not_picked":["hermit:Roughhouse","hermit:HoleUp"],"picked":"hermit:Scavenge","floor":14},{"not_picked":["hermit:BlackWind","hermit:EternalForm"],"picked":"hermit:DeadOrAlive","floor":16},{"not_picked":["hermit:Scavenge","hermit:FullyLoaded"],"picked":"hermit:Deadeye+1","floor":18},{"not_picked":["hermit:Shortfuse","hermit:BodyArmor","hermit:FromBeyond"],"picked":"SKIP","floor":19},{"not_picked":["hermit:Combo","hermit:CalledShot"],"picked":"hermit:GoldenBullet","floor":21},{"not_picked":["hermit:BodyArmor+1","hermit:Dive"],"picked":"hermit:Deadeye+1","floor":25},{"not_picked":["hermit:Vantage","hermit:Quickdraw"],"picked":"hermit:Gambit","floor":27},{"not_picked":["hermit:LoneWolf+1","hermit:Ricochet+1"],"picked":"hermit:Gestalt","floor":28},{"not_picked":["hermit:HoleUp","hermit:Dive"],"picked":"hermit:Gambit","floor":29},{"not_picked":["hermit:Snipe","hermit:Feint"],"picked":"hermit:Deadeye","floor":30},{"not_picked":["hermit:BlackWind","hermit:HeroicBravado"],"picked":"hermit:OverwhelmingPower","floor":33},{"not_picked":["hermit:Malice","hermit:Scavenge","hermit:Snipe+1"],"picked":"SKIP","floor":35},{"not_picked":["hermit:LoneWolf","hermit:Coalescence","hermit:ItchyTrigger+1"],"picked":"SKIP","floor":36},{"not_picked":["hermit:GhostlyPresence","hermit:LuckOfTheDraw","hermit:TrackingShot+1"],"picked":"SKIP","floor":37},{"not_picked":["hermit:Virtue+1","hermit:Snipe","hermit:ItchyTrigger"],"picked":"SKIP","floor":39},{"not_picked":["hermit:SprayPray+1","hermit:LoneWolf","hermit:Vantage+1"],"picked":"SKIP","floor":41},{"not_picked":["hermit:Gambit","hermit:CursedWeapon+1","hermit:PistolWhip+1"],"picked":"SKIP","floor":45},{"not_picked":["hermit:Vantage","hermit:ItchyTrigger+1","hermit:Brawl+1"],"picked":"SKIP","floor":48}],"player_experience":301619,"relics_obtained":[{"floor":7,"key":"TungstenRod"},{"floor":9,"key":"Darkstone Periapt"},{"floor":14,"key":"InkBottle"},{"floor":25,"key":"Torii"},{"floor":26,"key":"Centennial Puzzle"},{"floor":28,"key":"Vajra"},{"floor":30,"key":"aspiration:Stabinomicon"},{"floor":34,"key":"Anchor"},{"floor":34,"key":"White Beast Statue"},{"floor":34,"key":"Shovel"},{"floor":40,"key":"Mummified Hand"},{"floor":41,"key":"MawBank"},{"floor":42,"key":"CeramicFish"},{"floor":43,"key":"Juzu Bracelet"},{"floor":44,"key":"Toy Ornithopter"},{"floor":46,"key":"aspiration:FrozenJewel"},{"floor":47,"key":"Blue Candle"},{"floor":49,"key":"hermit:RyeStalk"}],"event_choices":[{"damage_healed":0,"gold_gain":0,"player_choice":"Success","damage_taken":3,"relics_obtained":["Strawberry"],"max_hp_gain":0,"max_hp_loss":0,"event_name":"Scrap Ooze","floor":4,"gold_loss":0},{"damage_healed":0,"gold_gain":0,"player_choice":"Take Damage","damage_taken":20,"relics_obtained":["Golden Idol"],"max_hp_gain":0,"max_hp_loss":0,"event_name":"Golden Idol","floor":5,"gold_loss":0},{"damage_healed":0,"gold_gain":0,"player_choice":"Bought 3 Potions","damage_taken":0,"max_hp_gain":0,"max_hp_loss":0,"event_name":"The Woman in Blue","floor":11,"gold_loss":0},{"damage_healed":0,"gold_gain":0,"player_choice":"Ignored","damage_taken":0,"max_hp_gain":0,"max_hp_loss":0,"event_name":"N\u0027loth","floor":20,"gold_loss":0},{"damage_healed":0,"gold_gain":0,"player_choice":"Upgraded","damage_taken":0,"max_hp_gain":0,"max_hp_loss":0,"event_name":"Upgrade Shrine","floor":24,"gold_loss":0,"cards_upgraded":["hermit:DeadOrAlive"]},{"cards_removed":["Clumsy"],"damage_healed":0,"gold_gain":0,"player_choice":"Removed Curses","damage_taken":0,"max_hp_gain":0,"max_hp_loss":0,"event_name":"Fountain of Cleansing","floor":31,"gold_loss":0},{"damage_healed":0,"gold_gain":333,"player_choice":"Gave Idol","damage_taken":0,"max_hp_gain":0,"max_hp_loss":0,"event_name":"The Moai Head","floor":38,"relics_lost":["Golden Idol"],"gold_loss":0}],"is_beta":false,"boss_relics":[{"not_picked":["SlaversCollar","Black Star"],"picked":"hermit:BartenderGlass"},{"not_picked":["Pandora\u0027s Box","hermit:DentedPlate"],"picked":"Calling Bell"}],"items_purged_floors":[22],"is_endless":false,"potions_floor_spawned":[13,16,18,28,33,35,36,37,39,41,45,48],"ascension_level":1}}