{"host":"chv1qanoipyt46jc","time":1609902886,"event":{"mods":["2.2 Compatiblity","AchievementEnabler","BaseMod","BetterRewards","CapriCore","Card Filter","Evolution","Gold Saver","Grow up Mod","Minty Spire (QoL Compilation)","Rare Cards Sparkle","Relic Filter","Remove Card Discount Mod","Reorder Act Four","StSLib"],"gold_per_floor":[912,930,922,932,944,970,970,996,996,1006,1006,1018,1029,1056,1056,1157,1157,1169,1179,1196,1215,1230,1230,1255,1273,1273,1273,1295,1293,1293,1328,1328,1431,1431,1447,1458,1475,1504,1554,1554,1589,1589,1589,1618,1618,1618,1576,1593,1593,1593,1593,1593,1593,1620,1620],"floor_reached":56,"playtime":1050,"items_purged":["Defend_P","Vigilance","Eruption","Defend_P","Defend_P","Defend_P","SashWhip","SashWhip","SashWhip","SashWhip","SpiritShield"],"score":1773,"play_id":"73ccd619-d215-4c51-b943-4e65e352f4a4","local_time":"20210105211446","is_ascension_mode":false,"campfire_choices":[{"data":"PathToVictory","floor":11,"key":"SMITH"},{"data":"PathToVictory","floor":15,"key":"SMITH"},{"data":"PathToVictory","floor":23,"key":"SMITH"},{"floor":27,"key":"RECALL"},{"floor":32,"key":"REST"},{"data":"PathToVictory","floor":40,"key":"SMITH"},{"floor":42,"key":"DIG"},{"floor":45,"key":"DIG"},{"data":"PathToVictory","floor":49,"key":"SMITH"},{"floor":53,"key":"DIG"}],"circlet_count":0,"master_deck":["PathToVictory+1","PathToVictory+1","PathToVictory+1","PathToVictory+1"],"relics":["HolyWater","EVO:Axolotl","Gremlin Horn","Singing Bowl","TungstenRod","Medical Kit","Vajra","Centennial Puzzle","Bird Faced Urn","SlaversCollar","CeramicFish","Bronze Scales","Bottled Lightning","Shovel","Du-Vu Doll","Prayer Wheel","TeardropLocket","White Beast Statue","InkBottle","Pear","Mercury Hourglass"],"acts_visited":["Exordium","TheCity","TheBeyond","TheEnding"],"potions_floor_usage":[55,55],"damage_taken":[{"damage":0,"enemies":"Cultist","floor":1,"turns":2},{"damage":0,"enemies":"2 Louse","floor":2,"turns":1},{"damage":0,"enemies":"Small Slimes","floor":4,"turns":2},{"damage":6,"enemies":"3 Louse","floor":5,"turns":2},{"damage":19,"enemies":"Gremlin Nob","floor":6,"turns":3},{"damage":24,"enemies":"3 Sentries","floor":8,"turns":4},{"damage":10,"enemies":"2 Fungi Beasts","floor":10,"turns":2},{"damage":9,"enemies":"Looter","floor":12,"turns":2},{"damage":0,"enemies":"Exordium Thugs","floor":13,"turns":2},{"damage":0,"enemies":"Lagavulin","floor":14,"turns":2},{"damage":0,"enemies":"Slime Boss","floor":16,"turns":2},{"damage":0,"enemies":"3 Byrds","floor":18,"turns":1},{"damage":0,"enemies":"Spheric Guardian","floor":19,"turns":2},{"damage":8,"enemies":"Chosen and Byrds","floor":20,"turns":2},{"damage":0,"enemies":"Snecko","floor":21,"turns":2},{"damage":18,"enemies":"Snake Plant","floor":22,"turns":2},{"damage":0,"enemies":"Gremlin Leader","floor":24,"turns":2},{"damage":7,"enemies":"Centurion and Healer","floor":25,"turns":2},{"damage":0,"enemies":"Snecko","floor":28,"turns":2},{"damage":10,"enemies":"Book of Stabbing","floor":31,"turns":2},{"damage":15,"enemies":"Champ","floor":33,"turns":3},{"damage":14,"enemies":"3 Shapes","floor":35,"turns":2},{"damage":6,"enemies":"3 Darklings","floor":36,"turns":2},{"damage":0,"enemies":"4 Shapes","floor":37,"turns":2},{"damage":0,"enemies":"Transient","floor":38,"turns":5},{"damage":0,"enemies":"Mind Bloom Boss Battle","floor":39,"turns":2},{"damage":30,"enemies":"Nemesis","floor":41,"turns":3},{"damage":0,"enemies":"Giant Head","floor":44,"turns":3},{"damage":8,"enemies":"3 Darklings","floor":48,"turns":2},{"damage":25,"enemies":"Time Eater","floor":50,"turns":2},{"damage":8,"enemies":"Shield and Spear","floor":54,"turns":2},{"damage":51,"enemies":"The Heart","floor":55,"turns":4}],"seed_played":"-6162604716834263314","potions_obtained":[{"floor":2,"key":"EssenceOfSteel"},{"floor":4,"key":"Ancient Potion"},{"floor":8,"key":"FairyPotion"},{"floor":44,"key":"LiquidBronze"}],"is_trial":false,"path_per_floor":["M","M","$","M","M","E","$","E","T","M","R","M","M","E","R","B",null,"M","M","M","M","M","R","E","M","T","R","M","$","?","E","R","B",null,"M","M","M","M","?","R","E","R","T","E","R","?","$","M","R","B",null,"$","R","E","B",null],"character_chosen":"WATCHER","items_purchased":["Gremlin Horn","Singing Bowl","PathToVictory","TungstenRod","Medical Kit","BottledMiracle","PathToVictory"],"campfire_rested":1,"item_purchase_floors":[0,0,0,0,0,0,47],"current_hp_per_floor":[52,62,72,84,90,83,93,81,91,93,103,104,116,128,138,150,270,282,294,298,310,304,314,326,331,341,351,361,371,381,383,436,433,458,456,462,474,484,496,506,488,498,508,520,530,540,550,556,566,551,644,654,674,678,637],"gold":1620,"neow_bonus":"","is_daily":false,"chose_seed":false,"campfire_upgraded":5,"win_rate":0.0,"timestamp":1609902886,"path_taken":["M","M","$","M","M","E","$","E","T","M","R","M","?","E","R","BOSS","M","M","M","M","M","R","E","M","T","R","M","?","?","E","R","BOSS","M","M","M","M","?","R","E","R","T","E","R","?","$","M","R","BOSS","$","R","E","BOSS"],"items_purchased_type":["Relic","Relic","Card","Relic","Relic","Potion","Card"],"build_version":"2020-12-22","purchased_purges":11,"victory":true,"max_hp_per_floor":[94,104,114,126,138,150,160,172,182,194,204,214,226,238,248,260,270,282,294,306,318,330,340,352,364,374,384,394,404,414,426,436,448,458,470,482,494,504,516,526,538,548,558,570,580,590,600,614,624,634,644,654,674,686,696],"card_choices":[{"not_picked":["CutThroughFate","SashWhip","EmptyBody"],"picked":"Singing Bowl","floor":1},{"not_picked":["Protect","SashWhip"],"picked":"PathToVictory","floor":2},{"not_picked":["FlurryOfBlows","Evaluate","JustLucky"],"picked":"Singing Bowl","floor":4},{"not_picked":["SignatureMove","Collect","Prostrate"],"picked":"Singing Bowl","floor":5},{"not_picked":["Collect","EmptyBody","Evaluate"],"picked":"Singing Bowl","floor":6},{"not_picked":["BattleHymn","InnerPeace","WaveOfTheHand"],"picked":"Singing Bowl","floor":8},{"not_picked":["FlurryOfBlows","Scrawl","EmptyFist"],"picked":"Singing Bowl","floor":10},{"not_picked":["FollowUp","Protect"],"picked":"PathToVictory","floor":12},{"not_picked":["TalkToTheHand","Crescendo","LikeWater"],"picked":"Singing Bowl","floor":13},{"not_picked":["SashWhip","Prostrate","Brilliance"],"picked":"Singing Bowl","floor":14},{"not_picked":["DevaForm","Alpha","Brilliance"],"picked":"Singing Bowl","floor":16},{"not_picked":["Vengeance","Evaluate","SandsOfTime"],"picked":"Singing Bowl","floor":18},{"not_picked":["Prostrate+1","EmptyBody","Adaptation"],"picked":"Singing Bowl","floor":19},{"not_picked":["ReachHeaven","JustLucky","InnerPeace"],"picked":"Singing Bowl","floor":20},{"not_picked":["EmptyBody","Evaluate","Wallop"],"picked":"Singing Bowl","floor":21},{"not_picked":["ConjureBlade","SignatureMove","FlyingSleeves"],"picked":"Singing Bowl","floor":22},{"not_picked":["Conclude","Collect","Wish"],"picked":"Singing Bowl","floor":24},{"not_picked":["FlyingSleeves","BowlingBash","Prostrate"],"picked":"Singing Bowl","floor":25},{"not_picked":["Evaluate","EmptyFist+1"],"picked":"SpiritShield","floor":28},{"not_picked":["CrushJoints","EmptyBody","Wallop+1"],"picked":"Singing Bowl","floor":31},{"not_picked":["MasterReality","Omniscience","LessonLearned"],"picked":"Singing Bowl","floor":33},{"not_picked":["Halt+1","Worship+1","JustLucky"],"picked":"Singing Bowl","floor":35},{"not_picked":["Tantrum","JustLucky","CrushJoints+1"],"picked":"Singing Bowl","floor":36},{"not_picked":["Blasphemy","Crescendo+1","ClearTheMind"],"picked":"Singing Bowl","floor":37},{"not_picked":["Evaluate+1","ThirdEye"],"picked":"PathToVictory","floor":38},{"not_picked":["EmptyFist","CrushJoints+1","EmptyBody+1"],"picked":"Singing Bowl","floor":39},{"not_picked":["Weave+1","DeceiveReality","FlyingSleeves+1"],"picked":"Singing Bowl","floor":41},{"not_picked":["Wireheading","Conclude","Evaluate+1"],"picked":"Singing Bowl","floor":44},{"not_picked":["SashWhip","CutThroughFate","FlyingSleeves"],"picked":"Singing Bowl","floor":48},{"not_picked":["LessonLearned","Pray+1","Wireheading"],"picked":"Singing Bowl","floor":48},{"not_picked":["Weave+1","FollowUp","DeceiveReality"],"picked":"Singing Bowl","floor":54}],"player_experience":291261,"relics_obtained":[{"floor":6,"key":"Vajra"},{"floor":8,"key":"Centennial Puzzle"},{"floor":14,"key":"Bird Faced Urn"},{"floor":24,"key":"CeramicFish"},{"floor":26,"key":"Bronze Scales"},{"floor":31,"key":"Bottled Lightning"},{"floor":39,"key":"Shovel"},{"floor":41,"key":"Du-Vu Doll"},{"floor":42,"key":"Prayer Wheel"},{"floor":43,"key":"TeardropLocket"},{"floor":44,"key":"White Beast Statue"},{"floor":45,"key":"InkBottle"},{"floor":53,"key":"Pear"},{"floor":54,"key":"Mercury Hourglass"}],"event_choices":[{"damage_healed":0,"gold_gain":0,"player_choice":"Fight","damage_taken":0,"max_hp_gain":0,"max_hp_loss":0,"event_name":"MindBloom","floor":39,"gold_loss":0},{"cards_removed":["PathToVictory"],"damage_healed":0,"gold_gain":0,"player_choice":"Removed Skill","damage_taken":0,"max_hp_gain":0,"max_hp_loss":0,"event_name":"Falling","floor":46,"gold_loss":0}],"is_beta":false,"boss_relics":[{"not_picked":["Runic Dome","Sozu"],"picked":"SlaversCollar"},{"not_picked":["Pandora\u0027s Box","VioletLotus"],"picked":"HolyWater"}],"items_purged_floors":[0,0,0,0,0,0,3,3,3,3,29],"is_endless":false,"potions_floor_spawned":[2,4,8,10,20,21,25,28,33,37,41,44,48,54],"ascension_level":0}}