{"host":"xkmvu47k9fdstweo","time":1609896573,"event":{"mods":["BaseMod","Colored Map","Conspire","Hubris","Minty Spire (QoL Compilation)","Quick Restart","Railgun Mod","Shop Mod","StSLib","The Alterego","The Servant 0.9.4","The Wild Card","TheBandit","WarShipGirlsR/??è≠èóR mod","vexMod"],"gold_per_floor":[112,27,38,38,38,38,52,52,106,106,132,132,15,33,33,130,130,147,147,165,165,175,175,207,207,207,241,241,161,161,161,161,161,161],"floor_reached":33,"playtime":841,"items_purged":[],"score":482,"play_id":"2f85cff1-5ec1-417f-ad89-f2136e2a844d","local_time":"20210105202933","is_ascension_mode":true,"campfire_choices":[{"data":"A Thousand Cuts","floor":6,"key":"SMITH"},{"data":"Footwork","floor":8,"key":"SMITH"},{"data":"Well Laid Plans","floor":10,"key":"SMITH"},{"floor":15,"key":"REST"},{"data":"Malaise","floor":23,"key":"SMITH"},{"floor":28,"key":"REST"},{"data":"Catalyst","floor":30,"key":"SMITH"},{"floor":32,"key":"REST"}],"circlet_count":0,"master_deck":["AscendersBane","conspire:GhostlyStrike","conspire:GhostlyStrike","conspire:GhostlyStrike","conspire:GhostlyStrike","conspire:GhostlyStrike","conspire:GhostlyDefend","conspire:GhostlyDefend","conspire:GhostlyDefend","conspire:GhostlyDefend","conspire:GhostlyDefend","Survivor","Neutralize","A Thousand Cuts+1","Well Laid Plans+1","Slice","Footwork+1","Cloak And Dagger","Backflip","Infinite Blades","PiercingWail","Bouncing Flask","Malaise+1","Endless Agony","Adrenaline","Noxious Fumes+1","Crippling Poison","Catalyst+1"],"relics":["Ring of the Snake","hubris:Towel","Bronze Scales","vexMod:RetaliationKit","Philosopher\u0027s Stone","alterego_mod:FleetingLove","Strawberry","Bottled Flame","hubris:Potato","TungstenRod","Toy Ornithopter"],"acts_visited":["Exordium","TheCity"],"potions_floor_usage":[16,24,27],"damage_taken":[{"damage":6,"enemies":"Small Slimes","floor":1,"turns":8},{"damage":0,"enemies":"2 Louse","floor":3,"turns":3},{"damage":1,"enemies":"Jaw Worm","floor":7,"turns":4},{"damage":32,"enemies":"Gremlin Nob","floor":11,"turns":5},{"damage":0,"enemies":"2 Fungi Beasts","floor":14,"turns":4},{"damage":13,"enemies":"Hexaghost","floor":16,"turns":9},{"damage":4,"enemies":"Shell Parasite","floor":18,"turns":6},{"damage":19,"enemies":"2 Thieves","floor":20,"turns":5},{"damage":6,"enemies":"Snake Plant","floor":22,"turns":4},{"damage":12,"enemies":"conspire:Head Lice","floor":24,"turns":5},{"damage":16,"enemies":"Slavers","floor":27,"turns":4},{"damage":71,"enemies":"Automaton","floor":33,"turns":6}],"seed_played":"-7547880050030422597","potions_obtained":[{"floor":3,"key":"LiquidMemories"},{"floor":11,"key":"Poison Potion"},{"floor":22,"key":"Weak Potion"},{"floor":24,"key":"SteroidPotion"}],"is_trial":false,"path_per_floor":["M","$","M","?","?","R","M","R","T","R","E","?","$","M","R","B",null,"M","?","M","?","M","R","E","T","T","E","R","$","R","?","R","B"],"character_chosen":"THE_SILENT","items_purchased":["Slice","Footwork","Infinite Blades","PiercingWail","Catalyst"],"campfire_rested":3,"item_purchase_floors":[2,2,13,13,29],"current_hp_per_floor":[57,57,57,57,57,57,56,56,56,56,24,24,24,24,45,32,61,57,57,38,38,32,32,27,27,27,11,34,34,34,34,57,0,0],"gold":161,"neow_bonus":"ONE_RANDOM_RARE_CARD","is_daily":false,"chose_seed":false,"campfire_upgraded":5,"win_rate":0.0,"timestamp":1609896573,"path_taken":["M","$","M","?","?","R","M","R","T","R","E","?","?","M","R","BOSS","M","?","M","?","M","R","E","?","T","E","R","?","R","?","R","BOSS"],"items_purchased_type":["Card","Card","Card","Card","Card"],"build_version":"2020-12-22","purchased_purges":0,"victory":false,"max_hp_per_floor":[70,70,70,70,70,70,70,70,70,70,70,70,70,70,70,70,70,70,70,70,70,70,70,77,77,77,77,77,77,77,77,77,77,77],"card_choices":[{"not_picked":["Acrobatics","hubris:TrickCloak"],"picked":"Well Laid Plans","floor":1},{"not_picked":["Slice","Dodge and Roll"],"picked":"Cloak And Dagger","floor":3},{"not_picked":["Dagger Throw","Underhanded Strike"],"picked":"Backflip","floor":7},{"not_picked":["Dodge and Roll","Flying Knee","Bane"],"picked":"SKIP","floor":11},{"not_picked":["Deadly Poison","Finisher"],"picked":"Bouncing Flask","floor":14},{"not_picked":["Wraith Form v2","Night Terror"],"picked":"Malaise","floor":16},{"not_picked":["Sucker Punch","Tactician+1","Predator+1"],"picked":"SKIP","floor":18},{"not_picked":["hubris:Counter","Backflip"],"picked":"Endless Agony","floor":20},{"not_picked":["Well Laid Plans","Infinite Blades"],"picked":"Adrenaline","floor":22},{"not_picked":["Bullet Time","hubris:Counter+1"],"picked":"Noxious Fumes+1","floor":24},{"not_picked":["Flying Knee","Poisoned Stab"],"picked":"Crippling Poison","floor":27}],"player_experience":353856,"relics_obtained":[{"floor":9,"key":"Bronze Scales"},{"floor":11,"key":"vexMod:RetaliationKit"},{"floor":24,"key":"Strawberry"},{"floor":25,"key":"Bottled Flame"},{"floor":26,"key":"hubris:Potato"},{"floor":27,"key":"TungstenRod"}],"event_choices":[{"damage_healed":0,"gold_gain":0,"player_choice":"Agree","damage_taken":0,"max_hp_gain":0,"max_hp_loss":0,"event_name":"conspire:LoneGhost","floor":12,"gold_loss":0},{"damage_healed":0,"gold_gain":0,"player_choice":"Leave","damage_taken":0,"max_hp_gain":0,"max_hp_loss":0,"event_name":"conspire:Investor","floor":19,"gold_loss":0},{"damage_healed":0,"gold_gain":0,"player_choice":"Choice 1","damage_taken":0,"relics_obtained":["alterego_mod:FleetingLove"],"max_hp_gain":0,"max_hp_loss":0,"event_name":"Secret Garden","floor":21,"gold_loss":0},{"damage_healed":0,"gold_gain":0,"player_choice":"Gave Potion","damage_taken":0,"relics_obtained":["Toy Ornithopter"],"max_hp_gain":0,"max_hp_loss":0,"event_name":"WeMeetAgain","floor":31,"gold_loss":0}],"is_beta":false,"boss_relics":[{"not_picked":["Coffee Dripper","Snecko Eye"],"picked":"Philosopher\u0027s Stone"}],"items_purged_floors":[],"is_endless":false,"potions_floor_spawned":[3,11,14,22,24],"killed_by":"Automaton","ascension_level":11}}