{"host":"l60rmjjsfi0fipmi","time":1609973871,"event":{"mods":["BaseMod","Colored Map","DeckTracker","Highlight Path","Minty Spire (QoL Compilation)"],"gold_per_floor":[114,124,74,74,90,120,120,134,207,222,239,257,271,303,303,399,399,413,413,77,90,108,108,140,172,172,172,187,202,216,229,229,333,383,403,403,625,367,367,367],"floor_reached":39,"playtime":3474,"items_purged":["Strike_R","Strike_R+1"],"score":442,"play_id":"8bd5576a-5636-4457-89aa-27840fb88195","local_time":"20210106175751","is_ascension_mode":false,"campfire_choices":[{"data":"True Grit","floor":7,"key":"SMITH"},{"data":"Metallicize","floor":15,"key":"SMITH"},{"data":"Armaments","floor":23,"key":"SMITH"},{"data":"Forethought","floor":27,"key":"SMITH"},{"floor":32,"key":"RECALL"}],"circlet_count":0,"master_deck":["Defend_R+1","Defend_R","Defend_R+1","Defend_R","Bash","Forethought+1","Uppercut","Anger","Thunderclap","True Grit+1","Infernal Blade","Metallicize+1","Clothesline","Armaments+1","Demon Form","Headbutt+1","Flame Barrier","Offering","Shrug It Off+1","Spot Weakness"],"relics":["Burning Blood","Pocketwatch","HornCleat","Ancient Tea Set","Empty Cage","Letter Opener","Eternal Feather","The Courier","Red Mask","Pear","Tiny House","Regal Pillow"],"acts_visited":["Exordium","TheCity","TheBeyond"],"potions_floor_usage":[12,33,33,36,39],"damage_taken":[{"damage":5,"enemies":"Small Slimes","floor":1,"turns":4},{"damage":2,"enemies":"2 Louse","floor":2,"turns":3},{"damage":3,"enemies":"Jaw Worm","floor":5,"turns":3},{"damage":25,"enemies":"Gremlin Nob","floor":6,"turns":5},{"damage":0,"enemies":"Large Slime","floor":8,"turns":6},{"damage":0,"enemies":"3 Louse","floor":10,"turns":3},{"damage":0,"enemies":"Blue Slaver","floor":11,"turns":4},{"damage":7,"enemies":"Lots of Slimes","floor":12,"turns":3},{"damage":0,"enemies":"Red Slaver","floor":13,"turns":3},{"damage":1,"enemies":"3 Sentries","floor":14,"turns":7},{"damage":18,"enemies":"Hexaghost","floor":16,"turns":15},{"damage":11,"enemies":"3 Byrds","floor":18,"turns":7},{"damage":6,"enemies":"Shell Parasite","floor":21,"turns":7},{"damage":24,"enemies":"Centurion and Healer","floor":22,"turns":9},{"damage":17,"enemies":"Slavers","floor":24,"turns":8},{"damage":30,"enemies":"Masked Bandits","floor":25,"turns":7},{"damage":11,"enemies":"Snecko","floor":28,"turns":6},{"damage":8,"enemies":"3 Cultists","floor":29,"turns":5},{"damage":6,"enemies":"Shelled Parasite and Fungi","floor":30,"turns":7},{"damage":0,"enemies":"Snake Plant","floor":31,"turns":5},{"damage":39,"enemies":"Collector","floor":33,"turns":8},{"damage":6,"enemies":"Orb Walker","floor":35,"turns":3},{"damage":83,"enemies":"2 Orb Walkers","floor":36,"turns":6},{"damage":25,"enemies":"3 Shapes","floor":39,"turns":7}],"seed_played":"8604182263193321531","potions_obtained":[{"floor":1,"key":"Fruit Juice"},{"floor":2,"key":"BlessingOfTheForge"},{"floor":5,"key":"SteroidPotion"},{"floor":12,"key":"Fire Potion"},{"floor":22,"key":"LiquidBronze"},{"floor":30,"key":"DuplicationPotion"},{"floor":34,"key":"SmokeBomb"},{"floor":35,"key":"FearPotion"}],"is_trial":false,"path_per_floor":["M","M","?","?","M","E","R","M","T","M","M","M","M","E","R","B",null,"M","?","$","M","M","R","E","?","T","R","M","M","M","M","R","B",null,"M","?","?","$","M"],"character_chosen":"IRONCLAD","items_purchased":["Eternal Feather","Spot Weakness","Regal Pillow"],"campfire_rested":0,"item_purchase_floors":[20,38,38],"current_hp_per_floor":[80,80,80,64,67,48,48,54,54,60,66,70,76,81,81,69,85,80,80,80,80,62,71,60,36,46,58,53,51,51,57,69,36,100,100,23,23,23,0,0],"gold":367,"neow_bonus":"RANDOM_COLORLESS","is_daily":false,"chose_seed":false,"campfire_upgraded":4,"win_rate":0.0,"timestamp":1609973871,"path_taken":["M","M","?","?","M","E","R","M","T","M","M","M","M","E","R","BOSS","M","?","$","M","M","R","E","?","T","R","M","?","M","M","R","BOSS","M","?","?","$","M"],"items_purchased_type":["Relic","Card","Relic"],"build_version":"2020-12-22","purchased_purges":2,"victory":false,"max_hp_per_floor":[80,80,80,80,80,80,80,80,80,80,80,85,85,85,85,85,85,85,85,85,85,85,85,85,85,95,95,95,95,95,95,95,95,100,100,100,100,100,100,100],"card_choices":[{"not_picked":["Madness","Mind Blast"],"picked":"Forethought","floor":0},{"not_picked":["Havoc","Warcry"],"picked":"Uppercut","floor":1},{"not_picked":["Rage","Clothesline"],"picked":"Anger","floor":2},{"not_picked":["Hemokinesis","Havoc"],"picked":"Thunderclap","floor":5},{"not_picked":["Clash","Hemokinesis"],"picked":"True Grit","floor":6},{"not_picked":["Pommel Strike","Cleave"],"picked":"Infernal Blade","floor":8},{"not_picked":["Thunderclap","Perfected Strike"],"picked":"Metallicize","floor":10},{"not_picked":["Flex","Perfected Strike","Fire Breathing"],"picked":"SKIP","floor":11},{"not_picked":["Power Through","Clash"],"picked":"Clothesline","floor":12},{"not_picked":["Ghostly Armor","Clothesline"],"picked":"Armaments","floor":13},{"not_picked":["Carnage","Cleave","Combust"],"picked":"SKIP","floor":14},{"not_picked":["Juggernaut","Limit Break"],"picked":"Demon Form","floor":16},{"not_picked":["Clothesline","Armaments+1"],"picked":"Headbutt+1","floor":18},{"not_picked":["Thunderclap","Sentinel"],"picked":"Flame Barrier","floor":21},{"not_picked":["Hemokinesis","Uppercut","Sword Boomerang"],"picked":"SKIP","floor":22},{"not_picked":["Pommel Strike","Brutality"],"picked":"Offering","floor":24},{"not_picked":["Twin Strike","Havoc"],"picked":"Shrug It Off+1","floor":25},{"not_picked":["Body Slam","Infernal Blade","Shrug It Off"],"picked":"SKIP","floor":28},{"not_picked":["Dropkick","True Grit","Body Slam+1"],"picked":"SKIP","floor":29},{"not_picked":["Headbutt+1","Thunderclap","Body Slam"],"picked":"SKIP","floor":30},{"not_picked":["Cleave","Blood for Blood","Fire Breathing"],"picked":"SKIP","floor":31},{"not_picked":["Havoc+1","Evolve+1","Clash"],"picked":"SKIP","floor":35}],"player_experience":251222,"relics_obtained":[{"floor":6,"key":"Pocketwatch"},{"floor":9,"key":"HornCleat"},{"floor":14,"key":"Ancient Tea Set"},{"floor":24,"key":"The Courier"},{"floor":25,"key":"Red Mask"},{"floor":26,"key":"Pear"}],"event_choices":[{"cards_removed":["Strike_R"],"damage_healed":0,"gold_gain":0,"player_choice":"Card Removal","damage_taken":0,"max_hp_gain":0,"max_hp_loss":0,"event_name":"The Cleric","floor":3,"gold_loss":50},{"damage_healed":0,"gold_gain":0,"player_choice":"Entered Light","damage_taken":16,"max_hp_gain":0,"max_hp_loss":0,"event_name":"Shining Light","floor":4,"gold_loss":0,"cards_upgraded":["Defend_R","Defend_R"]},{"damage_healed":0,"gold_gain":0,"player_choice":"Opened","damage_taken":0,"relics_obtained":["Letter Opener"],"max_hp_gain":0,"max_hp_loss":0,"event_name":"The Mausoleum","floor":19,"gold_loss":0},{"damage_healed":0,"gold_gain":0,"player_choice":"Fought Bandits","damage_taken":0,"max_hp_gain":0,"max_hp_loss":0,"event_name":"Masked Bandits","floor":25,"gold_loss":0},{"damage_healed":0,"gold_gain":0,"player_choice":"Fight","damage_taken":0,"max_hp_gain":0,"max_hp_loss":0,"event_name":"Mysterious Sphere","floor":36,"gold_loss":0},{"damage_healed":0,"gold_gain":222,"player_choice":"Wore Mask","damage_taken":0,"max_hp_gain":0,"max_hp_loss":0,"event_name":"Tomb of Lord Red Mask","floor":37,"gold_loss":0}],"is_beta":false,"boss_relics":[{"not_picked":["Sozu","Black Blood"],"picked":"Empty Cage"},{"not_picked":["Fusion Hammer","Velvet Choker"],"picked":"Tiny House"}],"items_purged_floors":[20,38],"is_endless":false,"potions_floor_spawned":[1,2,5,12,14,16,21,22,24,28,30,35,36],"killed_by":"3 Shapes","ascension_level":0}}