{"host":"ws1rigs6jhqnf67d","time":1609938223,"event":{"mods":["BaseMod","Friendly Minions","KinomotoSakuraMod(ƒæ÷Æ±æ”£)","Kiyohime£®«Âºß£©","Lobotomy","LobotomyExtend","Marisa£®ÏF”Í°°ƒß¿Ì…≥£©","Minty Spire (QoL Compilation)","Remilia£®¿Ÿ√◊¿Ú—«£©","StSLib","The Bug Knight","Youmu£®ªÍ∆«—˝√Œ£©","[IsaacMod]“‘»ˆº‚À˛"],"gold_per_floor":[109,119,130,143,153,188,188,188,213,213,248,248,281,296,296,391,391,404,200,200,218,232,263,283,311,311,311,344,444,456,483,483,588,588,605,619,639,147,157,157,186,186,261,276,276,276,310,21,21,21,21],"floor_reached":52,"playtime":1603,"items_purged":[],"score":1278,"play_id":"509aacdd-f430-4f35-8f37-a6d7470398c8","local_time":"20210106210343","is_ascension_mode":true,"campfire_choices":[{"floor":8,"key":"REST"},{"data":"KiyohimeMod:Servant_TamamoNoMae","floor":10,"key":"SMITH"},{"data":"KiyohimeMod:DragonVein","floor":15,"key":"SMITH"},{"floor":32,"key":"REST"},{"data":"KiyohimeMod:JeweledSword","floor":40,"key":"SMITH"},{"data":"KiyohimeMod:ImaginaryNumberMagecraft","floor":42,"key":"SMITH"},{"data":"KiyohimeMod:Track","floor":46,"key":"SMITH"},{"data":"KiyohimeMod:CommandCard_Arts","floor":49,"key":"SMITH"}],"circlet_count":0,"master_deck":["KiyohimeMod:Strike","KiyohimeMod:Strike","KiyohimeMod:Strike","KiyohimeMod:Strike","KiyohimeMod:Defend","KiyohimeMod:Defend","KiyohimeMod:Defend","KiyohimeMod:Defend","KiyohimeMod:Track+1","KiyohimeMod:FlameKiss","KiyohimeMod:Shapeshift+1","KiyohimeMod:DragonVein+1","KiyohimeMod:CommandCard_Arts+1","KiyohimeMod:Servant_TamamoNoMae+1","KiyohimeMod:CommandCard_Arts","KiyohimeMod:ImaginaryNumberMagecraft+1","KiyohimeMod:Projection+1","KiyohimeMod:CommandCard_Arts","KiyohimeMod:JeweledSword+1","KiyohimeMod:FormalCraft+1"],"relics":["KiyohimeMod:FireDragon","HushsDoor","DeathBook","LetterFromLob","TuHaoJin","FaceOfCleric","Bag of Marbles","StrikeDummy","Dream Catcher","SlaversCollar","HowToJump","HollowMod:StagPassRelic","Eternal Feather","KiyohimeMod:Divinity","Akabeko","UnicornStump","Dead Branch","TheBible","KiyohimeMod:Bond","DoctorsRemote","Sundial","Blood Vial","KiyohimeMod:TerritoryCreation","KiyohimeMod:ElixirOfRejuvenation","Bag of Preparation","ClockworkSouvenir"],"acts_visited":["Exordium","TheCity","TheBeyond"],"potions_floor_usage":[5,11,29],"damage_taken":[{"damage":9,"enemies":"Cultist","floor":1,"turns":5},{"damage":0,"enemies":"2 Louse","floor":2,"turns":3},{"damage":0,"enemies":"Small Slimes","floor":3,"turns":4},{"damage":11,"enemies":"Blue Slaver","floor":4,"turns":4},{"damage":4,"enemies":"Red Slaver","floor":5,"turns":3},{"damage":0,"enemies":"Lagavulin","floor":6,"turns":2},{"damage":10,"enemies":"3 Sentries","floor":11,"turns":2},{"damage":25,"enemies":"Gremlin Nob","floor":13,"turns":4},{"damage":0,"enemies":"3 Louse","floor":14,"turns":2},{"damage":14,"enemies":"Hexaghost","floor":16,"turns":6},{"damage":0,"enemies":"Spheric Guardian","floor":18,"turns":2},{"damage":11,"enemies":"3 Byrds","floor":21,"turns":5},{"damage":4,"enemies":"Cultist and Chosen","floor":22,"turns":4},{"damage":6,"enemies":"Gremlin Leader","floor":23,"turns":3},{"damage":0,"enemies":"Snake Plant","floor":24,"turns":1},{"damage":20,"enemies":"Slavers","floor":25,"turns":6},{"damage":14,"enemies":"Book of Stabbing","floor":28,"turns":2},{"damage":13,"enemies":"Colosseum Slavers","floor":29,"turns":2},{"damage":0,"enemies":"Colosseum Nobs","floor":29,"turns":1},{"damage":0,"enemies":"Centurion and Healer","floor":30,"turns":2},{"damage":0,"enemies":"Gremlin Leader","floor":31,"turns":3},{"damage":20,"enemies":"Champ","floor":33,"turns":4},{"damage":6,"enemies":"3 Darklings","floor":35,"turns":4},{"damage":0,"enemies":"Orb Walker","floor":36,"turns":1},{"damage":37,"enemies":"4 Shapes","floor":37,"turns":4},{"damage":0,"enemies":"Transient","floor":39,"turns":5},{"damage":0,"enemies":"Reptomancer","floor":41,"turns":1},{"damage":0,"enemies":"Spire Growth","floor":44,"turns":1},{"damage":0,"enemies":"Nemesis","floor":47,"turns":1},{"damage":2,"enemies":"Awakened One","floor":50,"turns":3}],"seed_played":"-9107575804844240199","potions_obtained":[{"floor":2,"key":"Explosive Potion"},{"floor":5,"key":"Strength Potion"},{"floor":6,"key":"ColorlessPotion"},{"floor":13,"key":"SteroidPotion"},{"floor":16,"key":"SteroidPotion"},{"floor":23,"key":"Ancient Potion"},{"floor":30,"key":"SteroidPotion"}],"is_trial":false,"path_per_floor":["M","M","M","M","M","E","?","R","T","R","E","?","E","M","R","B",null,"M","$","M","M","M","E","M","E","T","?","E","?","M","E","R","B",null,"M","M","M","$","M","R","E","R","T","M","?","R","E","$","R","B",null,null],"character_chosen":"Kiyohime","items_purchased":["HowToJump","KiyohimeMod:EatSoul","DoctorsRemote","Sundial","Bag of Preparation","ClockworkSouvenir"],"campfire_rested":2,"item_purchase_floors":[19,19,38,38,48,48],"current_hp_per_floor":[45,45,45,34,30,30,30,48,48,48,45,49,31,32,32,25,54,55,55,55,51,48,49,50,43,43,43,30,19,20,27,58,39,67,68,69,39,39,49,61,62,74,74,77,77,82,83,83,83,84,84],"gold":21,"neow_bonus":"UPGRADE_CARD","is_daily":false,"chose_seed":false,"campfire_upgraded":6,"win_rate":0.0,"timestamp":1609938223,"path_taken":["M","M","M","M","M","E","?","R","T","R","E","?","E","M","R","BOSS","M","$","M","M","M","E","?","E","T","?","E","?","M","E","R","BOSS","M","M","M","$","M","R","E","R","T","M","?","R","E","$","R","BOSS"],"items_purchased_type":["Relic","Card","Relic","Relic","Relic","Relic"],"build_version":"2020-12-22","purchased_purges":0,"victory":true,"max_hp_per_floor":[60,60,60,60,60,60,60,60,60,60,61,61,62,63,63,64,64,65,65,65,66,67,68,69,70,70,70,71,73,74,75,75,76,76,77,78,79,79,80,80,81,81,81,82,82,82,83,83,83,84,84],"card_choices":[{"not_picked":["KiyohimeMod:EatSoul","KiyohimeMod:WaterTurn"],"picked":"Bomb","floor":1},{"not_picked":["KiyohimeMod:Preemptive","KiyohimeMod:Tenacious"],"picked":"KiyohimeMod:DragonVein","floor":2},{"not_picked":["KiyohimeMod:BeElegant","KiyohimeMod:Berserker"],"picked":"KiyohimeMod:CommandCard_Arts","floor":3},{"not_picked":["KiyohimeMod:Berserker","KiyohimeMod:HotSpringOfTheMoon","KiyohimeMod:BlueBlackKey"],"picked":"SKIP","floor":4},{"not_picked":["KiyohimeMod:EatSoul","KiyohimeMod:Preemptive"],"picked":"Bomb","floor":5},{"not_picked":["KiyohimeMod:AndSoTheShipConquers","KiyohimeMod:CommandCard_Arts"],"picked":"KiyohimeMod:Servant_TamamoNoMae","floor":6},{"not_picked":["KiyohimeMod:SteelTraining","KiyohimeMod:Berserker","KiyohimeMod:WaterTurn"],"picked":"SKIP","floor":11},{"not_picked":["KiyohimeMod:DragonVein","KiyohimeMod:CommandCard_Quick"],"picked":"KiyohimeMod:CommandCard_Arts","floor":13},{"not_picked":["KiyohimeMod:ExSpicyMapoTofu","KiyohimeMod:GreenBlackKey","KiyohimeMod:BlueBlackKey"],"picked":"SKIP","floor":14},{"not_picked":["KiyohimeMod:CastleOfTheSun","KiyohimeMod:HeroCreation"],"picked":"KiyohimeMod:ImaginaryNumberMagecraft","floor":16},{"not_picked":["KiyohimeMod:Berserker","KiyohimeMod:AndSoTheShipConquers","KiyohimeMod:DivineConstruct"],"picked":"SKIP","floor":18},{"not_picked":["KiyohimeMod:ExSpicyMapoTofu","KiyohimeMod:Tenacious+1"],"picked":"KiyohimeMod:Projection+1","floor":21},{"not_picked":["KiyohimeMod:BlueBlackKey","KiyohimeMod:CommandCard_Quick+1","KiyohimeMod:AndSoTheShipConquers"],"picked":"SKIP","floor":22},{"not_picked":["KiyohimeMod:HotSpringOfTheMoon","KiyohimeMod:FacelessMoon","KiyohimeMod:BeElegant"],"picked":"SKIP","floor":23},{"not_picked":["KiyohimeMod:WaterTurn","KiyohimeMod:EatSoul","KiyohimeMod:AndSoTheShipConquers"],"picked":"SKIP","floor":24},{"not_picked":["KiyohimeMod:Preemptive","KiyohimeMod:BlueBlackKey"],"picked":"KiyohimeMod:CommandCard_Arts","floor":25},{"not_picked":["KiyohimeMod:AndSoTheShipConquers","KiyohimeMod:WaterTurn","KiyohimeMod:BeElegant"],"picked":"SKIP","floor":28},{"not_picked":["KiyohimeMod:CastleOfTheSun","KiyohimeMod:BlueBlackKey","KiyohimeMod:WaterTurn"],"picked":"SKIP","floor":30},{"not_picked":["KiyohimeMod:SteelTraining","KiyohimeMod:FirstPremonition","KiyohimeMod:GreenBlackKey+1"],"picked":"SKIP","floor":31},{"not_picked":["KiyohimeMod:FacelessMoon","KiyohimeMod:AVerseOfBurningLoveStory"],"picked":"KiyohimeMod:JeweledSword","floor":33},{"not_picked":["KiyohimeMod:BeastOfBillows+1","KiyohimeMod:WaterTurn","KiyohimeMod:BlueBlackKey+1"],"picked":"SKIP","floor":35},{"not_picked":["KiyohimeMod:EatSoul+1","KiyohimeMod:BeElegant","KiyohimeMod:BlueBlackKey+1"],"picked":"SKIP","floor":36},{"not_picked":["KiyohimeMod:Tenacious","KiyohimeMod:Preemptive","KiyohimeMod:LimitedZeroOver"],"picked":"SKIP","floor":37},{"not_picked":["KiyohimeMod:Preemptive+1","KiyohimeMod:AndSoTheShipConquers","KiyohimeMod:ExSpicyMapoTofu"],"picked":"SKIP","floor":39},{"not_picked":["KiyohimeMod:DivineConstruct","KiyohimeMod:WaterTurn+1","KiyohimeMod:HeroCreation"],"picked":"SKIP","floor":41},{"not_picked":["KiyohimeMod:Preemptive","KiyohimeMod:GreenBlackKey+1"],"picked":"KiyohimeMod:FormalCraft+1","floor":44},{"not_picked":["KiyohimeMod:ImaginaryAround","KiyohimeMod:RedBlackKey","KiyohimeMod:SteelTraining"],"picked":"SKIP","floor":47}],"player_experience":781072,"relics_obtained":[{"floor":1,"key":"LetterFromLob"},{"floor":6,"key":"TuHaoJin"},{"floor":9,"key":"Bag of Marbles"},{"floor":11,"key":"StrikeDummy"},{"floor":13,"key":"Dream Catcher"},{"floor":23,"key":"HollowMod:StagPassRelic"},{"floor":25,"key":"Eternal Feather"},{"floor":26,"key":"KiyohimeMod:Divinity"},{"floor":28,"key":"Akabeko"},{"floor":29,"key":"UnicornStump"},{"floor":29,"key":"Dead Branch"},{"floor":31,"key":"TheBible"},{"floor":41,"key":"Blood Vial"},{"floor":43,"key":"KiyohimeMod:TerritoryCreation"},{"floor":47,"key":"KiyohimeMod:ElixirOfRejuvenation"}],"event_choices":[{"damage_healed":0,"gold_gain":0,"player_choice":"Trade","damage_taken":0,"relics_obtained":["FaceOfCleric"],"max_hp_gain":0,"max_hp_loss":0,"event_name":"FaceTrader","floor":7,"gold_loss":0},{"damage_healed":0,"gold_gain":0,"player_choice":"Fight","damage_taken":0,"max_hp_gain":0,"max_hp_loss":0,"event_name":"Colosseum","floor":29,"gold_loss":0},{"damage_healed":0,"gold_gain":0,"player_choice":"Fought Nobs","damage_taken":0,"max_hp_gain":0,"max_hp_loss":0,"event_name":"Colosseum","floor":29,"gold_loss":0},{"cards_removed":["KiyohimeMod:EatSoul"],"damage_healed":0,"gold_gain":0,"player_choice":"Removed Skill","damage_taken":0,"max_hp_gain":0,"max_hp_loss":0,"event_name":"Falling","floor":45,"gold_loss":0}],"is_beta":false,"boss_relics":[{"not_picked":["Busted Crown","Velvet Choker"],"picked":"SlaversCollar"},{"not_picked":[]},{"not_picked":["Black Star","Fusion Hammer"],"picked":"KiyohimeMod:Bond"},{"not_picked":[]}],"items_purged_floors":[],"is_endless":false,"potions_floor_spawned":[2,5,6,13,16,18,22,23,29,30,36,37,41,44],"ascension_level":6}}