{"host":"rhrkddapnlgqm7yj","time":1609951236,"event":{"mods":["AchievementEnabler","BaseMod","Bestiary","Colored Map","Colored Powertips","Filter the Spire","Minty Spire (QoL Compilation)","Relic Stats","Remove Card Discount Mod","StSLib","SuperFastMode","The IronCluck","Waifu the Spire"],"gold_per_floor":[117,132,132,124,124,157,157,168,168,178,189,224,224,251,251,355,355,370,397,408,149,161,161,193,213,213,228,228,228,228,228,228,329,329,340,350,350,369,382,382,394,422,422,472,472,499,499,514,514,514,514],"floor_reached":50,"playtime":5316,"items_purged":["Regret","Strike_P","Strike_P","Defend_P","Strike_P","Strike_P","Defend_P","Defend_P","Defend_P"],"score":638,"play_id":"1e1d0411-c707-4760-b5de-250701b21d61","local_time":"20210106174036","is_ascension_mode":true,"campfire_choices":[{"data":"MentalFortress","floor":7.0,"key":"SMITH"},{"data":"Conclude","floor":13.0,"key":"SMITH"},{"data":"LikeWater","floor":15.0,"key":"SMITH"},{"data":"Panacea","floor":23,"key":"SMITH"},{"floor":28,"key":"REST"},{"data":"Vigilance","floor":30,"key":"SMITH"},{"data":"Tantrum","floor":32,"key":"SMITH"},{"data":"Devotion","floor":40,"key":"SMITH"},{"data":"Perseverance","floor":45,"key":"SMITH"},{"data":"LikeWater","floor":47,"key":"SMITH"},{"data":"ThirdEye","floor":49,"key":"SMITH"}],"circlet_count":0,"master_deck":["Eruption+1","Vigilance+1","CutThroughFate","FlyingSleeves","MentalFortress+1","FlurryOfBlows","LikeWater+1","Conclude+1","ThirdEye+1","Brilliance","FollowUp+1","DeceiveReality+1","Tantrum+1","Panacea+1","Evaluate+1","Evaluate","EmptyFist+1","Nirvana+1","Bite","Bite","Bite","Bite","Bite","Pain","Devotion+1","Perseverance+1","CutThroughFate","LikeWater+1","CutThroughFate+1","WheelKick+1","Wallop+1","ThirdEye+1","Perseverance+1"],"relics":["HolyWater","NeowsBlessing","Vajra","Regal Pillow","Meat on the Bone","InkBottle","Odd Mushroom","SacredBark","Red Mask","HandDrill","Dream Catcher","Bronze Scales","WarpedTongs","Anchor","Bird Faced Urn","Toy Ornithopter"],"acts_visited":["Exordium","TheCity","TheBeyond"],"potions_floor_usage":[24,38,38,41,42,50],"damage_taken":[{"damage":0.0,"enemies":"Jaw Worm","floor":1.0,"turns":1.0},{"damage":0.0,"enemies":"Small Slimes","floor":2.0,"turns":1.0},{"damage":0.0,"enemies":"Gremlin Nob","floor":6.0,"turns":1.0},{"damage":0.0,"enemies":"Cultist","floor":8.0,"turns":2.0},{"damage":0.0,"enemies":"Large Slime","floor":10.0,"turns":2.0},{"damage":3.0,"enemies":"Blue Slaver","floor":11.0,"turns":3.0},{"damage":4.0,"enemies":"3 Sentries","floor":12.0,"turns":8.0},{"damage":0.0,"enemies":"The Mushroom Lair","floor":14.0,"turns":2.0},{"damage":28.0,"enemies":"Hexaghost","floor":16.0,"turns":7.0},{"damage":0.0,"enemies":"Spheric Guardian","floor":18.0,"turns":1.0},{"damage":14,"enemies":"Masked Bandits","floor":19,"turns":3},{"damage":0,"enemies":"3 Byrds","floor":20,"turns":4},{"damage":1,"enemies":"Cultist and Chosen","floor":22,"turns":4},{"damage":5,"enemies":"Book of Stabbing","floor":24,"turns":6},{"damage":0,"enemies":"Chosen and Byrds","floor":25,"turns":4},{"damage":11,"enemies":"3 Cultists","floor":27,"turns":4},{"damage":25,"enemies":"Collector","floor":33,"turns":6},{"damage":10,"enemies":"3 Shapes","floor":35,"turns":4},{"damage":0,"enemies":"Orb Walker","floor":36,"turns":2},{"damage":6,"enemies":"3 Darklings","floor":38,"turns":4},{"damage":0,"enemies":"Sphere and 2 Shapes","floor":39,"turns":2},{"damage":5,"enemies":"Writhing Mass","floor":41,"turns":3},{"damage":33,"enemies":"Reptomancer","floor":42,"turns":6},{"damage":0,"enemies":"Mind Bloom Boss Battle","floor":44,"turns":3},{"damage":34,"enemies":"Nemesis","floor":46,"turns":9},{"damage":0,"enemies":"3 Darklings","floor":48,"turns":3},{"damage":63,"enemies":"Time Eater","floor":50,"turns":8}],"seed_played":"-396730007628610561","potions_obtained":[{"floor":6.0,"key":"SkillPotion"},{"floor":8.0,"key":"ColorlessPotion"},{"floor":11.0,"key":"FearPotion"},{"floor":12.0,"key":"SkillPotion"},{"floor":14.0,"key":"Explosive Potion"},{"floor":18.0,"key":"Swift Potion"},{"floor":19,"key":"Ancient Potion"},{"floor":33,"key":"Swift Potion"},{"floor":36,"key":"ColorlessPotion"},{"floor":38,"key":"LiquidBronze"},{"floor":39,"key":"Swift Potion"},{"floor":44,"key":"Explosive Potion"}],"is_trial":false,"path_per_floor":["M","M","?","$","?","E","R","M","T","M","M","E","R","?","R","B",null,"M","?","M","$","M","R","E","M","T","M","R","?","R","?","R","B",null,"M","M","?","M","M","R","M","E","T","?","R","E","R","M","R","B"],"character_chosen":"WATCHER","items_purchased":["HandDrill","Panacea"],"campfire_rested":1,"item_purchase_floors":[21,21],"current_hp_per_floor":[72,72,72,72,72,72,72,72,72,72,69,65,65,65,65,37,72,72,58,58,58,57,57,52,52,52,41,72,50,50,50,50,28,50,45,45,45,45,49,49,48,34,34,36,36,33,33,41,41,0,0],"gold":514,"neow_bonus":"THREE_ENEMY_KILL","is_daily":false,"chose_seed":false,"campfire_upgraded":10,"win_rate":0.0,"timestamp":1609951236,"path_taken":["M","M","?","$","?","E","R","M","T","M","M","E","R","?","R","BOSS","M","?","M","$","M","R","E","M","T","M","R","?","R","?","R","BOSS","M","M","?","M","M","R","M","E","T","?","R","E","R","M","R","BOSS"],"items_purchased_type":["Relic","Card"],"build_version":"2020-12-22","purchased_purges":9,"victory":false,"max_hp_per_floor":[72,72,72,72,72,72,72,72,72,72,72,72,72,72,72,72,72,72,72,72,72,72,72,72,72,72,72,72,50,50,50,50,50,50,50,50,50,50,50,50,50,50,50,50,50,50,50,50,50,50,50],"relic_stats":{"Regal Pillow":10,"Dream Catcher":1,"counters":[27,103],"Bronze Scales":[160],"Bird Faced Urn":[26],"HandDrill":[20],"obtain_stats":[{"Regal Pillow":6,"NeowsBlessing":0,"SacredBark":17,"Vajra":3,"Odd Mushroom":14,"WarpedTongs":31,"Dream Catcher":24,"Anchor":42,"Bronze Scales":26,"Bird Faced Urn":44,"HolyWater":34,"Red Mask":19,"HandDrill":21,"PureWater":0,"InkBottle":12,"Toy Ornithopter":46,"Meat on the Bone":9},{"Regal Pillow":3,"NeowsBlessing":0,"SacredBark":9,"Vajra":2,"Odd Mushroom":8,"WarpedTongs":16,"Dream Catcher":14,"Anchor":23,"Bronze Scales":15,"Bird Faced Urn":24,"HolyWater":17,"Red Mask":11,"HandDrill":12,"PureWater":0,"InkBottle":7,"Toy Ornithopter":25,"Meat on the Bone":4},{"Regal Pillow":3,"NeowsBlessing":0,"SacredBark":27,"Vajra":2,"Odd Mushroom":20,"WarpedTongs":53,"Dream Catcher":45,"Anchor":80,"Bronze Scales":49,"Bird Faced Urn":83,"HolyWater":59,"Red Mask":31,"HandDrill":35,"PureWater":0,"InkBottle":18,"Toy Ornithopter":92,"Meat on the Bone":5}],"InkBottle":[40],"Toy Ornithopter":5,"Meat on the Bone":24,"WarpedTongs":[48]},"card_choices":[{"not_picked":["BowlingBash","JustLucky"],"picked":"CutThroughFate","floor":1.0},{"not_picked":["InnerPeace","CarveReality"],"picked":"FlyingSleeves","floor":2.0},{"not_picked":["EmptyFist","Alpha"],"picked":"MentalFortress","floor":6.0},{"not_picked":["ForeignInfluence","EmptyFist"],"picked":"FlurryOfBlows","floor":8.0},{"not_picked":["FollowUp","SashWhip"],"picked":"LikeWater","floor":10.0},{"not_picked":["Halt","Worship"],"picked":"Conclude","floor":11.0},{"not_picked":["Wallop","Vengeance","ClearTheMind"],"picked":"SKIP","floor":12.0},{"not_picked":["BowlingBash","Prostrate"],"picked":"ThirdEye","floor":14.0},{"not_picked":["Judgement","Ragnarok"],"picked":"Brilliance","floor":16.0},{"not_picked":["SignatureMove","Weave"],"picked":"FollowUp+1","floor":18.0},{"not_picked":["FlyingSleeves","Collect"],"picked":"DeceiveReality+1","floor":19},{"not_picked":["Halt","EmptyBody"],"picked":"Tantrum","floor":20},{"not_picked":["JustLucky","Consecrate"],"picked":"Evaluate+1","floor":22},{"not_picked":["Consecrate","Sanctity"],"picked":"Evaluate","floor":24},{"not_picked":["Fasting2","Worship"],"picked":"EmptyFist+1","floor":25},{"not_picked":["FearNoEvil","Sanctity"],"picked":"Nirvana+1","floor":27},{"not_picked":["Indignation","FollowUp"],"picked":"Prostrate","floor":28},{"not_picked":["Blasphemy","Brilliance"],"picked":"Devotion","floor":33},{"not_picked":["Protect","FearNoEvil+1"],"picked":"Perseverance","floor":35},{"not_picked":["EmptyFist","Consecrate+1"],"picked":"CutThroughFate","floor":36},{"not_picked":["FlurryOfBlows","Evaluate+1"],"picked":"LikeWater","floor":38},{"not_picked":["Judgement","EmptyBody","Pray"],"picked":"SKIP","floor":39},{"not_picked":["Evaluate+1","Protect"],"picked":"CutThroughFate+1","floor":41},{"not_picked":["FollowUp","Pray+1"],"picked":"WheelKick+1","floor":42},{"not_picked":["Study","ClearTheMind+1"],"picked":"Wallop+1","floor":44},{"not_picked":["Fasting2","SignatureMove"],"picked":"ThirdEye+1","floor":46},{"not_picked":["Prostrate+1","WheelKick"],"picked":"Perseverance+1","floor":48}],"player_experience":20865,"relics_obtained":[{"floor":6.0,"key":"Regal Pillow"},{"floor":9.0,"key":"Meat on the Bone"},{"floor":12.0,"key":"InkBottle"},{"floor":14.0,"key":"Odd Mushroom"},{"floor":19,"key":"Red Mask"},{"floor":24,"key":"Dream Catcher"},{"floor":26,"key":"Bronze Scales"},{"floor":42,"key":"Anchor"},{"floor":44,"key":"Bird Faced Urn"},{"floor":46,"key":"Toy Ornithopter"}],"event_choices":[{"damage_healed":0.0,"max_hp_gain":0.0,"max_hp_loss":0.0,"gold_gain":0.0,"event_name":"Big Fish","player_choice":"Box","floor":3.0,"gold_loss":0.0,"damage_taken":0.0,"relics_obtained":["Vajra"],"cards_obtained":["Regret"]},{"damage_healed":0.0,"max_hp_gain":0.0,"max_hp_loss":0.0,"gold_gain":0.0,"event_name":"Living Wall","player_choice":"Grow","floor":5.0,"gold_loss":0.0,"damage_taken":0.0,"cards_upgraded":["Eruption"]},{"damage_healed":0.0,"max_hp_gain":0.0,"max_hp_loss":0.0,"gold_gain":0.0,"event_name":"Mushrooms","player_choice":"Fought Mushrooms","floor":14.0,"gold_loss":0.0,"damage_taken":0.0},{"damage_healed":0,"gold_gain":0,"player_choice":"Fought Bandits","damage_taken":0,"max_hp_gain":0,"max_hp_loss":0,"event_name":"Masked Bandits","floor":19,"gold_loss":0},{"damage_healed":0,"gold_gain":0,"player_choice":"Became a vampire","damage_taken":0,"max_hp_gain":0,"max_hp_loss":22,"event_name":"Vampires","floor":29,"gold_loss":0,"cards_obtained":["Bite","Bite","Bite","Bite","Bite"]},{"damage_healed":0,"gold_gain":0,"player_choice":"Rummage","damage_taken":0,"relics_obtained":["WarpedTongs"],"max_hp_gain":0,"max_hp_loss":0,"event_name":"Accursed Blacksmith","floor":31,"gold_loss":0,"cards_obtained":["Pain"]},{"cards_removed":["Prostrate"],"damage_healed":0,"gold_gain":0,"player_choice":"Removed Skill","damage_taken":0,"max_hp_gain":0,"max_hp_loss":0,"event_name":"Falling","floor":37,"gold_loss":0},{"damage_healed":0,"gold_gain":0,"player_choice":"Fight","damage_taken":0,"max_hp_gain":0,"max_hp_loss":0,"event_name":"MindBloom","floor":44,"gold_loss":0}],"is_beta":false,"boss_relics":[{"not_picked":["Velvet Choker","Snecko Eye"],"picked":"SacredBark"},{"not_picked":["Sozu","Tiny House"],"picked":"HolyWater"}],"items_purged_floors":[4,4,4,4,21,21,21,21,21],"is_endless":false,"potions_floor_spawned":[6,8,11,12,14,18,19,33,36,38,39,44],"killed_by":"Time Eater","ascension_level":2}}