{"host":"91blwi3hgehj6ch9","time":1609895798,"event":{"mods":["2.2 Compatiblity","AchievementEnabler","BaseMod","Colored Map","DeckTracker","Keyboard Shortcuts","Minty Spire (QoL Compilation)","Permanent Neow","Quick Restart","StSLib","SuperFastMode"],"gold_per_floor":[115,115,115,115,115,115,145,145,145,179,33,43,43,60,60,157,157,170,170,185,220,120,120,130,145,145,155,165,165,178,193,193,294,294,311,311,329,344,362,362,379,410,410,423,449,449,462,462,462,462,462,462,255,287,287],"floor_reached":56,"playtime":3499,"items_purged":["Strike_P","PathToVictory","Eruption+1"],"score":1780,"play_id":"e025f6ec-56a5-4daf-841e-ad0fbdd3e3ff","local_time":"20210106101638","is_ascension_mode":true,"campfire_choices":[{"data":"Eruption","floor":6.0,"key":"SMITH"},{"floor":8.0,"key":"REST"},{"floor":15.0,"key":"REST"},{"floor":23.0,"key":"REST"},{"floor":29.0,"key":"REST"},{"floor":32.0,"key":"REST"},{"floor":40.0,"key":"RECALL"},{"floor":46.0,"key":"REST"},{"floor":49.0,"key":"REST"},{"floor":52.0,"key":"REST"}],"circlet_count":0,"master_deck":["Vigilance+1","EmptyFist+1","InnerPeace+1","CutThroughFate+1","MentalFortress+1","Prostrate+1","EmptyMind+1","Pray+1","Prostrate+1","ReachHeaven+1","EmptyMind+1","Pray+1","MentalFortress+1","Deep Breath","Vault"],"relics":["PureWater","Bronze Scales","Ancient Tea Set","Potion Belt","Empty Cage","Nloth\u0027s Gift","Red Mask","Lizard Tail","Astrolabe","Regal Pillow","Art of War","Mango"],"acts_visited":["Exordium","TheCity","TheBeyond","TheEnding"],"potions_floor_usage":[55,55,55],"damage_taken":[{"damage":0.0,"enemies":"Small Slimes","floor":1.0,"turns":2.0},{"damage":22.0,"enemies":"Gremlin Nob","floor":7.0,"turns":3.0},{"damage":27.0,"enemies":"3 Sentries","floor":10.0,"turns":8.0},{"damage":0.0,"enemies":"Jaw Worm","floor":12.0,"turns":3.0},{"damage":0.0,"enemies":"Cultist","floor":14.0,"turns":3.0},{"damage":18.0,"enemies":"Slime Boss","floor":16.0,"turns":7.0},{"damage":0.0,"enemies":"Spheric Guardian","floor":18.0,"turns":3.0},{"damage":16.0,"enemies":"2 Thieves","floor":20.0,"turns":3.0},{"damage":23.0,"enemies":"Masked Bandits","floor":21.0,"turns":5.0},{"damage":2.0,"enemies":"Centurion and Healer","floor":24.0,"turns":5.0},{"damage":6.0,"enemies":"Snake Plant","floor":25.0,"turns":2.0},{"damage":4.0,"enemies":"Chosen and Byrds","floor":27.0,"turns":4.0},{"damage":0.0,"enemies":"Centurion and Healer","floor":28.0,"turns":4.0},{"damage":13.0,"enemies":"Cultist and Chosen","floor":30.0,"turns":5.0},{"damage":1.0,"enemies":"Shelled Parasite and Fungi","floor":31.0,"turns":2.0},{"damage":0.0,"enemies":"Collector","floor":33.0,"turns":6.0},{"damage":5.0,"enemies":"3 Darklings","floor":35.0,"turns":3.0},{"damage":0.0,"enemies":"3 Shapes","floor":37.0,"turns":3.0},{"damage":0.0,"enemies":"Sphere and 2 Shapes","floor":38.0,"turns":4.0},{"damage":0.0,"enemies":"4 Shapes","floor":39.0,"turns":2.0},{"damage":0.0,"enemies":"Transient","floor":41.0,"turns":5.0},{"damage":30.0,"enemies":"Nemesis","floor":42.0,"turns":5.0},{"damage":10.0,"enemies":"Jaw Worm Horde","floor":44.0,"turns":3.0},{"damage":5.0,"enemies":"Giant Head","floor":45.0,"turns":5.0},{"damage":0.0,"enemies":"3 Darklings","floor":47.0,"turns":3.0},{"damage":0.0,"enemies":"Awakened One","floor":50.0,"turns":5.0},{"damage":3.0,"enemies":"Shield and Spear","floor":54.0,"turns":3.0},{"damage":89,"enemies":"The Heart","floor":55,"turns":7}],"seed_played":"-819326452447473803","potions_obtained":[{"floor":7.0,"key":"BottledMiracle"},{"floor":16.0,"key":"Fruit Juice"},{"floor":18.0,"key":"BottledMiracle"},{"floor":20.0,"key":"Fire Potion"},{"floor":21.0,"key":"BottledMiracle"},{"floor":31.0,"key":"Block Potion"},{"floor":33.0,"key":"SneckoOil"},{"floor":35.0,"key":"PowerPotion"},{"floor":37.0,"key":"CultistPotion"},{"floor":45.0,"key":"FearPotion"}],"is_trial":false,"path_per_floor":["M","?","?","?","?","R","E","R","T","E","$","M","$","M","R","B",null,"M","?","M","?","$","R","M","M","T","M","M","R","M","M","R","B",null,"M","?","M","M","M","R","M","E","T","M","E","R","M","?","R","B",null,"R","$","E","B",null],"character_chosen":"WATCHER","items_purchased":["MentalFortress","Deep Breath"],"campfire_rested":8,"item_purchase_floors":[11,53],"current_hp_per_floor":[47,52,52,45,27,27,5,28,28,1,1,1,1,1,24,6,59,59,59,43,20,20,43,41,35,35,31,31,54,41,40,63,63,74,69,69,74,74,74,74,74,44,44,34,29,68,68,68,82,82,82,82,82,93,4],"gold":287,"neow_bonus":"TRANSFORM_TWO_CARDS","is_daily":false,"chose_seed":false,"campfire_upgraded":1,"win_rate":0.0,"timestamp":1609895798,"path_taken":["M","?","?","?","?","R","E","R","T","E","$","?","?","M","R","BOSS","M","?","?","?","$","R","M","M","T","M","M","R","M","M","R","BOSS","M","?","?","M","M","R","M","E","T","M","E","R","M","?","R","BOSS","R","$","E","BOSS"],"items_purchased_type":["Card","Card"],"build_version":"2020-12-22","purchased_purges":3,"victory":true,"max_hp_per_floor":[72,77,77,77,77,77,77,77,77,77,77,77,77,77,77,77,77,77,77,77,77,77,77,77,77,77,77,77,77,77,77,77,77,77,77,77,82,82,82,82,82,82,82,82,82,82,82,82,82,82,82,82,82,96,96],"card_choices":[{"not_picked":["JustLucky","Wallop"],"picked":"PathToVictory","floor":1.0},{"not_picked":["Halt","Crescendo"],"picked":"CutThroughFate+1","floor":7.0},{"not_picked":["ThirdEye","Consecrate+1","WaveOfTheHand"],"picked":"SKIP","floor":10.0},{"not_picked":["Nirvana","Crescendo"],"picked":"Prostrate","floor":12.0},{"not_picked":["WheelKick+1","ThirdEye","Vault"],"picked":"SKIP","floor":14.0},{"not_picked":["SpiritShield","Vault"],"picked":"LessonLearned+1","floor":16.0},{"not_picked":["EmptyBody","WheelKick+1","PathToVictory"],"picked":"SKIP","floor":18.0},{"not_picked":["FlurryOfBlows","JustLucky"],"picked":"EmptyMind+1","floor":20.0},{"not_picked":["Protect","Crescendo+1","WaveOfTheHand"],"picked":"SKIP","floor":24.0},{"not_picked":["FlyingSleeves","Omniscience","LikeWater"],"picked":"SKIP","floor":25.0},{"not_picked":["EmptyMind","CrushJoints"],"picked":"Pray+1","floor":27.0},{"not_picked":["SpiritShield","CrushJoints"],"picked":"Prostrate+1","floor":28.0},{"not_picked":["Crescendo","FlurryOfBlows","Alpha"],"picked":"SKIP","floor":30.0},{"not_picked":["FlyingSleeves","TalkToTheHand+1","Vengeance"],"picked":"SKIP","floor":31.0},{"not_picked":["PathToVictory+1","Collect","FollowUp+1"],"picked":"SKIP","floor":35.0},{"not_picked":["Prostrate","Meditate+1","Establishment"],"picked":"SKIP","floor":37.0},{"not_picked":["PathToVictory+1","ForeignInfluence+1","WaveOfTheHand"],"picked":"SKIP","floor":38.0},{"not_picked":["EmptyBody+1","EmptyFist+1","Halt"],"picked":"SKIP","floor":39.0},{"not_picked":["JustLucky","BowlingBash+1","InnerPeace+1"],"picked":"SKIP","floor":41.0},{"not_picked":["Indignation+1","Scrawl"],"picked":"MentalFortress+1","floor":42.0},{"not_picked":["BowlingBash","Consecrate","WreathOfFlame"],"picked":"SKIP","floor":44.0},{"not_picked":["SandsOfTime+1","InnerPeace+1","SashWhip"],"picked":"SKIP","floor":45.0},{"not_picked":["JustLucky","SignatureMove","Crescendo"],"picked":"SKIP","floor":47.0},{"not_picked":["Wireheading","Collect+1"],"picked":"Vault","floor":54.0}],"player_experience":91675,"relics_obtained":[{"floor":7.0,"key":"Molten Egg 2"},{"floor":9.0,"key":"Ancient Tea Set"},{"floor":10.0,"key":"Potion Belt"},{"floor":21.0,"key":"Red Mask"},{"floor":26.0,"key":"Lizard Tail"},{"floor":42.0,"key":"Regal Pillow"},{"floor":45.0,"key":"Art of War"},{"floor":54.0,"key":"Mango"}],"event_choices":[{"damage_healed":0.0,"max_hp_gain":5.0,"max_hp_loss":0.0,"gold_gain":0.0,"event_name":"Big Fish","player_choice":"Donut","floor":2.0,"gold_loss":0.0,"damage_taken":0.0},{"damage_healed":0.0,"max_hp_gain":0.0,"max_hp_loss":0.0,"gold_gain":0.0,"event_name":"Liars Game","player_choice":"Ignored","floor":3.0,"gold_loss":0.0,"damage_taken":0.0},{"cards_removed":["Defend_P"],"damage_healed":0.0,"max_hp_gain":0.0,"max_hp_loss":0.0,"gold_gain":0.0,"event_name":"Golden Wing","player_choice":"Card Removal","floor":4.0,"gold_loss":0.0,"damage_taken":7.0},{"damage_healed":0.0,"max_hp_gain":0.0,"max_hp_loss":0.0,"gold_gain":0.0,"event_name":"Scrap Ooze","player_choice":"Success","floor":5.0,"gold_loss":0.0,"damage_taken":18.0,"relics_obtained":["Bronze Scales"]},{"damage_healed":0.0,"max_hp_gain":0.0,"max_hp_loss":0.0,"gold_gain":0.0,"event_name":"N\u0027loth","player_choice":"Traded Relic","floor":19.0,"relics_lost":["Molten Egg 2"],"gold_loss":0.0,"damage_taken":0.0,"relics_obtained":["Nloth\u0027s Gift"]},{"damage_healed":0.0,"max_hp_gain":0.0,"max_hp_loss":0.0,"gold_gain":0.0,"event_name":"Masked Bandits","player_choice":"Fought Bandits","floor":21.0,"gold_loss":0.0,"damage_taken":0.0},{"damage_healed":0.0,"max_hp_gain":0.0,"max_hp_loss":0.0,"gold_gain":0.0,"event_name":"Duplicator","player_choice":"Copied","floor":36.0,"gold_loss":0.0,"damage_taken":0.0,"cards_obtained":["Pray"]},{"cards_removed":["DeceiveReality"],"damage_healed":0.0,"max_hp_gain":0.0,"max_hp_loss":0.0,"gold_gain":0.0,"event_name":"Falling","player_choice":"Removed Skill","floor":48.0,"gold_loss":0.0,"damage_taken":0.0}],"is_beta":false,"boss_relics":[{"not_picked":["Runic Pyramid","Snecko Eye"],"picked":"Empty Cage"},{"not_picked":["Pandora\u0027s Box","Black Star"],"picked":"Astrolabe"}],"items_purged_floors":[11,22,53],"is_endless":false,"potions_floor_spawned":[7,16,18,20,21,31,33,35,37,38,45,47],"ascension_level":9}}