{"host":"xtgfl0e7r8rfgbei","time":1609951148,"event":{"mods":["Arknights The Spire","BaseMod","Colored Map","Colored Powertips","Downfall","Infinite Spire","Marisa£®ÏF”Í°°ƒß¿Ì…≥£©","Minty Spire (QoL Compilation)","READ ME - Guardian Mod","Rare Cards Sparkle","Replay The Spire","StSLib","The Bug Knight","The Cursed","The Servant 0.9.4","≤–¡Ù÷ÆŒÔ"],"gold_per_floor":[112,112,112,128,148,148,198,252,291,333,372,384,420,473,485,512,524,562,0,12,24,75,87,139,151,163,175,215,255,290,329,341,363,363],"floor_reached":33,"playtime":3588,"items_purged":[],"score":296,"play_id":"826f9b08-529c-4c0f-ae6e-0ea286eefb2e","local_time":"20210107003908","is_ascension_mode":false,"campfire_choices":[{"data":"RealityMarble","floor":6,"key":"SMITH"},{"data":"MoonPhase","floor":12,"key":"SMITH"},{"floor":15,"key":"DIG"},{"data":"FlawlessForm","floor":23,"key":"SMITH"},{"data":"SoulSculpture","floor":25,"key":"SMITH"},{"floor":32,"key":"REST"}],"circlet_count":0,"master_deck":["Strike_S","Strike_S","Strike_S","Strike_S","Defend_S","Defend_S","Defend_S","Defend_S","KidneyShot","Exchange","Luminosity","Alleviate","RealityMarble+1","MoonPhase+1","TimeWarp","Spin","SoulSculpture+1","Spin","FlawlessForm+1","Rearm","Doubt","ShatteredReality","BottledTime","Replay:Hysterical Blindness","ReplayTheSpireMod:Book of Names","Ricochet","TimeWarp","Moonlight+1","Replay:Hysterical Blindness","Unruled+1"],"relics":["Uniform","Ring of Peace","Ring of Greed","Replay:Bandana","MawBank","Bronze Scales","infinitespire:PuzzleCube","Black Star","Pear","Centennial Puzzle","Eternal Feather"],"acts_visited":["Exordium","TheCity"],"potions_floor_usage":[8,11,16,28,30],"damage_taken":[{"damage":6,"enemies":"2 Louse","floor":1,"turns":2},{"damage":0,"enemies":"Small Slimes","floor":4,"turns":3},{"damage":3,"enemies":"Jaw Worm","floor":5,"turns":5},{"damage":10,"enemies":"Gremlin Nob","floor":8,"turns":5},{"damage":19,"enemies":"Lots of Slimes","floor":10,"turns":4},{"damage":0,"enemies":"Exordium Wildlife","floor":11,"turns":4},{"damage":0,"enemies":"2 Fungi Beasts","floor":13,"turns":4},{"damage":1,"enemies":"Red Slaver","floor":14,"turns":4},{"damage":12,"enemies":"Fading Forest","floor":16,"turns":11},{"damage":0,"enemies":"Shell Parasite","floor":18,"turns":7},{"damage":6,"enemies":"Centurion and Healer","floor":22,"turns":12},{"damage":27,"enemies":"Book of Stabbing","floor":24,"turns":7},{"damage":0,"enemies":"Snecko","floor":28,"turns":7},{"damage":5,"enemies":"Snake Plant","floor":29,"turns":5},{"damage":6,"enemies":"Centurion and Healer","floor":30,"turns":4},{"damage":0,"enemies":"Snecko","floor":31,"turns":5},{"damage":69,"enemies":"Automaton","floor":33,"turns":8}],"seed_played":"-7115134560918236576","potions_obtained":[{"floor":1,"key":"Elixir"},{"floor":4,"key":"Fire Potion"},{"floor":10,"key":"Block Potion"},{"floor":13,"key":"Strength Potion"},{"floor":14,"key":"LiquidMemories"},{"floor":22,"key":"FearPotion"},{"floor":24,"key":"Energy Potion"},{"floor":29,"key":"Weak Potion"}],"is_trial":false,"path_per_floor":["M","?","?","M","M","R","?","E","T","M","M","R","M","M","R_BF","B",null,"M","?","?","$","M","R","E","R","T","?","M","M","M","M","R","B"],"character_chosen":"THE_SERVANT","items_purchased":[],"campfire_rested":1,"item_purchase_floors":[],"current_hp_per_floor":[65,65,70,70,67,67,67,57,57,38,38,38,38,37,37,35,76,76,76,76,76,70,70,53,53,53,31,31,26,20,20,63,0,0],"gold":363,"neow_bonus":"TEN_PERCENT_HP_BONUS","is_daily":false,"chose_seed":false,"campfire_upgraded":4,"win_rate":0.0,"timestamp":1609951148,"path_taken":["M","?","?","M","M","R","?","E","T","?","?","R","M","M","R_BF","BOSS","M","?","?","?","?","R","E","R","T","?","M","M","M","M","R","BOSS"],"items_purchased_type":[],"build_version":"2020-12-22","purchased_purges":0,"victory":false,"max_hp_per_floor":[71,71,76,76,76,76,76,76,76,76,76,76,76,76,76,76,76,76,76,76,76,76,76,86,86,86,86,86,86,86,86,86,86,86],"card_choices":[{"not_picked":["BottledTime","Sabotage"],"picked":"Luminosity","floor":1},{"not_picked":["Collapse","Replace"],"picked":"Alleviate","floor":4},{"not_picked":["Rewind","Starlight"],"picked":"RealityMarble","floor":5},{"not_picked":["Defy","Unruled"],"picked":"MoonPhase","floor":8},{"not_picked":["Rearm","Reset"],"picked":"TimeWarp","floor":10},{"not_picked":["Alleviate","Reset"],"picked":"Spin","floor":11},{"not_picked":["BottledTime","Starlight"],"picked":"SoulSculpture","floor":13},{"not_picked":["SpecialFormula","Defy"],"picked":"Spin","floor":14},{"not_picked":["TheWorld","Initiator"],"picked":"FlawlessForm","floor":16},{"not_picked":["Defy","Alleviate"],"picked":"Rearm","floor":18},{"not_picked":["FastForward","Rearm+1"],"picked":"ShatteredReality","floor":22},{"not_picked":["Moondial","ShatteredReality"],"picked":"BottledTime","floor":24},{"not_picked":["infinitespire:FinalStrike","infinitespire:Gouge"],"picked":"ReplayTheSpireMod:Book of Names","floor":27},{"not_picked":["Alleviate","Misdirection"],"picked":"Ricochet","floor":28},{"not_picked":["Ricochet+1","PendulumOfEternity"],"picked":"TimeWarp","floor":29},{"not_picked":["DoubleEdge","Snipe"],"picked":"Moonlight+1","floor":30},{"not_picked":["Comet","DualDimension"],"picked":"Unruled+1","floor":31}],"player_experience":331334,"relics_obtained":[{"floor":7,"key":"Ring of Peace"},{"floor":7,"key":"Ring of Greed"},{"floor":7,"key":"Replay:Bandana"},{"floor":7,"key":"MawBank"},{"floor":8,"key":"Bronze Scales"},{"floor":15,"key":"infinitespire:PuzzleCube"},{"floor":24,"key":"Pear"},{"floor":24,"key":"Centennial Puzzle"},{"floor":26,"key":"Eternal Feather"}],"event_choices":[{"damage_healed":0,"gold_gain":0,"player_choice":"Ignored","damage_taken":0,"max_hp_gain":0,"max_hp_loss":0,"event_name":"Golden Wing","floor":2,"gold_loss":0},{"damage_healed":0,"gold_gain":0,"player_choice":"Donut","damage_taken":0,"max_hp_gain":5,"max_hp_loss":0,"event_name":"Big Fish","floor":3,"gold_loss":0},{"damage_healed":0,"gold_gain":0,"player_choice":"Paid Fearfully","damage_taken":0,"max_hp_gain":0,"max_hp_loss":0,"event_name":"Masked Bandits","floor":19,"gold_loss":574},{"cards_removed":["Slimebound:Icky"],"damage_healed":0,"gold_gain":0,"player_choice":"Elegance","damage_taken":0,"max_hp_gain":0,"max_hp_loss":0,"event_name":"Back to Basics","floor":20,"gold_loss":0}],"is_beta":false,"boss_relics":[{"not_picked":["SacredBark","Replay:Drink Me"],"picked":"Black Star"}],"items_purged_floors":[],"is_endless":false,"potions_floor_spawned":[1,4,10,13,14,22,24,29],"killed_by":"Automaton","ascension_level":0}}