{"host":"jh7kh5nqtgzr3auj","time":1609932295,"event":{"mods":["AchievementEnabler","Act Like it!","Arknights The Spire","BaseMod","CapriCore","Gensokyo","Highlight Path","Minty Spire (QoL Compilation)","Quick Restart","StSLib","TestMod"],"gold_per_floor":[114,114,149,149,164,195,195,225,225,257,268,198,208,224,224,329,329,348,348,348,365,383,383,413,119,142,160,188,34,53,53,53,455,455,466,866,795,795,652,681,681,708,708,721,756,103,122,154,154,154],"floor_reached":51,"playtime":4702,"items_purged":[],"score":1016,"play_id":"b246e9e4-019b-4ce6-86bb-3adb48d23f20","local_time":"20210106192455","is_ascension_mode":true,"campfire_choices":[{"data":"ats:Closed Bolt Burst Fire","floor":7.0,"key":"SMITH"},{"data":"ats:Durian","floor":15.0,"key":"SMITH"},{"data":"ats:Emotion Absorption","floor":23.0,"key":"SMITH"},{"data":"ats:Healing Strengthening","floor":32.0,"key":"SMITH"},{"data":"Madness","floor":41,"key":"SMITH"},{"data":"ats:Thorns","floor":49,"key":"SMITH"}],"circlet_count":0,"master_deck":["ats:Emotion Absorption+1","ats:Shell Defense","ats:Closed Bolt Burst Fire+1","ats:Ambush+1","ats:Explosion Area Strengthen+1","ats:Durian+1","ats:Counter Healing Mode+1","ats:Flexible Camouflage+1","ats:Disruption Kick+1","ats:Healing Strengthening+1","ats:Support Order+1","ats:Wolf Pack+1","ats:Very Hot Blade+1","ats:Wolf Pack+1","ats:Consecutive Shot Auto+1","ats:Overload+1","Madness+1","ats:Curse Doll","ats:Neurotoxin+1","ats:Thorns+1","ats:Shadow Assault+1","Gensokyo:BlemishedSteel","Gensokyo:BlemishedSteel","ats:Hook Shot+1","ats:Shell Defense+1"],"relics":["ats:Sanity","testmod-TestBox","testmod-ChristmasGift","ats:Originium","testmod-AssaultLearning","Mummified Hand","CaptainsWheel","Molten Egg 2","Shuriken","TungstenRod","testmod-SaigiyounoYou","ats:Industrial Water Cannon","Medical Kit","Anchor","testmod-ConstraintPeriapt","Bag of Preparation","Orichalcum","testmod-CasingShield","testmod-KeyOfTheVoid","Akabeko","ats:Hidden Killer","InkBottle","Singing Bowl","testmod-BlackFramedGlasses","testmod-Charity","ats:Snipe","DollysMirror","TheAbacus","Oddly Smooth Stone"],"acts_visited":["Gensokyo:Gensokyo","Gensokyo:Gensokyoer","Gensokyo:Gensokyoest"],"potions_floor_usage":[33,33,33,33,33,33,33,33,33,33,33,33,33,33,33,33,40,40,40,42,42,42,44,44,44,45,45,45,47,47,47,47,47,47,47,47,48,50,50,50,50,50,50,50,50],"damage_taken":[{"damage":0.0,"enemies":"Gensokyo:Python","floor":1.0,"turns":3.0},{"damage":0.0,"enemies":"Gensokyo:Aya","floor":3.0,"turns":2.0},{"damage":6.0,"enemies":"Gensokyo:Gryphon","floor":5.0,"turns":14.0},{"damage":17.0,"enemies":"Gensokyo:Cirno","floor":6.0,"turns":5.0},{"damage":10.0,"enemies":"Gensokyo:Aya","floor":8.0,"turns":3.0},{"damage":4.0,"enemies":"Gensokyo:Cirno","floor":10.0,"turns":6.0},{"damage":0.0,"enemies":"Gensokyo:2_Kodama","floor":11.0,"turns":3.0},{"damage":0.0,"enemies":"Gensokyo:LivingMonolith","floor":13.0,"turns":2.0},{"damage":0.0,"enemies":"Gensokyo:Python_and_Kodama","floor":14.0,"turns":3.0},{"damage":38.0,"enemies":"Gensokyo:Yukari","floor":16.0,"turns":7.0},{"damage":5.0,"enemies":"Gensokyo:3_Dogs","floor":18.0,"turns":6.0},{"damage":14.0,"enemies":"Gensokyo:AngelMirror","floor":21.0,"turns":3.0},{"damage":3.0,"enemies":"Gensokyo:Chomper_and_Gloop","floor":22.0,"turns":6.0},{"damage":0.0,"enemies":"Gensokyo:Koishi","floor":24.0,"turns":2.0},{"damage":35.0,"enemies":"Gensokyo:Slime_Group","floor":27.0,"turns":6.0},{"damage":21.0,"enemies":"Gensokyo:Tenshi","floor":28.0,"turns":7.0},{"damage":0.0,"enemies":"Gensokyo:3_Gloops","floor":30.0,"turns":3.0},{"damage":42,"enemies":"Gensokyo:Eternal_Rivals","floor":33,"turns":14},{"damage":13,"enemies":"Gensokyo:AncientGuardian","floor":35,"turns":6},{"damage":11,"enemies":"Gensokyo:Kasen","floor":40,"turns":7},{"damage":32,"enemies":"Gensokyo:Doremy","floor":42,"turns":6},{"damage":0,"enemies":"Gensokyo:3_Bats","floor":44,"turns":2},{"damage":10,"enemies":"Gensokyo:Kasen","floor":45,"turns":4},{"damage":0,"enemies":"Gensokyo:SeedOfUnknown","floor":47,"turns":5},{"damage":5,"enemies":"Gensokyo:Marisa","floor":48,"turns":5},{"damage":18,"enemies":"Gensokyo:Scarlet_Devils","floor":50,"turns":7}],"seed_played":"-842607367419872675","potions_obtained":[{"floor":5.0,"key":"SkillPotion"},{"floor":13.0,"key":"ats:Emergency Sanity Potion"},{"floor":21.0,"key":"EssenceOfSteel"},{"floor":24.0,"key":"Weak Potion"},{"floor":30.0,"key":"Block Potion"},{"floor":42,"key":"Dexterity Potion"}],"is_trial":false,"path_per_floor":["M","?","?","T","M","E","R","E","T","E","M","?","M","M","R","B",null,"M","?","?","M","M","R","E","COS","T","M","E","$","M","?","R","B",null,"M","?","$","T","$","E","R","E","T","M","E","COS","M","E","R","B",null],"character_chosen":"DOCTOR_CLASS","items_purchased":["Bag of Preparation","ats:Overload+1","Madness","ats:Curse Doll"],"campfire_rested":0,"item_purchase_floors":[29,37,39,39],"current_hp_per_floor":[72,72,72,72,72,65,65,58,58,68,72,72,72,72,72,41,72,72,72,72,68,72,72,72,72,72,60,67,67,72,72,72,72,72,63,63,63,63,63,72,72,72,72,74,74,74,75,76,76,76],"gold":154,"neow_bonus":"THREE_ENEMY_KILL","is_daily":false,"chose_seed":false,"campfire_upgraded":6,"win_rate":0.0,"timestamp":1609932295,"path_taken":["M","?","?","?","M","E","R","E","T","E","?","?","M","M","R","BOSS","M","?","?","M","M","R","E","COS","T","M","E","$","M","?","R","BOSS","M","?","?","?","$","E","R","E","T","M","E","COS","M","E","R","BOSS"],"items_purchased_type":["Relic","Card","Card","Card"],"build_version":"2020-12-22","purchased_purges":0,"victory":true,"max_hp_per_floor":[72,72,72,72,72,72,72,72,72,72,72,72,72,72,72,72,72,72,72,72,72,72,72,72,72,72,72,72,72,72,72,72,72,72,72,72,72,72,72,72,72,72,72,74,74,74,75,76,76,76],"card_choices":[{"not_picked":["ats:Consecutive Shot Auto","ats:Powerful Strike"],"picked":"ats:Shell Defense","floor":1.0},{"not_picked":["ats:Assault Order","ats:Encircling Forest"],"picked":"ats:Closed Bolt Burst Fire","floor":2.0},{"not_picked":["ats:Encircling Forest","ats:Revitalization"],"picked":"ats:Childhood Dance","floor":2.0},{"not_picked":["ats:Beaten Up","ats:Shell Defense"],"picked":"ats:Apocalypse","floor":3.0},{"not_picked":["ats:Cat Scratch","ats:Poison Spread"],"picked":"ats:Ambush","floor":5.0},{"not_picked":["ats:Closed Bolt Burst Fire","ats:Consecutive Shot Auto"],"picked":"ats:Very Hot Blade","floor":6.0},{"not_picked":["ats:Hammer On+1","ats:Poison Spread+1"],"picked":"ats:Explosion Area Strengthen+1","floor":8.0},{"not_picked":["ats:Encircling Forest","ats:Ignite+1","ats:Durian"],"picked":"SKIP","floor":10.0},{"not_picked":["ats:Encircling Forest","ats:Ignite+1"],"picked":"ats:Durian","floor":10.0},{"not_picked":["ats:Closed Bolt Burst Fire+1","ats:Curse Doll"],"picked":"ats:Counter Healing Mode","floor":11.0},{"not_picked":["ats:Ignite+1","ats:Apocalypse"],"picked":"ats:Consecutive Shot Auto+1","floor":13.0},{"not_picked":["ats:Steam Pump","ats:Revitalization"],"picked":"ats:Flexible Camouflage","floor":14.0},{"not_picked":["ats:Volcano+1","ats:Roar Of Ursus"],"picked":"ats:Disruption Kick+1","floor":16.0},{"not_picked":["ats:Explosion Area Strengthen+1","ats:Poison Spread+1"],"picked":"ats:Assault Order","floor":18.0},{"not_picked":["ats:Consecutive Shot Auto+1","ats:Leaping Hammer+1"],"picked":"ats:Support Order+1","floor":21.0},{"not_picked":["ats:Magnetic Hammer+1","ats:Consecutive Shot Auto+1"],"picked":"ats:Wolf Pack+1","floor":22.0},{"not_picked":["ats:LN2 Cannon+1","ats:Sunburst+1"],"picked":"ats:Very Hot Blade+1","floor":24.0},{"not_picked":["ats:Childhood Dance","ats:Leaping Hammer+1","ats:Hammer On+1"],"picked":"SKIP","floor":27.0},{"not_picked":["ats:Collapsing Strike+1","ats:Ignite+1"],"picked":"ats:Directed Diagnosis","floor":28.0},{"not_picked":["ats:Consecutive Shot Auto+1","ats:Shell Defense","ats:Defend Order+1"],"picked":"SKIP","floor":30.0},{"not_picked":["ats:Dogmatic Field","ats:Ambush"],"picked":"ats:Wolf Pack+1","floor":33},{"not_picked":["ats:Shadow Raid+1","ats:Poison Spread+1"],"picked":"ats:Consecutive Shot Auto+1","floor":35},{"not_picked":["ats:Ignite+1","ats:Hammer On+1"],"picked":"ats:Neurotoxin+1","floor":40},{"not_picked":["ats:Poison Spread+1","ats:Shell Defense"],"picked":"ats:Thorns","floor":42},{"not_picked":["ats:Thermite Blade+1","ats:Collapsing Strike+1","ats:Blood Oath+1"],"picked":"Singing Bowl","floor":44},{"not_picked":["ats:Soul Absorption","ats:Steam Pump"],"picked":"ats:Shadow Assault+1","floor":45},{"not_picked":["ats:Red Shift+1","ats:Flame Of Heaven"],"picked":"ats:Hook Shot+1","floor":47},{"not_picked":["ats:Defend Order","ats:Powerful Strike+1"],"picked":"ats:Shell Defense+1","floor":48}],"player_experience":275404,"relics_obtained":[{"floor":3.0,"key":"ats:Originium"},{"floor":3.0,"key":"testmod-AssaultLearning"},{"floor":4.0,"key":"Mummified Hand"},{"floor":6.0,"key":"ats:Originium"},{"floor":6.0,"key":"CaptainsWheel"},{"floor":8.0,"key":"ats:Originium"},{"floor":8.0,"key":"Molten Egg 2"},{"floor":9.0,"key":"Shuriken"},{"floor":10.0,"key":"TungstenRod"},{"floor":24.0,"key":"ats:Industrial Water Cannon"},{"floor":26.0,"key":"Anchor"},{"floor":28.0,"key":"testmod-ConstraintPeriapt"},{"floor":38,"key":"Akabeko"},{"floor":40,"key":"ats:Hidden Killer"},{"floor":42,"key":"InkBottle"},{"floor":43,"key":"Singing Bowl"},{"floor":45,"key":"testmod-BlackFramedGlasses"},{"floor":48,"key":"Oddly Smooth Stone"}],"event_choices":[{"damage_healed":0.0,"max_hp_gain":0.0,"max_hp_loss":0.0,"gold_gain":0.0,"event_name":"给自己的盒子","player_choice":"Swap Relic","floor":31.0,"relics_lost":["War Paint"],"gold_loss":0.0,"damage_taken":0.0,"relics_obtained":["War Paint"]},{"damage_healed":0,"gold_gain":400,"player_choice":"Sell","damage_taken":0,"max_hp_gain":0,"max_hp_loss":0,"event_name":"恩洛斯的盘子","floor":36,"relics_lost":["NeowsBlessing"],"gold_loss":0}],"is_beta":false,"boss_relics":[{"not_picked":["Calling Bell","testmod-StringDisintegrator"],"picked":"testmod-SaigiyounoYou"},{"not_picked":["Fusion Hammer","Busted Crown"],"picked":"testmod-KeyOfTheVoid"}],"items_purged_floors":[],"is_endless":false,"potions_floor_spawned":[5,6,11,13,14,21,24,27,30,42,44,45],"ascension_level":1}}