{"host":"x1qj4d8ympd5jdqh","time":1609912603,"event":{"mods":["AchievementEnabler","AlwaysNeverKeys","BaseMod","Colored Map","Custom Start","DeckTracker","Highlight Path","Minty Spire (QoL Compilation)","StSLib","SuperFastMode"],"gold_per_floor":[112,37,37,52,52,52,72,101,149,37,109,109,125,125,125,203,203,223,240,240,240],"floor_reached":20,"playtime":456,"items_purged":["Strike_P"],"score":344,"play_id":"0ac61112-9e2c-4ef0-9acb-2434d8407acc","local_time":"20210106145643","is_ascension_mode":true,"campfire_choices":[{"data":"Eruption","floor":6,"key":"SMITH"},{"data":"CrushJoints","floor":12,"key":"SMITH"},{"floor":15,"key":"REST"}],"circlet_count":0,"master_deck":["AscendersBane","Strike_P","Strike_P","Strike_P","Defend_P","Defend_P","Defend_P","Eruption+1","Vigilance","Dramatic Entrance","EmptyBody","CrushJoints+1","MentalFortress","Vault"],"relics":["PureWater","Toy Ornithopter","Boot","InkBottle"],"acts_visited":["Exordium","TheCity"],"potions_floor_usage":[8,16,16],"damage_taken":[{"damage":7,"enemies":"Cultist","floor":1,"turns":3},{"damage":14,"enemies":"Jaw Worm","floor":4,"turns":2},{"damage":0,"enemies":"2 Louse","floor":7,"turns":1},{"damage":32,"enemies":"3 Sentries","floor":8,"turns":8},{"damage":3,"enemies":"Exordium Thugs","floor":13,"turns":5},{"damage":26,"enemies":"The Guardian","floor":16,"turns":10},{"damage":19,"enemies":"2 Thieves","floor":18,"turns":5},{"damage":23,"enemies":"Shell Parasite","floor":19,"turns":8},{"damage":0,"enemies":"Sentry and Sphere","floor":20,"turns":2}],"seed_played":"-7411777816573202767","potions_obtained":[{"floor":1,"key":"Dexterity Potion"},{"floor":4,"key":"AttackPotion"},{"floor":14,"key":"CultistPotion"},{"floor":14,"key":"PowerPotion"}],"is_trial":false,"path_per_floor":["M","$","?","M","?","R","M","E","T","$","T","R","M","?","R","B",null,"M","M","M"],"character_chosen":"WATCHER","items_purchased":["CrushJoints","MentalFortress"],"campfire_rested":1,"item_purchase_floors":[10,10],"current_hp_per_floor":[54,54,59,45,45,45,45,13,13,13,13,13,10,10,31,15,59,40,17,17,17],"gold":240,"neow_bonus":"RANDOM_COLORLESS","is_daily":false,"chose_seed":false,"campfire_upgraded":2,"win_rate":0.0,"timestamp":1609912603,"path_taken":["M","$","?","M","?","R","?","E","T","?","?","R","?","?","R","BOSS","M","?","M"],"items_purchased_type":["Card","Card"],"build_version":"2020-12-22","purchased_purges":1,"victory":false,"max_hp_per_floor":[68,68,73,73,73,73,73,73,73,73,73,73,73,73,73,73,73,73,73,73,73],"card_choices":[{"not_picked":["Purity","Forethought"],"picked":"Dramatic Entrance","floor":0},{"not_picked":["Sanctity","EmptyMind","Evaluate"],"picked":"SKIP","floor":1},{"not_picked":["FlurryOfBlows","PathToVictory"],"picked":"EmptyBody","floor":4},{"not_picked":["FlyingSleeves","Protect","EmptyMind"],"picked":"SKIP","floor":7},{"not_picked":["PathToVictory","Wireheading","FlyingSleeves"],"picked":"SKIP","floor":8},{"not_picked":["Prostrate","WindmillStrike","ClearTheMind"],"picked":"SKIP","floor":13},{"not_picked":["Alpha","Establishment"],"picked":"Vault","floor":16},{"not_picked":["FlyingSleeves","WreathOfFlame","Study"],"picked":"SKIP","floor":18},{"not_picked":["Weave","Meditate","Vengeance"],"picked":"SKIP","floor":19}],"player_experience":1319702,"relics_obtained":[{"floor":8,"key":"Toy Ornithopter"},{"floor":9,"key":"Boot"},{"floor":11,"key":"InkBottle"}],"event_choices":[{"damage_healed":0,"gold_gain":0,"player_choice":"Donut","damage_taken":0,"max_hp_gain":5,"max_hp_loss":0,"event_name":"Big Fish","floor":3,"gold_loss":0},{"cards_removed":["Defend_P"],"damage_healed":0,"gold_gain":0,"player_choice":"Offered Basic","damage_taken":0,"max_hp_gain":0,"max_hp_loss":0,"event_name":"Bonfire Elementals","floor":5,"gold_loss":0},{"damage_healed":0,"gold_gain":0,"player_choice":"Got Potions","damage_taken":0,"max_hp_gain":0,"max_hp_loss":0,"event_name":"Lab","floor":14,"gold_loss":0}],"is_beta":false,"boss_relics":[{"not_picked":["Sozu","Velvet Choker","Runic Dome"]}],"items_purged_floors":[2],"is_endless":false,"potions_floor_spawned":[1,4],"killed_by":"Sentry and Sphere","ascension_level":20}}