{"host":"s41rn2jhghpwfrvz","time":1609901356,"event":{"mods":["BaseMod","Minty Spire (QoL Compilation)","Quick Restart","Relic Stats","SuperFastMode"],"gold_per_floor":[114,94,108,108,128,154,165,196,196,231,259,272,304,336,336,410,410,421,421,431,445,457,490,490,519,544,874,884,357,386,386,386,465,465,485,225,244,261,186,219,219,254,254,282,293,326,343,343,343,343,343,343,343,15,48,48],"floor_reached":57,"playtime":1884,"items_purged":["Anger","Blade Dance"],"score":4275,"play_id":"acba5341-2496-49d4-ae5e-760cb67d0807","local_time":"20210106044916","daily_mods":["SealedDeck","Diverse","DeadlyEvents"],"is_ascension_mode":true,"campfire_choices":[{"data":"Body Slam","floor":15,"key":"SMITH"},{"data":"TalkToTheHand","floor":24,"key":"SMITH"},{"data":"Accuracy","floor":32,"key":"SMITH"},{"data":"Skim","floor":41,"key":"SMITH"},{"floor":49,"key":"RECALL"},{"data":"Shrug It Off","floor":53,"key":"PURGE"}],"circlet_count":0,"master_deck":["AscendersBane","Shockwave+1","Expertise","Skim+1","Body Slam+1","Backflip+1","Accuracy+1","Turbo+1","TalkToTheHand+1","Panacea+1","Evolve"],"relics":["Burning Blood","Paper Frog","Regal Pillow","Toxic Egg 2","Charon\u0027s Ashes","Mummified Hand","Bag of Marbles","Coffee Dripper","FossilizedHelix","Mango","Smiling Mask","Old Coin","Peace Pipe","Anchor","Shovel","Question Card","Empty Cage","TheAbacus","Potion Belt","Omamori","Akabeko","Incense Burner","Art of War","InkBottle","Pen Nib"],"acts_visited":["Exordium","TheCity","TheBeyond","TheEnding"],"potions_floor_usage":[6,56,56,56,56],"damage_taken":[{"damage":0,"enemies":"Jaw Worm","floor":1,"turns":3},{"damage":0,"enemies":"Cultist","floor":3,"turns":3},{"damage":8,"enemies":"2 Louse","floor":5,"turns":2},{"damage":0,"enemies":"Gremlin Nob","floor":6,"turns":2},{"damage":2,"enemies":"Red Slaver","floor":7,"turns":3},{"damage":0,"enemies":"Lagavulin","floor":8,"turns":3},{"damage":38,"enemies":"3 Sentries","floor":10,"turns":8},{"damage":0,"enemies":"Lagavulin","floor":11,"turns":3},{"damage":8,"enemies":"Looter","floor":12,"turns":2},{"damage":22,"enemies":"Gremlin Nob","floor":13,"turns":4},{"damage":0,"enemies":"Lagavulin","floor":14,"turns":4},{"damage":0,"enemies":"The Guardian","floor":16,"turns":10},{"damage":15,"enemies":"Shell Parasite","floor":18,"turns":3},{"damage":0,"enemies":"Chosen","floor":20,"turns":2},{"damage":13,"enemies":"Snecko","floor":21,"turns":3},{"damage":1,"enemies":"Chosen and Byrds","floor":22,"turns":3},{"damage":0,"enemies":"Book of Stabbing","floor":23,"turns":2},{"damage":0,"enemies":"Gremlin Leader","floor":25,"turns":3},{"damage":0,"enemies":"Slavers","floor":27,"turns":3},{"damage":0,"enemies":"3 Cultists","floor":28,"turns":3},{"damage":0,"enemies":"Gremlin Leader","floor":30,"turns":3},{"damage":0,"enemies":"Champ","floor":33,"turns":3},{"damage":0,"enemies":"3 Darklings","floor":35,"turns":2},{"damage":0,"enemies":"3 Shapes","floor":37,"turns":1},{"damage":0,"enemies":"Writhing Mass","floor":38,"turns":2},{"damage":0,"enemies":"Nemesis","floor":40,"turns":1},{"damage":0,"enemies":"Giant Head","floor":42,"turns":3},{"damage":0,"enemies":"Reptomancer","floor":44,"turns":1},{"damage":0,"enemies":"Maw","floor":45,"turns":2},{"damage":0,"enemies":"Giant Head","floor":46,"turns":2},{"damage":0,"enemies":"4 Shapes","floor":47,"turns":2},{"damage":0,"enemies":"Donu and Deca","floor":50,"turns":3},{"damage":18,"enemies":"Awakened One","floor":51,"turns":4},{"damage":65,"enemies":"Shield and Spear","floor":55,"turns":3},{"damage":0,"enemies":"The Heart","floor":56,"turns":4}],"seed_played":"7257641131043277943","potions_obtained":[{"floor":2,"key":"LiquidMemories"},{"floor":3,"key":"FairyPotion"},{"floor":7,"key":"HeartOfIron"},{"floor":33,"key":"PowerPotion"},{"floor":40,"key":"BlessingOfTheForge"},{"floor":42,"key":"ColorlessPotion"}],"is_trial":true,"path_per_floor":["M","?","M","?","M","E","M","E","T","E","E","M","E","E","R","B",null,"M","?","M","M","M","E","R","E","T","E","M","$","E","T","R","B",null,"M","$","M","M","$","E","R","E","T","E","M","E","M","?","R","B","B",null,"R","$","E","B",null],"character_chosen":"IRONCLAD","items_purchased":["Peace Pipe","Anchor","TheAbacus","Panacea+1","Evolve","InkBottle"],"campfire_rested":0,"item_purchase_floors":[29,29,36,36,39,54],"current_hp_per_floor":[74,74,75,52,50,56,60,66,66,34,40,38,22,28,28,34,65,56,56,62,55,60,66,66,86,86,89,89,89,89,89,89,89,89,89,89,89,89,89,89,89,89,89,89,89,89,89,89,89,89,77,86,86,86,27,33],"gold":48,"neow_bonus":"","is_daily":false,"chose_seed":false,"campfire_upgraded":4,"win_rate":0.0,"timestamp":1609901356,"path_taken":["M","?","?","?","M","E","M","E","T","?","E","M","E","?","R","BOSS","M","?","M","M","?","E","R","E","T","E","M","$","?","?","R","BOSS","M","$","M","M","$","E","R","E","T","E","M","E","M","?","R","BOSS","BOSS","R","$","E","BOSS"],"items_purchased_type":["Relic","Relic","Relic","Card","Card","Relic"],"build_version":"2020-12-22","purchased_purges":2,"victory":true,"max_hp_per_floor":[75,75,75,75,75,75,75,75,75,75,75,75,75,75,75,75,75,75,75,75,75,75,75,75,89,89,89,89,89,89,89,89,89,89,89,89,89,89,89,89,89,89,89,89,89,89,89,89,89,89,89,89,89,89,89,89],"relic_stats":{"Regal Pillow":0,"counters":[35,105],"Charon\u0027s Ashes":[981],"Pen Nib":[1],"Smiling Mask":75,"Question Card":11,"Burning Blood":124,"Peace Pipe":2,"Shovel":0,"TheAbacus":[564],"Mummified Hand":[38],"Art of War":[1],"obtain_stats":[{"Regal Pillow":8,"Mango":25,"Incense Burner":44,"Smiling Mask":26,"Empty Cage":34,"Burning Blood":0,"Old Coin":27,"Shovel":30,"TheAbacus":36,"Mummified Hand":13,"Toxic Egg 2":10,"InkBottle":54,"Paper Frog":6,"Potion Belt":40,"Charon\u0027s Ashes":11,"Pen Nib":55,"Omamori":42,"Question Card":31,"Akabeko":43,"Peace Pipe":29,"Anchor":29,"Bag of Marbles":14,"Coffee Dripper":17,"Art of War":46,"FossilizedHelix":23},{"Regal Pillow":6,"Mango":18,"Incense Burner":28,"Smiling Mask":18,"Empty Cage":22,"Burning Blood":0,"Old Coin":19,"Shovel":21,"TheAbacus":23,"Mummified Hand":10,"Toxic Egg 2":7,"InkBottle":33,"Paper Frog":4,"Potion Belt":26,"Charon\u0027s Ashes":8,"Pen Nib":34,"Omamori":27,"Question Card":21,"Akabeko":27,"Peace Pipe":20,"Anchor":20,"Bag of Marbles":11,"Coffee Dripper":12,"Art of War":30,"FossilizedHelix":17},{"Regal Pillow":16,"Mango":63,"Incense Burner":85,"Smiling Mask":63,"Empty Cage":75,"Burning Blood":0,"Old Coin":66,"Shovel":72,"TheAbacus":77,"Mummified Hand":33,"Toxic Egg 2":24,"InkBottle":98,"Paper Frog":10,"Potion Belt":81,"Charon\u0027s Ashes":27,"Pen Nib":101,"Omamori":84,"Question Card":72,"Akabeko":84,"Peace Pipe":69,"Anchor":69,"Bag of Marbles":37,"Coffee Dripper":47,"Art of War":89,"FossilizedHelix":60}],"InkBottle":[3]},"card_choices":[{"not_picked":["Worship","BattleHymn","Iron Wave"],"picked":"SKIP","floor":1},{"not_picked":["Eviscerate","Conserve Battery","Clothesline"],"picked":"SKIP","floor":3},{"not_picked":["Cold Snap","PiercingWail","Dagger Throw"],"picked":"SKIP","floor":5},{"not_picked":["Perfected Strike","Flex","Sweeping Beam"],"picked":"SKIP","floor":6},{"not_picked":["Quick Slash","Dodge and Roll","Searing Blow"],"picked":"SKIP","floor":7},{"not_picked":["Dagger Throw","Entrench","JustLucky"],"picked":"SKIP","floor":8},{"not_picked":["Prepared+1","Sentinel+1","Ball Lightning"],"picked":"SKIP","floor":10},{"not_picked":["Well Laid Plans","Heavy Blade","Slice"],"picked":"SKIP","floor":11},{"not_picked":["Machine Learning","Redo+1","Halt+1"],"picked":"SKIP","floor":12},{"not_picked":["Bullet Time+1","Indignation+1"],"picked":"Accuracy","floor":13},{"not_picked":["Heavy Blade","Crescendo+1","Infernal Blade+1"],"picked":"SKIP","floor":14},{"not_picked":["FlurryOfBlows","Poisoned Stab"],"picked":"Turbo+1","floor":18},{"not_picked":["ThirdEye+1","Steam+1","Masterful Stab"],"picked":"SKIP","floor":20},{"not_picked":["Outmaneuver+1","WreathOfFlame+1","Nirvana"],"picked":"SKIP","floor":21},{"not_picked":["Cold Snap","EmptyBody+1","Wraith Form v2"],"picked":"SKIP","floor":22},{"not_picked":["Slice+1","Backflip+1"],"picked":"TalkToTheHand","floor":23},{"not_picked":["Leap+1","Dagger Throw","Havoc+1"],"picked":"SKIP","floor":25},{"not_picked":["Malaise+1","SandsOfTime","Heavy Blade"],"picked":"SKIP","floor":27},{"not_picked":["Dash+1","FlurryOfBlows","Ball Lightning+1"],"picked":"SKIP","floor":28},{"not_picked":["Rupture","Evaluate+1","Beam Cell"],"picked":"SKIP","floor":30},{"not_picked":["Halt+1","Cold Snap","Armaments+1","Rebound"],"picked":"SKIP","floor":35},{"not_picked":["Rebound","Auto Shields+1","Pray+1","Headbutt"],"picked":"SKIP","floor":37},{"not_picked":["Twin Strike","Hyperbeam","Compile Driver","Clothesline"],"picked":"SKIP","floor":38},{"not_picked":["Twin Strike","Thunderclap","Coolheaded+1","Reflex+1"],"picked":"SKIP","floor":40},{"not_picked":["Deadly Poison+1","Accuracy","Deflect+1","Echo Form"],"picked":"SKIP","floor":42},{"not_picked":["Consume+1","Rampage","Heavy Blade","Dodge and Roll+1"],"picked":"SKIP","floor":44},{"not_picked":["SignatureMove","Iron Wave+1","Ball Lightning","Shrug It Off+1"],"picked":"SKIP","floor":45},{"not_picked":["Anger","PiercingWail+1","Heatsinks","Sword Boomerang+1"],"picked":"SKIP","floor":46},{"not_picked":["Conclude","Impervious+1","Deflect+1","Storm+1"],"picked":"SKIP","floor":47},{"not_picked":["Coolheaded+1","Iron Wave+1","Heavy Blade","Armaments+1"],"picked":"SKIP","floor":55}],"player_experience":1654380,"relics_obtained":[{"floor":6,"key":"Paper Frog"},{"floor":8,"key":"Regal Pillow"},{"floor":10,"key":"Toxic Egg 2"},{"floor":11,"key":"Charon\u0027s Ashes"},{"floor":13,"key":"Mummified Hand"},{"floor":14,"key":"Bag of Marbles"},{"floor":23,"key":"FossilizedHelix"},{"floor":25,"key":"Mango"},{"floor":26,"key":"Smiling Mask"},{"floor":27,"key":"Old Coin"},{"floor":30,"key":"Shovel"},{"floor":31,"key":"Question Card"},{"floor":40,"key":"Potion Belt"},{"floor":42,"key":"Omamori"},{"floor":43,"key":"Akabeko"},{"floor":44,"key":"Incense Burner"},{"floor":46,"key":"Art of War"},{"floor":55,"key":"Pen Nib"}],"event_choices":[{"damage_healed":0,"gold_gain":0,"player_choice":"Bought 1 Potion","damage_taken":0,"max_hp_gain":0,"max_hp_loss":0,"event_name":"The Woman in Blue","floor":2,"gold_loss":0},{"damage_healed":0,"gold_gain":0,"player_choice":"Entered Light","damage_taken":23,"max_hp_gain":0,"max_hp_loss":0,"event_name":"Shining Light","floor":4,"gold_loss":0,"cards_upgraded":["Backflip","Shockwave"]},{"damage_healed":0,"gold_gain":0,"player_choice":"Ignored","damage_taken":0,"max_hp_gain":0,"max_hp_loss":0,"event_name":"Ghosts","floor":19,"gold_loss":0},{"damage_healed":0,"gold_gain":0,"player_choice":"Cursed","damage_taken":0,"max_hp_gain":0,"max_hp_loss":0,"event_name":"Wheel of Change","floor":48,"gold_loss":0,"cards_obtained":["Decay"]}],"is_beta":false,"boss_relics":[{"not_picked":["Black Star","Runic Pyramid"],"picked":"Coffee Dripper"},{"not_picked":["Runic Dome","Mark of Pain"],"picked":"Empty Cage"}],"items_purged_floors":[29,54],"is_endless":false,"potions_floor_spawned":[3,7,10,13,16,20,22,27,28,30,33,38,40,42,55],"ascension_level":20}}