{"host":"dr5t8qsew5rvjx1s","time":1609945865,"event":{"mods":["Act Like it!","BaseMod","BetterRewards","Colored Powertips","Highlight Path","Marked Mod","Mimic Mod","Minty Spire (QoL Compilation)","StSLib","The Marked"],"gold_per_floor":[119,136,136,136,152,180,180,53,53,53,68,68,83,94,94,199,199,218,218,218,218,237,237,237],"floor_reached":23,"playtime":1254,"items_purged":[],"score":191,"play_id":"3311669c-71ba-4700-9eaa-3b18df4ff6b9","local_time":"20210106161105","is_ascension_mode":false,"campfire_choices":[{"floor":7.0,"key":"REST"},{"floor":10.0,"key":"REST"},{"data":"MarkedMod:GentlePulse","floor":12.0,"key":"SMITH"},{"floor":15.0,"key":"REST"}],"circlet_count":0,"master_deck":["Strike_P","Strike_P","Strike_P","Strike_P","Defend_P","Defend_P","Defend_P","Defend_P","Eruption","Vigilance","DeceiveReality","Crescendo","MarkedMod:FirstStrike","ClearTheMind","LikeWater","MarkedMod:GentlePulse+1","LikeWater","Wallop","MarkedMod:Acupuncture","BowlingBash","DevaForm","ForeignInfluence","PathToVictory"],"relics":["PureWater","Thread and Needle","Incense Burner","MutagenicStrength"],"acts_visited":["Exordium","TheCity"],"potions_floor_usage":[23],"damage_taken":[{"damage":8.0,"enemies":"2 Louse","floor":1.0,"turns":3.0},{"damage":4.0,"enemies":"Small Slimes","floor":2.0,"turns":3.0},{"damage":0.0,"enemies":"Cultist","floor":5.0,"turns":3.0},{"damage":62.0,"enemies":"3 Sentries","floor":6.0,"turns":17.0},{"damage":7.0,"enemies":"Red Slaver","floor":11.0,"turns":5.0},{"damage":0.0,"enemies":"Blue Slaver","floor":13.0,"turns":4.0},{"damage":0.0,"enemies":"Large Slime","floor":14.0,"turns":6.0},{"damage":19.0,"enemies":"The Guardian","floor":16.0,"turns":20.0},{"damage":0.0,"enemies":"Chosen","floor":18.0,"turns":9.0},{"damage":11.0,"enemies":"Spheric Guardian","floor":22.0,"turns":10.0},{"damage":67,"enemies":"Book of Stabbing","floor":23,"turns":10}],"seed_played":"5191513618456132973","potions_obtained":[{"floor":5.0,"key":"MarkedMod:BlackLotusJuice"},{"floor":13.0,"key":"Energy Potion"},{"floor":14.0,"key":"LiquidMemories"},{"floor":16.0,"key":"Explosive Potion"}],"is_trial":false,"path_per_floor":["M","M","?","?","M","E","R","$","T","R","M","R","M","M","R","B",null,"M","?","?","?","M","E"],"character_chosen":"WATCHER","items_purchased":["MarkedMod:GentlePulse","LikeWater"],"campfire_rested":3,"item_purchase_floors":[8,8],"current_hp_per_floor":[64,60,60,65,65,3,26,26,26,49,42,42,42,42,65,46,77,77,77,77,77,66,0,0],"gold":237,"neow_bonus":"THREE_CARDS","is_daily":false,"chose_seed":false,"campfire_upgraded":1,"win_rate":0.0,"timestamp":1609945865,"path_taken":["M","M","?","?","M","E","R","$","T","R","M","R","M","M","R","BOSS","M","?","?","?","M","E"],"items_purchased_type":["Card","Card"],"build_version":"2020-12-22","purchased_purges":0,"victory":false,"max_hp_per_floor":[72,72,72,77,77,77,77,77,77,77,77,77,77,77,77,77,77,77,77,77,77,77,77,77],"card_choices":[{"not_picked":["EmptyBody","CrushJoints"],"picked":"DeceiveReality","floor":0.0},{"not_picked":["FollowUp","SashWhip"],"picked":"Crescendo","floor":1.0},{"not_picked":["CrushJoints","MarkedMod:GentlePulse"],"picked":"MarkedMod:FirstStrike","floor":2.0},{"not_picked":["Nirvana","EmptyFist"],"picked":"ClearTheMind","floor":5.0},{"not_picked":["DeusExMachina","EmptyMind"],"picked":"LikeWater","floor":6.0},{"not_picked":["Protect","FollowUp"],"picked":"Wallop","floor":11.0},{"not_picked":["CrushJoints","EmptyBody"],"picked":"MarkedMod:Acupuncture","floor":13.0},{"not_picked":["Collect","FollowUp"],"picked":"BowlingBash","floor":14.0},{"not_picked":["SpiritShield","Ragnarok"],"picked":"DevaForm","floor":16.0},{"not_picked":["Evaluate+1","SignatureMove"],"picked":"ForeignInfluence","floor":18.0},{"not_picked":["MarkedMod:GentlePulse","Worship+1"],"picked":"PathToVictory","floor":22.0}],"player_experience":544635,"relics_obtained":[{"floor":6.0,"key":"Thread and Needle"},{"floor":9.0,"key":"Incense Burner"}],"event_choices":[{"damage_healed":0.0,"max_hp_gain":0.0,"max_hp_loss":0.0,"gold_gain":0.0,"event_name":"Golden Wing","player_choice":"Ignored","floor":3.0,"gold_loss":0.0,"damage_taken":0.0},{"damage_healed":0.0,"max_hp_gain":5.0,"max_hp_loss":0.0,"gold_gain":0.0,"event_name":"Big Fish","player_choice":"Donut","floor":4.0,"gold_loss":0.0,"damage_taken":0.0},{"damage_healed":0.0,"max_hp_gain":0.0,"max_hp_loss":0.0,"gold_gain":0.0,"event_name":"Ghosts","player_choice":"Ignored","floor":19.0,"gold_loss":0.0,"damage_taken":0.0},{"damage_healed":0.0,"max_hp_gain":0.0,"max_hp_loss":0.0,"gold_gain":0.0,"event_name":"Drug Dealer","player_choice":"Inject Mutagens","floor":20.0,"gold_loss":0.0,"damage_taken":0.0,"relics_obtained":["MutagenicStrength"]},{"damage_healed":0.0,"max_hp_gain":0.0,"max_hp_loss":0.0,"gold_gain":0.0,"event_name":"Beggar","player_choice":"Ignored","floor":21.0,"gold_loss":0.0,"damage_taken":0.0}],"is_beta":false,"boss_relics":[{"not_picked":["Snecko Eye","Busted Crown","Sozu"]}],"items_purged_floors":[],"is_endless":false,"potions_floor_spawned":[5,13,14,16,18],"killed_by":"Book of Stabbing","ascension_level":0}}