{"host":"yb8bkkdvr1qiclnk","time":1609918741,"event":{"mods":["BaseMod","Colored Map","Colored Powertips","DeckTracker","Faster Ascension Climbing","Highlight Path","Minty Spire (QoL Compilation)","Quick Restart","Relic Stats","UnlockEverythingMod"],"gold_per_floor":[113,113,132,31,31,31,59,59,86,97,117,137,43,61,61,136,136,147,147,147],"floor_reached":19,"playtime":2314,"items_purged":[],"score":388,"play_id":"4fe3b0a5-5982-48b3-aaf4-2b2ebddc228e","local_time":"20210106023901","is_ascension_mode":true,"campfire_choices":[{"data":"Auto Shields","floor":6,"key":"SMITH"},{"data":"Loop","floor":8,"key":"SMITH"},{"floor":15,"key":"REST"}],"circlet_count":0,"master_deck":["AscendersBane","Strike_B","Strike_B","Strike_B","Defend_B","Defend_B","Defend_B","Defend_B","Zap","Dualcast","Sunder","Auto Shields+1","Conserve Battery","Storm","Loop+1","Coolheaded","Redo","Storm","Enlightenment","Static Discharge","Biased Cognition","CurseOfTheBell","Genetic Algorithm"],"relics":["Cracked Core","NeowsBlessing","Bag of Preparation","Akabeko","Calling Bell","Blood Vial","Gambling Chip","Frozen Egg 2"],"acts_visited":["Exordium","TheCity"],"potions_floor_usage":[16,16],"damage_taken":[{"damage":0,"enemies":"Jaw Worm","floor":1,"turns":1},{"damage":0,"enemies":"Cultist","floor":3,"turns":1},{"damage":0,"enemies":"Gremlin Nob","floor":7,"turns":1},{"damage":5,"enemies":"Small Slimes","floor":10,"turns":3},{"damage":7,"enemies":"Blue Slaver","floor":11,"turns":3},{"damage":0,"enemies":"2 Fungi Beasts","floor":12,"turns":2},{"damage":16,"enemies":"Large Slime","floor":14,"turns":6},{"damage":33,"enemies":"The Guardian","floor":16,"turns":11},{"damage":43,"enemies":"3 Byrds","floor":18,"turns":4},{"damage":31,"enemies":"Chosen","floor":19,"turns":3}],"seed_played":"7398422277191265238","potions_obtained":[{"floor":1,"key":"Swift Potion"},{"floor":3,"key":"AttackPotion"},{"floor":5,"key":"DuplicationPotion"},{"floor":5,"key":"FearPotion"},{"floor":10,"key":"Weak Potion"}],"is_trial":false,"path_per_floor":["M","?","M","$","?","R","E","R","T","M","M","M","$","M","R","B",null,"M","M"],"character_chosen":"DEFECT","items_purchased":["Conserve Battery","Storm","Enlightenment"],"campfire_rested":1,"item_purchase_floors":[4,4,13],"current_hp_per_floor":[64,64,64,64,64,64,64,64,64,59,52,52,52,36,57,24,59,18,0,0],"gold":147,"neow_bonus":"THREE_ENEMY_KILL","is_daily":false,"chose_seed":false,"campfire_upgraded":2,"win_rate":0.0,"timestamp":1609918741,"path_taken":["M","?","?","?","?","R","E","R","T","M","M","?","$","M","R","BOSS","M","M"],"items_purchased_type":["Card","Card","Card"],"build_version":"2020-12-22","purchased_purges":0,"victory":false,"max_hp_per_floor":[71,71,71,71,71,71,71,71,71,71,71,71,71,71,71,71,71,71,71,71],"relic_stats":{"Blood Vial":4,"counters":[10,35],"Gambling Chip":[6],"Bag of Preparation":[14],"obtain_stats":[{"Calling Bell":17,"Blood Vial":17,"NeowsBlessing":0,"Gambling Chip":17,"Bag of Preparation":7,"Frozen Egg 2":17,"Cracked Core":0,"Akabeko":9},{"Calling Bell":8,"Blood Vial":8,"NeowsBlessing":0,"Gambling Chip":8,"Bag of Preparation":3,"Frozen Egg 2":8,"Cracked Core":0,"Akabeko":3},{"Calling Bell":28,"Blood Vial":28,"NeowsBlessing":0,"Gambling Chip":28,"Bag of Preparation":3,"Frozen Egg 2":28,"Cracked Core":0,"Akabeko":3}]},"card_choices":[{"not_picked":["Loop","Coolheaded"],"picked":"Sunder","floor":1},{"not_picked":["Steam","Compile Driver"],"picked":"Auto Shields","floor":3},{"not_picked":["Recycle","FTL"],"picked":"Loop","floor":7},{"not_picked":["Lockon","Sweeping Beam"],"picked":"Coolheaded","floor":10},{"not_picked":["Coolheaded","Turbo"],"picked":"Redo","floor":11},{"not_picked":["Leap","Compile Driver"],"picked":"Storm","floor":12},{"not_picked":["Darkness","Blizzard"],"picked":"Static Discharge","floor":14},{"not_picked":["Core Surge","Reboot"],"picked":"Biased Cognition","floor":16},{"not_picked":["Storm+1","Stack"],"picked":"Genetic Algorithm","floor":18}],"player_experience":23626,"relics_obtained":[{"floor":7,"key":"Bag of Preparation"},{"floor":9,"key":"Akabeko"},{"floor":17,"key":"Blood Vial"},{"floor":17,"key":"Gambling Chip"},{"floor":17,"key":"Frozen Egg 2"}],"event_choices":[{"cards_removed":["Strike_B"],"damage_healed":0,"gold_gain":0,"player_choice":"Offered Basic","damage_taken":0,"max_hp_gain":0,"max_hp_loss":0,"event_name":"Bonfire Elementals","floor":2,"gold_loss":0},{"damage_healed":0,"gold_gain":0,"player_choice":"Got Potions","damage_taken":0,"max_hp_gain":0,"max_hp_loss":0,"event_name":"Lab","floor":5,"gold_loss":0}],"is_beta":false,"boss_relics":[{"not_picked":["Tiny House","Inserter"],"picked":"Calling Bell"}],"items_purged_floors":[],"is_endless":false,"potions_floor_spawned":[1,3,10,14],"killed_by":"Chosen","ascension_level":20}}