{"host":"fdmexzkyss3ff9bv","time":1609941811,"event":{"mods":["BaseMod","Beaked The Cultist","BetterRewards","Downfall","Glutton Mod","Halation","Hubris","Infinite Spire","Minty Spire (QoL Compilation)","Replay The Spire","StSLib","The Animator","The Blackbeard","The Bug Knight","The Construct","The Mystic","The Servant 0.9.4","The Witch"],"gold_per_floor":[145,192,192,225,298,381,381,427,450,450,21,62,62,132,132,240,240,284,334,334,334,334,334,402,402,402,450,501,51,51,102,102,235,235,287,287,143,143,261,261,261,261,309,309,375,432,547,547,547,633,633,633,128,205,367],"floor_reached":56,"playtime":7871,"items_purged":[],"score":1555,"play_id":"c6c23df0-2272-463b-afd7-5804a8385d1d","local_time":"20210106150331","is_ascension_mode":false,"campfire_choices":[{"floor":7,"key":"REST"},{"floor":10,"key":"REST"},{"data":"1","floor":15,"key":"LIFT"},{"floor":23,"key":"RECALL"},{"data":"2","floor":30,"key":"LIFT"},{"data":"3","floor":40,"key":"LIFT"},{"data":"infinitespire:TheBestDefense","floor":42,"key":"SMITH"},{"floor":49,"key":"REST"},{"data":"Envenom","floor":52,"key":"SMITH"}],"circlet_count":0,"master_deck":["Strike_G","Strike_G","Strike_G","Strike_G","Strike_G","Defend_G","Defend_G","Defend_G","Defend_G","Defend_G","Survivor","Neutralize","HandOfGreed+1","Backstab","Quick Slash+1","Noxious Fumes","Toxin Wave","Crippling Poison","hubris:SlightOfHand","hubris:SlightOfHand","Envenom+1","ReplayTheSpireMod:Necrosis","hubris:TrickCloak+1","infinitespire:TheBestDefense+1","Caltrops+1","Backflip+1","Dagger Spray","Slice+1","Slice+1","Adrenaline","Adrenaline","Dagger Spray","HandOfGreed+1","Noxious Fumes+1","Expertise+1","ReplayTheSpireMod:Exploit Weakness+1","Dagger Spray","Iron Wave","Caltrops","Poisoned Stab+1"],"relics":["Ring of the Snake","FossilizedHelix","Replay:Bandana","infinitespire:PuzzleCube","hubris:Icosahedron","Orichalcum","Tiny Chest","Lee\u0027s Waffle","hubris:GlazedTorus","Girya","Honey Jar","Anchor","hubris:MedicalManual","infinitespire:Midas Blood","Nunchaku","halation:PrussianBluePaint","halation:NonexistentMirror","infinitespire:EvilPickle","Philosopher\u0027s Stone","halation:PinkSoulGem","halation:IllGainedPizza","construct:BoolHorns","Anchor","Frozen Eye","beaked:ShinyBauble","Ornamental Fan","Basket Of Snakes"],"acts_visited":["Exordium","TheCity","TheBeyond","TheEnding"],"potions_floor_usage":[6,16,16,33,45,47,50,50,50,55,55,55,55],"damage_taken":[{"damage":0,"enemies":"Small Slimes","floor":1,"turns":2},{"damage":0,"enemies":"2 Louse","floor":2,"turns":1},{"damage":0,"enemies":"Cultist","floor":4,"turns":3},{"damage":11,"enemies":"Lots of Slimes","floor":5,"turns":4},{"damage":13,"enemies":"3 Sentries","floor":6,"turns":7},{"damage":0,"enemies":"2 Fungi Beasts","floor":8,"turns":2},{"damage":0,"enemies":"Gremlin Gang","floor":12,"turns":3},{"damage":15,"enemies":"Lagavulin","floor":14,"turns":6},{"damage":26,"enemies":"The Guardian","floor":16,"turns":8},{"damage":9,"enemies":"Chosen","floor":18,"turns":5},{"damage":0,"enemies":"Cultist and Chosen","floor":19,"turns":6},{"damage":13,"enemies":"HollowMod:Nosk","floor":24,"turns":8},{"damage":0,"enemies":"Snecko","floor":27,"turns":5},{"damage":10,"enemies":"Centurion and Healer","floor":28,"turns":6},{"damage":5,"enemies":"Snake Plant","floor":31,"turns":4},{"damage":21,"enemies":"Pondfish","floor":33,"turns":8},{"damage":0,"enemies":"Orb Walker","floor":35,"turns":2},{"damage":13,"enemies":"3 Shapes","floor":39,"turns":4},{"damage":33,"enemies":"Spire Growth","floor":45,"turns":3},{"damage":0,"enemies":"Transient","floor":46,"turns":5},{"damage":0,"enemies":"Nemesis","floor":47,"turns":6},{"damage":51,"enemies":"infinitespire:MassOfShapes","floor":50,"turns":9},{"damage":0,"enemies":"Shield and Spear","floor":54,"turns":5},{"damage":64,"enemies":"The Heart","floor":55,"turns":9}],"seed_played":"2723057456558858461","potions_obtained":[{"floor":4,"key":"Ancient Potion"},{"floor":5,"key":"SteroidPotion"},{"floor":8,"key":"Block Potion"},{"floor":14,"key":"CultistPotion"},{"floor":16,"key":"champ:CounterPotion"},{"floor":18,"key":"Explosive Potion"},{"floor":19,"key":"hexamod:EctoCoolerPotion"},{"floor":24,"key":"AttackPotion"},{"floor":39,"key":"Block Potion"},{"floor":45,"key":"Elixir"},{"floor":47,"key":"Explosive Potion"},{"floor":54,"key":"PowerPotion"}],"is_trial":false,"path_per_floor":["M","M","?","M","M","E","R","M","T","R","$","M","?","E","R","B",null,"M","M","?","AVR","?","R","E","T","T","M","M","$","R","M","R","B",null,"M","?","$","?","M","R","T","R","T","AVR","M","M","E","?","R","B",null,"R","$","E","B",null],"character_chosen":"THE_SILENT","items_purchased":["HandOfGreed","Replay:Bandana","infinitespire:PuzzleCube","sneckomod:MuddlingPotion","Lee\u0027s Waffle","hubris:GlazedTorus","Nunchaku","halation:PrussianBluePaint","halation:NonexistentMirror","halation:IllGainedPizza","Ornamental Fan","Caltrops","Milkshake","Fire Potion","SpeedPotion"],"campfire_rested":3,"item_purchase_floors":[0,0,0,0,11,11,29,29,29,37,53,53,53,53,53],"current_hp_per_floor":[38,38,38,38,27,14,35,35,35,56,77,77,77,62,62,36,77,68,68,68,68,68,68,55,55,55,55,45,45,45,40,63,42,77,77,77,77,77,64,64,64,64,64,64,31,31,31,31,54,3,77,77,77,77,13],"gold":367,"neow_bonus":"","is_daily":false,"chose_seed":false,"campfire_upgraded":2,"win_rate":0.0,"timestamp":1609941811,"path_taken":["M","M","?","M","M","E","R","M","T","R","$","M","?","E","R","BOSS","M","M","?","AVR","?","R","E","?","T","M","M","$","R","M","R","BOSS","M","?","$","?","?","R","?","R","T","AVR","M","M","E","?","R","BOSS","R","$","E","BOSS"],"items_purchased_type":["Card","Relic","Relic","Potion","Relic","Relic","Relic","Relic","Relic","Relic","Relic","Card","Potion","Potion","Potion"],"build_version":"2020-12-13","purchased_purges":0,"victory":true,"max_hp_per_floor":[70,70,70,70,70,70,70,70,70,70,77,77,77,77,77,77,77,77,77,77,77,77,77,77,77,77,77,77,77,77,77,77,77,77,77,77,77,77,77,77,77,77,77,77,77,77,77,77,77,77,77,77,77,77,77],"card_choices":[{"not_picked":["Underhanded Strike","Acrobatics"],"picked":"Backstab","floor":1},{"not_picked":["Prepared","Blade Dance"],"picked":"Quick Slash","floor":2},{"not_picked":["Dagger Throw","Dodge and Roll"],"picked":"Noxious Fumes","floor":4},{"not_picked":["Cloak And Dagger","ReplayTheSpireMod:The Works"],"picked":"Toxin Wave","floor":5},{"not_picked":["Distraction","Draining Mist"],"picked":"Crippling Poison","floor":6},{"not_picked":["Backflip","Hidden Blade"],"picked":"hubris:SlightOfHand","floor":8},{"not_picked":["Draining Mist","Bouncing Flask"],"picked":"hubris:SlightOfHand","floor":12},{"not_picked":["Riddle With Holes","Poisoned Stab"],"picked":"Envenom","floor":14},{"not_picked":["Glass Knife","After Image"],"picked":"ReplayTheSpireMod:Necrosis","floor":16},{"not_picked":["Blade Dance","Quick Slash","Hidden Blade"],"picked":"hubris:TrickCloak+1","floor":18},{"not_picked":["Acrobatics","Quick Slash","PiercingWail"],"picked":"Bouncing Flask","floor":19},{"not_picked":["Outmaneuver+1","Storm of Steel","Eviscerate"],"picked":"Caltrops+1","floor":24},{"not_picked":["ReplayTheSpireMod:The Works","Acrobatics+1","Predator"],"picked":"Backflip+1","floor":27},{"not_picked":["Deflect","hubris:SlightOfHand","PiercingWail"],"picked":"Dagger Spray","floor":28},{"not_picked":["A Thousand Cuts","Dagger Throw","Flying Knee"],"picked":"Slice+1","floor":31},{"not_picked":["Poison Darts","Malaise","Glass Knife"],"picked":"Adrenaline","floor":33},{"not_picked":["Cloak And Dagger+1","ReplayTheSpireMod:Shiv Toss+1","Prepared"],"picked":"Dagger Spray","floor":35},{"not_picked":["Reflex+1","ReplayTheSpireMod:Scrap Shanks+1","Tactician"],"picked":"Noxious Fumes+1","floor":39},{"not_picked":["Dodge and Roll","Deflect+1","Prepared"],"picked":"Expertise+1","floor":45},{"not_picked":["Eviscerate","hubris:SlightOfHand","PiercingWail"],"picked":"ReplayTheSpireMod:Exploit Weakness+1","floor":46},{"not_picked":["ReplayTheSpireMod:Tripwire","Expertise+1","Dodge and Roll"],"picked":"Dagger Spray","floor":47},{"not_picked":["Poison Darts","Outmaneuver+1","Sucker Punch"],"picked":"Poisoned Stab+1","floor":54}],"player_experience":75209,"relics_obtained":[{"floor":6,"key":"Orichalcum"},{"floor":9,"key":"Tiny Chest"},{"floor":14,"key":"Girya"},{"floor":24,"key":"hubris:MedicalManual"},{"floor":25,"key":"infinitespire:Midas Blood"},{"floor":41,"key":"construct:BoolHorns"},{"floor":43,"key":"Anchor"},{"floor":47,"key":"beaked:ShinyBauble"},{"floor":54,"key":"Basket Of Snakes"}],"event_choices":[{"damage_healed":0,"gold_gain":0,"player_choice":"Ignored","damage_taken":0,"max_hp_gain":0,"max_hp_loss":0,"event_name":"Ghosts","floor":20,"gold_loss":0},{"damage_healed":0,"gold_gain":0,"player_choice":"Copied","damage_taken":0,"max_hp_gain":0,"max_hp_loss":0,"event_name":"Duplicator","floor":38,"gold_loss":0,"cards_obtained":["HandOfGreed"]},{"cards_removed":["Bouncing Flask"],"damage_healed":0,"gold_gain":0,"player_choice":"Took Card","damage_taken":0,"max_hp_gain":0,"max_hp_loss":0,"event_name":"NoteForYourself","floor":48,"gold_loss":0,"cards_obtained":["Iron Wave"]}],"is_beta":false,"boss_relics":[{"not_picked":["Runic Dome","SacredBark"],"picked":"Honey Jar"},{"not_picked":["Runic Pyramid","construct:ClawGrip"],"picked":"Philosopher\u0027s Stone"}],"items_purged_floors":[],"is_endless":false,"potions_floor_spawned":[4,5,8,14,16,18,19,24,39,45,46,47,54],"ascension_level":0}}