{"host":"ueaobptuyu87ouwy","time":1609943441,"event":{"mods":["Aspiration","Bard","BaseMod","Better Altar","Better Match","Better Note","Better Sensory Stone","Better Skull","Better Third Choice","BetterRewards","CCEM","Colored Map","Conspire","Downfall","GifTheSpireLib","Googly Eyes","Halation","Hermit","Highlight Path","Hubris","Infinite Spire","Jedi Mod","Jorbs\u0027s Wanderer Trilogy","Marisa????????","Mimic Mod","Minty Spire (QoL Compilation)","Permanent Neow","Replay The Spire","StSLib","Stuff the Spire","The Runesmith","Unceasing Turn Reminder","everything is the same but u backflip on backflip","slay the spire mod where everything is the same but ironclad has a cowboy hat"],"gold_per_floor":[110,110,120,120,138,138,138,138,169,29,29,29,29,40,40,139,139,155,155,166,182,182,182],"floor_reached":22,"playtime":1309,"items_purged":[],"score":274,"play_id":"0f4164d9-71b4-431e-9963-1490b3be4649","local_time":"20210106223040","is_ascension_mode":false,"campfire_choices":[{"data":"BasicCrystalCard","floor":6,"key":"SMITH"},{"data":"FIFO Queue","floor":8,"key":"SMITH"},{"floor":13,"key":"REST"},{"floor":15,"key":"REST"}],"circlet_count":0,"master_deck":["Strike_B","Defend_B","Defend_B","Defend_B","Defend_B","Zap","Dualcast","BootSequence","BootSequence","BasicCrystalCard+1","Ball Lightning+1","FIFO Queue+1","Steam Power","Self Repair","jedi:LeechingStrike","jedi:LeechingStrike","Rebound","Leap+1","Steam"],"relics":["Cracked Core","halation:Gekota","Blue Doll","halation:PinkSoulGem","StuffTheSpire:ColdMirror","halation:Jellyphish","Replay:Bottled Eggs","hubris:Backtick","StuffTheSpire:DarkSteelAnvil","aspiration:RitualDagger"],"acts_visited":["Exordium","TheCity"],"potions_floor_usage":[16,16,18,20,22],"damage_taken":[{"damage":12,"enemies":"Small Slimes","floor":1,"turns":4},{"damage":1,"enemies":"Cultist","floor":3,"turns":4},{"damage":0,"enemies":"Jaw Worm","floor":5,"turns":2},{"damage":5,"enemies":"Gremlin Gang","floor":9,"turns":7},{"damage":13,"enemies":"Gremlin Gang","floor":14,"turns":7},{"damage":31,"enemies":"The Guardian","floor":16,"turns":8},{"damage":70,"enemies":"conspire:FuzzyDice","floor":18,"turns":7},{"damage":33,"enemies":"Shell Parasite","floor":20,"turns":5},{"damage":13,"enemies":"conspire:HollyBat","floor":21,"turns":8},{"damage":162,"enemies":"Centurion and Healer","floor":22,"turns":15}],"seed_played":"-1073876992847807566","potions_obtained":[{"floor":1,"key":"sneckomod:MuddlingPotion"},{"floor":2,"key":"conspire:TimeTravelPotion"},{"floor":14,"key":"Fire Potion"},{"floor":18,"key":"AttackPotion"}],"is_trial":false,"path_per_floor":["M","?","M","?","M","R","?","R","MIM","$","?","$","R","M","R_BF","B",null,"M","?","M","M","M"],"character_chosen":"DEFECT","items_purchased":["halation:Gekota","BootSequence","BasicCrystalCard","AttackPotion","Self Repair","jedi:LeechingStrike","halation:Jellyphish","Replay:Bottled Eggs"],"campfire_rested":2,"item_purchase_floors":[0,0,0,0,10,10,12,12],"current_hp_per_floor":[44,44,43,43,43,43,43,43,38,38,31,4,26,26,48,36,75,66,66,47,47,0,0],"gold":182,"neow_bonus":"","is_daily":false,"chose_seed":false,"campfire_upgraded":2,"win_rate":0.0,"timestamp":1609943440,"path_taken":["M","?","?","?","?","R","?","R","MIM","$","?","?","R","M","R_BF","BOSS","M","?","M","M","M"],"items_purchased_type":["Relic","Card","Card","Potion","Card","Card","Relic","Relic"],"build_version":"2020-12-13","purchased_purges":0,"victory":false,"max_hp_per_floor":[75,75,75,75,75,75,75,75,75,75,75,75,75,75,75,75,75,75,75,75,75,75,75],"card_choices":[{"not_picked":["Coolheaded","Sweeping Beam"],"picked":"Ball Lightning","floor":1},{"not_picked":["Skim","jedi:sharpshooter"],"picked":"FIFO Queue","floor":3},{"not_picked":["Gash","Panic Button","jedi:BurstFrost"],"picked":"SKIP","floor":5},{"not_picked":["Gash","ReplayTheSpireMod:GoodbyeWorld"],"picked":"Steam Power","floor":9},{"not_picked":["Reinforced Body","Turbo"],"picked":"Rebound","floor":14},{"not_picked":["Stack","Turbo","Static Discharge"],"picked":"SKIP","floor":18},{"not_picked":["StuffTheSpire:LoadUp","jedi:blockon"],"picked":"Leap+1","floor":20},{"not_picked":["jedi:BurstFrost","Glacier"],"picked":"Steam","floor":21}],"player_experience":40124,"relics_obtained":[{"floor":9,"key":"StuffTheSpire:ColdMirror"}],"event_choices":[{"damage_healed":0,"gold_gain":0,"player_choice":"Got Potions","damage_taken":0,"max_hp_gain":0,"max_hp_loss":0,"event_name":"Lab","floor":2,"gold_loss":0},{"cards_removed":["Strike_B"],"damage_healed":0,"gold_gain":0,"player_choice":"Offered Basic","damage_taken":0,"max_hp_gain":0,"max_hp_loss":0,"event_name":"Bonfire Elementals","floor":4,"gold_loss":0},{"cards_removed":["Strike_B"],"damage_healed":0,"gold_gain":0,"player_choice":"Card Removal","damage_taken":7,"max_hp_gain":0,"max_hp_loss":0,"event_name":"Golden Wing","floor":11,"gold_loss":0},{"cards_removed":["Strike_B"],"damage_healed":0,"gold_gain":0,"player_choice":"Purged","damage_taken":0,"max_hp_gain":0,"max_hp_loss":0,"event_name":"Purifier","floor":19,"gold_loss":0}],"is_beta":false,"boss_relics":[{"not_picked":["conspire:RoyalGoblet","hubris:GrandSneckoEye"],"picked":"hubris:Backtick"}],"items_purged_floors":[],"is_endless":false,"potions_floor_spawned":[1,14,18],"killed_by":"Centurion and Healer","ascension_level":0}}