{"host":"wonp23fsqqcu31ie","time":1609933300,"event":{"mods":["2.2 Compatiblity","AchievementEnabler","Aspiration","BaseMod","Bestiary","Better Altar","Better Match","Better Sensory Stone","Better Skull","Better Third Choice","BetterRewards","Block Reminder","Colored Map","Colored Powertips","Conspire","Curses Come First","DeckTracker","Displayed Cursed Tome","Downfall","Evolution","Hermit","Highlight Path","Hubris","Marisa????????","Minty Spire (QoL Compilation)","Permanent Neow","Prisma Mod","Quick Restart","Rare Cards Sparkle","Relic Stats","Replay The Spire","Robot Space Explorer","Shade Mod","Shop Mod","StSLib","SuperFastMode","The Animator","The Bug Knight","The Construct","The Cursed","The Dragon Tamer","The Gatherer","The Marked","The Necromancer","The Runesmith","The Servant 0.9.4"],"gold_per_floor":[116,46,66,19,37,37,49,80,107,144,172,149,179,191,203,315,327,349,377,339,367,379,417,429,117,196,196,196,231,247,278,278,382,382,399,415,432,432,443,443,474,158,158,187,238,238,274,274,274,274,274,274,3,38,38,38],"floor_reached":55,"playtime":1773,"items_purged":["ReplayTheSpireMod:Splinters"],"score":1159,"play_id":"d161db59-1007-4dcb-9ef2-907d4dff84e0","local_time":"20210106224140","is_ascension_mode":true,"campfire_choices":[{"data":"Perfected Strike","floor":6,"key":"SMITH"},{"data":"Perfected Strike","floor":15,"key":"SMITH"},{"floor":24,"key":"RECALL"},{"floor":28,"key":"REST"},{"floor":32,"key":"REST"},{"data":"expansioncontent:LastStand","floor":40,"key":"SMITH"},{"floor":49,"key":"REST"}],"circlet_count":0,"master_deck":["Twin Strike","Twin Strike","Twin Strike","Twin Strike","Strike_R","Defend_R","Defend_R","Defend_R","Defend_R","Bash","Twin Strike","Iron Wave","Replay:Undeath\u0027s Touch","Inflame","Sword Boomerang","Perfected Strike+1","Sword Boomerang","Replay:Undeath\u0027s Touch","Barricade+1","Power Through","Perfected Strike+1","Headbutt","Replay:Many Hands","Sword Boomerang+1","conspire:Charge","Feel No Pain","Blood for Blood+1","ReplayTheSpireMod:Limb From Limb+1","Parasite","expansioncontent:DefensiveMode","expansioncontent:LastStand+1","Entrench","Thunderclap","Feed","Replay:Undeath\u0027s Touch","Armaments+1","Whirlwind","Feed","conspire:Banana","Voices","Run Through","Fire Breathing","Decay","expansioncontent:QuickStudy","Panacea","Intimidate+1"],"relics":["Burning Blood","EVO:Axolotl","hubris:Spice","Sling","MerchantsRug","ReplayTheSpireMod:TigerMarble","Philosopher\u0027s Stone","Cursed Key","Darkstone Periapt","Orichalcum","Regal Pillow","hubris:ScarierMask","Art of War","ReplayTheSpireMod:CursedCoin","Incense Burner","Self Forming Clay","CatCart","Ring of Fury","Ring of Peace","hubris:Towel"],"acts_visited":["TheCity","TheBeyond","TheEnding"],"potions_floor_usage":[8,13,16,19,33,33,33,45,45,50,50,55],"damage_taken":[{"damage":1,"enemies":"Cultist","floor":1,"turns":3},{"damage":0,"enemies":"2 Louse","floor":3,"turns":1},{"damage":0,"enemies":"Jaw Worm","floor":5,"turns":3},{"damage":2,"enemies":"Looter","floor":7,"turns":3},{"damage":20,"enemies":"Lagavulin","floor":8,"turns":3},{"damage":16,"enemies":"Gremlin Nob","floor":10,"turns":3},{"damage":14,"enemies":"Exordium Thugs","floor":11,"turns":3},{"damage":15,"enemies":"Lots of Slimes","floor":13,"turns":3},{"damage":39,"enemies":"Hexaghost","floor":16,"turns":7},{"damage":8,"enemies":"Shell Parasite","floor":18,"turns":2},{"damage":36,"enemies":"2 Thieves","floor":19,"turns":3},{"damage":44,"enemies":"3 Cultists","floor":21,"turns":5},{"damage":10,"enemies":"conspire:Head Lice","floor":23,"turns":4},{"damage":64,"enemies":"Slavers","floor":29,"turns":5},{"damage":0,"enemies":"Snecko","floor":30,"turns":2},{"damage":9,"enemies":"conspire:SneckoGhost","floor":31,"turns":3},{"damage":21,"enemies":"hubris:MusketHawk","floor":33,"turns":4},{"damage":22,"enemies":"3 Shapes","floor":35,"turns":3},{"damage":0,"enemies":"Orb Walker","floor":36,"turns":2},{"damage":2,"enemies":"3 Darklings","floor":37,"turns":3},{"damage":0,"enemies":"Transient","floor":39,"turns":5},{"damage":18,"enemies":"Nemesis","floor":41,"turns":3},{"damage":3,"enemies":"HollowMod:StalkingDevout","floor":44,"turns":4},{"damage":49,"enemies":"Orin","floor":45,"turns":6},{"damage":26,"enemies":"hubris:GrandSnecko","floor":50,"turns":8},{"damage":33,"enemies":"Shield and Spear","floor":54,"turns":3},{"damage":109,"enemies":"The Heart","floor":55,"turns":8}],"seed_played":"8794206564545435427","potions_obtained":[{"floor":3,"key":"conspire:TimeTravelPotion"},{"floor":8,"key":"BlessingOfTheForge"},{"floor":11,"key":"Regen Potion"},{"floor":18,"key":"ColorlessPotion"},{"floor":21,"key":"Elixir"},{"floor":30,"key":"EntropicBrew"},{"floor":37,"key":"Dexterity Potion"},{"floor":38,"key":"Flashbang"},{"floor":45,"key":"Swift Potion"},{"floor":47,"key":"Cursed Concoction"},{"floor":47,"key":"Cursed Concoction"}],"is_trial":false,"path_per_floor":["M","$","M","$","M","R","M","E","T","E","M","?","M","?","R","B",null,"M","M","?","M","?","E","R","$","T","?","R","E","M","E","R","B",null,"M","M","M","?","M","R","E","$","T","E","?","?","?","?","R","B",null,"R","$","E","B"],"character_chosen":"IRONCLAD","items_purchased":["hubris:Spice","Sling","MerchantsRug","Inflame","Perfected Strike","hubris:Spice","Orichalcum","Regal Pillow","ReplayTheSpireMod:Limb From Limb+1","ReplayTheSpireMod:CursedCoin","Incense Burner","conspire:Banana","expansioncontent:QuickStudy","Panacea"],"campfire_rested":3,"item_purchase_floors":[0,0,0,2,4,25,25,25,25,42,42,42,53,53],"current_hp_per_floor":[65,65,71,71,77,77,81,87,87,77,69,88,79,79,79,61,88,86,56,56,18,47,51,51,51,57,57,94,44,56,53,76,61,76,66,72,74,74,74,74,62,68,74,78,37,37,49,49,84,67,87,87,87,61,0,0],"gold":38,"neow_bonus":"","is_daily":false,"chose_seed":false,"campfire_upgraded":3,"win_rate":0.0,"timestamp":1609933300,"path_taken":["M","$","?","?","M","R","M","E","T","E","M","?","M","?","R","BOSS","M","M","?","?","?","E","R","$","T","?","R","E","M","E","R","BOSS","M","M","M","?","?","R","E","$","T","E","?","?","?","?","R","BOSS","R","$","E","BOSS"],"items_purchased_type":["Relic","Relic","Relic","Card","Card","Relic","Relic","Relic","Card","Relic","Relic","Card","Card","Card"],"build_version":"2020-12-22","purchased_purges":1,"victory":false,"max_hp_per_floor":[88,88,88,88,88,88,88,88,88,88,88,88,88,88,88,88,88,88,88,88,88,88,96,96,88,94,94,94,86,84,76,76,76,76,74,74,74,74,74,74,74,80,86,79,80,80,84,84,84,87,87,87,87,80,81,81],"relic_stats":{"Darkstone Periapt":42,"Regal Pillow":20,"counters":[66,260],"Self Forming Clay":[99],"Art of War":[0],"Orichalcum":[72],"Cursed Key":2,"obtain_stats":[{"CeramicFish":0,"Vajra":26,"EVO:Axolotl":0,"hubris:MysteriousPyramids":8,"Sling":0,"DollysMirror":11,"Prayer Wheel":28,"Philosopher\u0027s Stone":17,"Kunai":24,"MerchantsRug":36,"construct:RocketBooster":20,"Pear":43,"ReplayTheSpireMod:CursedCoin":42,"Counterbalance":37,"ReplayTheSpireMod:Ring of Addiction":43,"Replay:Grab Bag":17,"conspire:Boomerang":0,"Letter Opener":9,"aspiration:HiddenCompartment":8,"Akabeko":30,"ReplayTheSpireMod:Ring of Collecting":19,"Onion Ring":2,"Simple Rune":9,"hubris:PeanutButter":8,"hubris:TenFootPole":31,"ReplayTheSpireMod:TigerMarble":46,"CatCart":45,"Darkstone Periapt":17,"Regal Pillow":25,"SacredBark":34,"Black Blood":34,"hubris:SlimyHat":3,"Incense Burner":42,"Cursed Key":17,"Burning Blood":0,"aspiration:StickyExplosives_weak":44,"hubris:Icosahedron":39,"hubris:Backtick":17,"aspiration:DefectSkillbook":17,"Ring of Peace":46,"hubris:ScarierMask":34,"Ring of Panic":19,"hubris:ChampionShield":13,"Lee\u0027s Waffle":0,"construct:WeddingRing":17,"Self Forming Clay":43,"hubris:Towel":21,"Orichalcum":25,"MawBank":6,"White Beast Statue":43,"hubris:Spice":0,"Ring of Misfortune":26,"Ring of Fury":46,"Durian":0,"Bag of Marbles":23,"Art of War":41,"Toy Ornithopter":43},{"CeramicFish":22,"Vajra":31,"EVO:Axolotl":0,"hubris:MysteriousPyramids":5,"Sling":39,"DollysMirror":5,"Prayer Wheel":33,"Philosopher\u0027s Stone":48,"Kunai":10,"MerchantsRug":16,"construct:RocketBooster":8,"Pear":18,"ReplayTheSpireMod:CursedCoin":61,"Counterbalance":17,"ReplayTheSpireMod:Ring of Addiction":18,"Replay:Grab Bag":48,"conspire:Boomerang":22,"Letter Opener":27,"aspiration:HiddenCompartment":44,"Akabeko":34,"ReplayTheSpireMod:Ring of Collecting":8,"Onion Ring":2,"Simple Rune":5,"hubris:PeanutButter":27,"hubris:TenFootPole":14,"ReplayTheSpireMod:TigerMarble":20,"CatCart":63,"Darkstone Periapt":48,"Regal Pillow":52,"SacredBark":15,"Black Blood":35,"hubris:SlimyHat":2,"Incense Burner":61,"Cursed Key":48,"Burning Blood":0,"aspiration:StickyExplosives_weak":19,"hubris:Icosahedron":17,"hubris:Backtick":48,"aspiration:DefectSkillbook":28,"Ring of Peace":63,"hubris:ScarierMask":56,"Ring of Panic":8,"hubris:ChampionShield":27,"Lee\u0027s Waffle":22,"construct:WeddingRing":7,"Self Forming Clay":61,"hubris:Towel":8,"Orichalcum":52,"MawBank":25,"White Beast Statue":18,"hubris:Spice":39,"Ring of Misfortune":10,"Ring of Fury":63,"Durian":0,"Bag of Marbles":31,"Art of War":61,"Toy Ornithopter":18},{"CeramicFish":79,"Vajra":113,"EVO:Axolotl":0,"hubris:MysteriousPyramids":17,"Sling":158,"DollysMirror":17,"Prayer Wheel":123,"Philosopher\u0027s Stone":187,"Kunai":38,"MerchantsRug":60,"construct:RocketBooster":29,"Pear":63,"ReplayTheSpireMod:CursedCoin":231,"Counterbalance":62,"ReplayTheSpireMod:Ring of Addiction":63,"Replay:Grab Bag":187,"conspire:Boomerang":79,"Letter Opener":94,"aspiration:HiddenCompartment":171,"Akabeko":126,"ReplayTheSpireMod:Ring of Collecting":29,"Onion Ring":8,"Simple Rune":17,"hubris:PeanutButter":94,"hubris:TenFootPole":49,"ReplayTheSpireMod:TigerMarble":72,"CatCart":241,"Darkstone Periapt":187,"Regal Pillow":201,"SacredBark":57,"Black Blood":137,"hubris:SlimyHat":8,"Incense Burner":231,"Cursed Key":187,"Burning Blood":0,"aspiration:StickyExplosives_weak":69,"hubris:Icosahedron":62,"hubris:Backtick":187,"aspiration:DefectSkillbook":101,"Ring of Peace":241,"hubris:ScarierMask":215,"Ring of Panic":29,"hubris:ChampionShield":94,"Lee\u0027s Waffle":79,"construct:WeddingRing":28,"Self Forming Clay":231,"hubris:Towel":29,"Orichalcum":201,"MawBank":88,"White Beast Statue":63,"hubris:Spice":158,"Ring of Misfortune":38,"Ring of Fury":241,"Durian":0,"Bag of Marbles":113,"Art of War":231,"Toy Ornithopter":63}],"Burning Blood":357},"card_choices":[{"not_picked":["Heavy Blade","ReplayTheSpireMod:Muscle Training"],"picked":"Replay:Undeath\u0027s Touch","floor":1},{"not_picked":["Uppercut","Second Wind"],"picked":"Sword Boomerang","floor":3},{"not_picked":["Body Slam","Dark Embrace"],"picked":"Sword Boomerang","floor":5},{"not_picked":["True Grit","Body Slam"],"picked":"Replay:Undeath\u0027s Touch","floor":7},{"not_picked":["Sever Soul","Dropkick"],"picked":"Barricade","floor":8},{"not_picked":["Clash","Rupture"],"picked":"Power Through","floor":10},{"not_picked":["Rampage","Dual Wield"],"picked":"Perfected Strike","floor":11},{"not_picked":["Havoc","Wild Strike"],"picked":"Headbutt","floor":13},{"not_picked":["Bludgeon","Double Tap"],"picked":"Replay:Many Hands","floor":16},{"not_picked":["Clash+1","Replay:Undeath\u0027s Touch"],"picked":"Sword Boomerang+1","floor":18},{"not_picked":["Wild Strike","Headbutt"],"picked":"conspire:Charge","floor":19},{"not_picked":["Perfected Strike","Clash"],"picked":"Feel No Pain","floor":21},{"not_picked":["conspire:ExplosiveBarrier","Sword Boomerang"],"picked":"Blood for Blood+1","floor":23},{"not_picked":["ReplayTheSpireMod:Private Reserves","Transmutation"],"picked":"expansioncontent:DefensiveMode","floor":27},{"not_picked":["Midas Touch","Chrysalis"],"picked":"expansioncontent:LastStand","floor":27},{"not_picked":["Clothesline","Body Slam"],"picked":"Entrench","floor":29},{"not_picked":["Heavy Blade","Clash"],"picked":"hubris:SpiceAddiction","floor":30},{"not_picked":["Brutality","Ghostly Armor"],"picked":"Thunderclap","floor":31},{"not_picked":["Demonic Infusion","hubris:SpiceAddiction"],"picked":"Feed","floor":33},{"not_picked":["Sword Boomerang","hubris:SpiceAddiction"],"picked":"hubris:SpiceAddiction","floor":35},{"not_picked":["True Grit+1","hubris:ReadiedAction+1"],"picked":"Replay:Undeath\u0027s Touch","floor":36},{"not_picked":["hubris:ReadiedAction","Clash+1"],"picked":"Armaments+1","floor":37},{"not_picked":["Rupture+1","Pommel Strike+1"],"picked":"Whirlwind","floor":39},{"not_picked":["hubris:SpiceAddiction","Headbutt"],"picked":"Feed","floor":41},{"not_picked":["Sword Boomerang","Second Wind+1"],"picked":"Run Through","floor":44},{"not_picked":["Headbutt+1","Warcry"],"picked":"Fire Breathing","floor":45},{"not_picked":["Warcry+1","True Grit"],"picked":"hubris:SpiceAddiction","floor":47},{"not_picked":["Exhume","Armaments"],"picked":"Intimidate+1","floor":54}],"player_experience":472565,"relics_obtained":[{"floor":8,"key":"aspiration:HiddenCompartment"},{"floor":9,"key":"MawBank"},{"floor":10,"key":"ReplayTheSpireMod:TigerMarble"},{"floor":23,"key":"hubris:Spice"},{"floor":29,"key":"hubris:Spice"},{"floor":31,"key":"hubris:Spice"},{"floor":41,"key":"Art of War"},{"floor":43,"key":"Self Forming Clay"},{"floor":44,"key":"hubris:Spice"},{"floor":45,"key":"CatCart"},{"floor":46,"key":"Ring of Fury"},{"floor":46,"key":"Ring of Peace"},{"floor":54,"key":"hubris:Spice"}],"event_choices":[{"damage_healed":22,"gold_gain":0,"player_choice":"Healed","damage_taken":0,"max_hp_gain":0,"max_hp_loss":0,"event_name":"The Cleric","floor":12,"gold_loss":35},{"damage_healed":0,"gold_gain":0,"player_choice":"Upgraded","damage_taken":0,"max_hp_gain":0,"max_hp_loss":0,"event_name":"Upgrade Shrine","floor":14,"gold_loss":0,"cards_upgraded":["Barricade"]},{"damage_healed":0,"gold_gain":0,"player_choice":"Bet on Murderer","damage_taken":0,"max_hp_gain":0,"max_hp_loss":0,"event_name":"The Joust","floor":20,"gold_loss":50},{"damage_healed":29,"gold_gain":0,"player_choice":"Heal","damage_taken":0,"max_hp_gain":0,"max_hp_loss":0,"event_name":"The Library","floor":22,"gold_loss":0},{"damage_healed":0,"gold_gain":2,"player_choice":"1","damage_taken":0,"max_hp_gain":0,"max_hp_loss":0,"event_name":"betterStone:BetterStone","floor":27,"gold_loss":0},{"damage_healed":0,"gold_gain":0,"player_choice":"Got Potions","damage_taken":0,"max_hp_gain":0,"max_hp_loss":0,"event_name":"Lab","floor":38,"gold_loss":0},{"damage_healed":0,"gold_gain":0,"player_choice":"Fight","damage_taken":0,"max_hp_gain":0,"max_hp_loss":0,"event_name":"OrinTheCat","floor":45,"gold_loss":0}],"is_beta":false,"boss_relics":[{"not_picked":["Replay:Bronze Core","Empty Cage"],"picked":"Replay:Grab Bag"},{"not_picked":["Runic Dome","Runesmith:UraniumAnvil"],"picked":"Philosopher\u0027s Stone"},{"not_picked":["hubris:CrackedHourglass","Sozu"],"picked":"Cursed Key"},{"not_picked":["aspiration:MobileForge","aspiration:RunesmithSkillbook"],"picked":"hubris:Backtick"},{"not_picked":["Pandora\u0027s Box","hubris:Spice"],"picked":"hubris:ScarierMask"}],"items_purged_floors":[42],"is_endless":false,"potions_floor_spawned":[3,8,11,18,21,30,37,44,45],"killed_by":"The Heart","ascension_level":3}}