{"host":"uv231blk40vjdojr","time":1609959579,"event":{"mods":["BaseMod","Minty Spire (QoL Compilation)","Relic Stats"],"gold_per_floor":[11,11,23,23,39,39,189,189,189,60,86,100,118,133,133,206,206,206,22,22,22,22,22,22,22,22,22,22,22,22,22,22,22,22,22,22,22,22,22,22,22,22,22,22,22,22,22,22,22,22],"floor_reached":51,"playtime":2767,"items_purged":["Pain","Doubt"],"score":1335,"play_id":"354b6726-8be3-4191-835f-0087e7526a39","local_time":"20210106195939","is_ascension_mode":true,"campfire_choices":[{"data":"Dagger Spray","floor":6.0,"key":"SMITH"},{"floor":15.0,"key":"REST"},{"data":"Corpse Explosion","floor":23.0,"key":"SMITH"},{"data":"Footwork","floor":25.0,"key":"SMITH"},{"data":"Ghostly","floor":27.0,"key":"SMITH"},{"floor":32.0,"key":"REST"},{"floor":41.0,"key":"REST"},{"floor":45.0,"key":"REST"},{"floor":49.0,"key":"REST"}],"circlet_count":0,"master_deck":["AscendersBane","Strike_G","Strike_G","Strike_G","Strike_G","Defend_G","Defend_G","Defend_G","Defend_G","Defend_G","Survivor","Neutralize+1","Chrysalis","Dagger Spray+1","Poisoned Stab","Corpse Explosion+1","Footwork+1","Ghostly+1","Ghostly","Ghostly","Leg Sweep","Dodge and Roll+1","After Image","Backflip","Blur","Dash","Backflip+1"],"relics":["Ring of the Snake","WarpedTongs","Darkstone Periapt","Pen Nib","Ectoplasm","Bag of Marbles","Toy Ornithopter","Strawberry","InkBottle","Orichalcum","Fusion Hammer","Art of War","Boot","Eternal Feather"],"acts_visited":["Exordium","TheCity","TheBeyond"],"potions_floor_usage":[],"damage_taken":[{"damage":3.0,"enemies":"Cultist","floor":1.0,"turns":4.0},{"damage":3.0,"enemies":"Jaw Worm","floor":3.0,"turns":4.0},{"damage":0.0,"enemies":"2 Louse","floor":5.0,"turns":2.0},{"damage":11.0,"enemies":"Lagavulin","floor":11.0,"turns":12.0},{"damage":8.0,"enemies":"Red Slaver","floor":12.0,"turns":5.0},{"damage":5.0,"enemies":"Lots of Slimes","floor":13.0,"turns":3.0},{"damage":8.0,"enemies":"Looter","floor":14.0,"turns":3.0},{"damage":35.0,"enemies":"Slime Boss","floor":16.0,"turns":7.0},{"damage":18.0,"enemies":"Shell Parasite","floor":18.0,"turns":7.0},{"damage":3.0,"enemies":"Slavers","floor":24.0,"turns":3.0},{"damage":5.0,"enemies":"Gremlin Leader","floor":28.0,"turns":7.0},{"damage":7.0,"enemies":"Book of Stabbing","floor":30.0,"turns":6.0},{"damage":0.0,"enemies":"Chosen","floor":31.0,"turns":5.0},{"damage":32.0,"enemies":"Automaton","floor":33.0,"turns":14.0},{"damage":1.0,"enemies":"3 Darklings","floor":35.0,"turns":3.0},{"damage":0.0,"enemies":"Orb Walker","floor":36.0,"turns":5.0},{"damage":2.0,"enemies":"3 Darklings","floor":37.0,"turns":4.0},{"damage":59.0,"enemies":"Giant Head","floor":40.0,"turns":13.0},{"damage":0.0,"enemies":"Writhing Mass","floor":42.0,"turns":7.0},{"damage":0.0,"enemies":"Sphere and 2 Shapes","floor":44.0,"turns":5.0},{"damage":0.0,"enemies":"3 Darklings","floor":47.0,"turns":5.0},{"damage":36,"enemies":"Time Eater","floor":50,"turns":22}],"seed_played":"3019937307609901492","potions_obtained":[{"floor":1.0,"key":"Explosive Potion"},{"floor":12.0,"key":"AttackPotion"},{"floor":13.0,"key":"CultistPotion"},{"floor":24.0,"key":"Dexterity Potion"},{"floor":28.0,"key":"DuplicationPotion"},{"floor":31.0,"key":"Strength Potion"},{"floor":35.0,"key":"FairyPotion"}],"is_trial":false,"path_per_floor":["M","?","M","$","M","R","?","?","T","$","E","M","M","M","R","B",null,"M","$","T","?","$","R","E","R","T","R","E","?","E","M","R","B",null,"M","M","M","T","$","E","R","M","T","M","R","$","M","?","R","B",null],"character_chosen":"THE_SILENT","items_purchased":["Block Potion","Footwork"],"campfire_rested":5,"item_purchase_floors":[10,19],"current_hp_per_floor":[56,56,53,53,53,53,53,53,53,53,42,34,29,21,40,5,51,33,33,33,33,33,33,30,30,37,37,32,28,26,26,38,6,32,31,31,29,29,29,12,24,24,24,24,40,40,40,40,40,4],"gold":22,"neow_bonus":"RANDOM_COLORLESS_2","is_daily":false,"chose_seed":false,"campfire_upgraded":4,"win_rate":0.0,"timestamp":1609959579,"path_taken":["M","?","?","$","M","R","?","?","T","$","E","?","M","M","R","BOSS","M","$","?","?","$","R","E","R","T","R","E","?","E","M","R","BOSS","M","?","M","?","?","E","R","?","T","M","R","$","M","?","R","BOSS"],"items_purchased_type":["Potion","Card"],"build_version":"2020-12-22","purchased_purges":2,"victory":true,"max_hp_per_floor":[66,66,66,66,66,66,66,66,66,66,66,66,66,66,66,66,66,66,66,66,33,33,33,33,33,40,40,40,40,40,40,40,40,40,40,40,40,40,40,40,40,40,40,40,40,40,40,40,40,40],"relic_stats":{"Darkstone Periapt":0,"counters":[22,146],"Eternal Feather":15,"Pen Nib":[21],"Orichalcum":[54],"Boot":[13],"WarpedTongs":[138],"Ectoplasm":514,"Art of War":[8],"obtain_stats":[{"Darkstone Periapt":9,"Eternal Feather":43,"Pen Nib":11,"Orichalcum":30,"Boot":40,"WarpedTongs":2,"Strawberry":26,"Ectoplasm":17,"Fusion Hammer":34,"Bag of Marbles":20,"Art of War":38,"Toy Ornithopter":24,"InkBottle":28,"Ring of the Snake":0},{"Darkstone Periapt":3,"Eternal Feather":19,"Pen Nib":4,"Orichalcum":12,"Boot":18,"WarpedTongs":1,"Strawberry":10,"Ectoplasm":8,"Fusion Hammer":14,"Bag of Marbles":9,"Art of War":17,"Toy Ornithopter":10,"InkBottle":11,"Ring of the Snake":0},{"Darkstone Periapt":10,"Eternal Feather":114,"Pen Nib":22,"Orichalcum":63,"Boot":107,"WarpedTongs":4,"Strawberry":50,"Ectoplasm":40,"Fusion Hammer":82,"Bag of Marbles":47,"Art of War":94,"Toy Ornithopter":50,"InkBottle":57,"Ring of the Snake":0}],"Toy Ornithopter":10,"InkBottle":[37],"Ring of the Snake":[44]},"card_choices":[{"not_picked":["Thinking Ahead","Secret Weapon"],"picked":"Chrysalis","floor":0.0},{"not_picked":["Deflect","Slice","Outmaneuver"],"picked":"SKIP","floor":1.0},{"not_picked":["Dodge and Roll","Tools of the Trade"],"picked":"Dagger Spray","floor":3.0},{"not_picked":["Dodge and Roll","Dagger Throw","Deadly Poison"],"picked":"SKIP","floor":5.0},{"not_picked":["Grand Finale","Reflex"],"picked":"Poisoned Stab","floor":11.0},{"not_picked":["Caltrops","Endless Agony","Acrobatics"],"picked":"SKIP","floor":12.0},{"not_picked":["Bane","Acrobatics","Terror"],"picked":"SKIP","floor":13.0},{"not_picked":["Deadly Poison","Accuracy","Footwork"],"picked":"SKIP","floor":14.0},{"not_picked":["Adrenaline","Envenom"],"picked":"Corpse Explosion","floor":16.0},{"not_picked":["Endless Agony","Tactician","Flying Knee"],"picked":"SKIP","floor":18.0},{"not_picked":["Flying Knee","Expertise","Infinite Blades"],"picked":"SKIP","floor":24.0},{"not_picked":["Dodge and Roll","Dagger Spray"],"picked":"Leg Sweep","floor":28.0},{"not_picked":["Outmaneuver+1","Sucker Punch","Glass Knife"],"picked":"SKIP","floor":30.0},{"not_picked":["Cloak And Dagger","Poisoned Stab"],"picked":"Dodge and Roll+1","floor":31.0},{"not_picked":["Glass Knife","Phantasmal Killer"],"picked":"After Image","floor":33.0},{"not_picked":["Quick Slash","Concentrate+1","Acrobatics"],"picked":"SKIP","floor":35.0},{"not_picked":["Bane","Flying Knee"],"picked":"Backflip","floor":36.0},{"not_picked":["Outmaneuver","All Out Attack","PiercingWail"],"picked":"SKIP","floor":37.0},{"not_picked":["Prepared","Phantasmal Killer"],"picked":"Blur","floor":40.0},{"not_picked":["Deflect","Poisoned Stab+1","Escape Plan"],"picked":"SKIP","floor":42.0},{"not_picked":["Quick Slash","Riddle With Holes"],"picked":"Dash","floor":44.0},{"not_picked":["Deflect","Slice"],"picked":"Backflip+1","floor":47.0}],"player_experience":590934,"relics_obtained":[{"floor":9.0,"key":"Darkstone Periapt"},{"floor":11.0,"key":"Pen Nib"},{"floor":20.0,"key":"Bag of Marbles"},{"floor":24.0,"key":"Toy Ornithopter"},{"floor":26.0,"key":"Strawberry"},{"floor":28.0,"key":"InkBottle"},{"floor":30.0,"key":"Orichalcum"},{"floor":38.0,"key":"Art of War"},{"floor":40.0,"key":"Boot"},{"floor":43.0,"key":"Eternal Feather"}],"event_choices":[{"damage_healed":0.0,"max_hp_gain":0.0,"max_hp_loss":0.0,"gold_gain":0.0,"event_name":"Accursed Blacksmith","player_choice":"Rummage","floor":2.0,"gold_loss":0.0,"damage_taken":0.0,"relics_obtained":["WarpedTongs"],"cards_obtained":["Pain"]},{"damage_healed":0.0,"max_hp_gain":0.0,"max_hp_loss":0.0,"gold_gain":150.0,"event_name":"Liars Game","player_choice":"AGREE","floor":7.0,"gold_loss":0.0,"damage_taken":0.0,"cards_obtained":["Doubt"]},{"damage_healed":0.0,"max_hp_gain":0.0,"max_hp_loss":0.0,"gold_gain":0.0,"event_name":"Upgrade Shrine","player_choice":"Upgraded","floor":8.0,"gold_loss":0.0,"damage_taken":0.0,"cards_upgraded":["Neutralize"]},{"damage_healed":0.0,"max_hp_gain":0.0,"max_hp_loss":33.0,"gold_gain":0.0,"event_name":"Ghosts","player_choice":"Became a Ghost","floor":21.0,"gold_loss":0.0,"damage_taken":0.0,"cards_obtained":["Ghostly","Ghostly","Ghostly"]},{"damage_healed":0.0,"max_hp_gain":0.0,"max_hp_loss":0.0,"gold_gain":50.0,"event_name":"FaceTrader","player_choice":"Touch","floor":29.0,"gold_loss":0.0,"damage_taken":4.0},{"cards_removed":["Strike_G"],"damage_healed":0.0,"max_hp_gain":0.0,"max_hp_loss":0.0,"gold_gain":0.0,"event_name":"Purifier","player_choice":"Purged","floor":48.0,"gold_loss":0.0,"damage_taken":0.0}],"is_beta":false,"boss_relics":[{"not_picked":["Snecko Eye","Ring of the Serpent"],"picked":"Ectoplasm"},{"not_picked":["SlaversCollar","Velvet Choker"],"picked":"Fusion Hammer"}],"items_purged_floors":[10,19],"is_endless":false,"potions_floor_spawned":[1,12,13,24,28,31,35,36],"ascension_level":17}}