{"host":"ixqzyafodex1tsi5","time":1609943429,"event":{"mods":["ATMod(°¢èªMod)","AchievementEnabler","Act Like it!","BaseMod","Gensokyo","GifTheSpireLib","Lobotomy","LobotomyExtend","Luminous","Minty Spire (QoL Compilation)","Relic Stats","Replay The Spire","RumiaBox-Â¶Ã×æ«µÄÉñÃØºÐ×Ó","Shop Mod","Spicy Shops","StSLib","The Cursed","[IsaacMod]ÒÔÈö¼âËþ","¡¾¹¦ÄÜMod¡¿»ìãçÖ®»·ÐÞ¸´²¹¶¡","¡¾ÒÅÎï¿¨ÅÆ¡¿REMEMod"],"gold_per_floor":[146,1,1,1,83,83,83,83,152,152,152,257,257,390,390,558,558],"floor_reached":16,"playtime":630,"items_purged":[],"score":120,"play_id":"bae16509-5332-4c88-9779-900a33487c80","local_time":"20210106223029","is_ascension_mode":true,"campfire_choices":[{"data":"Seek","floor":6,"key":"SMITH"},{"floor":8,"key":"RECALL"},{"data":"Bash","floor":10,"key":"SMITH"},{"data":"Clash","floor":13,"key":"SMITH"},{"data":"Strike_R","floor":15,"key":"SMITH"}],"circlet_count":0,"master_deck":["Strike_R","Strike_R","Strike_R","Strike_R+1","Defend_R","Defend_R","Defend_R","Bash+1","DoctorFetus+1","AT_PowerWithin+1","Seek+1","AT_BodySlamDance+1","Self Repair+1","WeaponsOverheat+1","Clash+1"],"relics":["REME_ComplimentaryCards","HushsDoor","AT_ATBox","SalivaCoin","CogitoBucket","RabbitCall","LetterFromLob","Ccalipers","Iron Core","AT_DeathDance","Orichalcum","WantedRequest"],"acts_visited":["Exordium"],"potions_floor_usage":[16],"damage_taken":[{"damage":16,"enemies":"Jaw Worm","floor":1,"turns":2},{"damage":9,"enemies":"2 Louse","floor":5,"turns":2},{"damage":13,"enemies":"Cultist","floor":12,"turns":3},{"damage":28,"enemies":"Lagavulin","floor":14,"turns":4},{"damage":68,"enemies":"Slime Boss","floor":16,"turns":6}],"seed_played":"1022560776545292652","potions_obtained":[{"floor":1,"key":"Milkshake"},{"floor":5,"key":"Explosive Potion"}],"is_trial":false,"path_per_floor":["M","$","?","?","M","R","M","R","T","R","?","M","R","E","R","B"],"character_chosen":"IRONCLAD","items_purchased":["Ccalipers"],"campfire_rested":0,"item_purchase_floors":[2],"current_hp_per_floor":[70,70,70,70,71,71,71,71,71,71,80,77,77,59,59,0,0],"gold":558,"neow_bonus":"","is_daily":false,"chose_seed":false,"campfire_upgraded":4,"win_rate":0.0,"timestamp":1609943429,"path_taken":["M","$","?","?","?","R","M","R","T","R","?","M","R","E","R","BOSS"],"items_purchased_type":["Relic"],"build_version":"2020-12-22","purchased_purges":0,"victory":false,"max_hp_per_floor":[80,80,80,80,80,80,80,80,80,80,80,80,80,80,80,80,80],"relic_stats":{"counters":[5,17],"Orichalcum":[36],"obtain_stats":[{"KeepersGift":0,"RabbitCall":0,"Iron Core":4,"AT_ATBox":0,"Orichalcum":14,"Burning Blood":0,"CogitoBucket":0,"Ccalipers":2,"SalivaCoin":0,"LetterFromLob":1,"AT_DeathDance":9,"HushsDoor":0,"REME_ComplimentaryCards":0,"WantedRequest":16},{"KeepersGift":0,"RabbitCall":0,"Iron Core":1,"AT_ATBox":0,"Orichalcum":4,"Burning Blood":0,"CogitoBucket":0,"Ccalipers":1,"SalivaCoin":0,"LetterFromLob":1,"AT_DeathDance":2,"HushsDoor":0,"REME_ComplimentaryCards":0,"WantedRequest":5},{"KeepersGift":0,"RabbitCall":0,"Iron Core":2,"AT_ATBox":0,"Orichalcum":11,"Burning Blood":0,"CogitoBucket":0,"Ccalipers":2,"SalivaCoin":0,"LetterFromLob":2,"AT_DeathDance":4,"HushsDoor":0,"REME_ComplimentaryCards":0,"WantedRequest":16}]},"card_choices":[{"not_picked":[],"picked":"DoctorFetus","floor":0},{"not_picked":["WallGazer","UniverseFragment","MeatLantern"],"picked":"Singing Bowl","floor":1},{"not_picked":["Pummel","Clash"],"picked":"AT_BodySlamDance","floor":1},{"not_picked":["UniverseFragment","CherryBlossoms","ShyLook"],"picked":"Singing Bowl","floor":5},{"not_picked":["ShyLook","Scorched"],"picked":"BigBird","floor":5},{"not_picked":["Body Slam","Defragment"],"picked":"WeaponsOverheat","floor":5},{"not_picked":["MHz","WallGazer"],"picked":"Mercenary","floor":12},{"not_picked":["Wild Strike","Twin Strike"],"picked":"Clash","floor":12},{"not_picked":["Murderer","Scarecrow","BigBadWolf"],"picked":"Singing Bowl","floor":14},{"not_picked":["CrumblingArmor","Bloodbath"],"picked":"BigBird","floor":14},{"not_picked":["Run Through","AT_ManFootWork","Armaments"],"picked":"SKIP","floor":14}],"player_experience":237337,"relics_obtained":[{"floor":1,"key":"LetterFromLob"},{"floor":9,"key":"AT_DeathDance"},{"floor":14,"key":"Orichalcum"}],"event_choices":[{"damage_healed":0,"gold_gain":0,"player_choice":"Grow","damage_taken":0,"max_hp_gain":0,"max_hp_loss":0,"event_name":"Living Wall","floor":3,"gold_loss":0,"cards_upgraded":["AT_PowerWithin"]}],"is_beta":false,"boss_relics":[],"items_purged_floors":[],"is_endless":false,"potions_floor_spawned":[1,5],"killed_by":"Slime Boss","ascension_level":5}}