{"host":"ueaobptuyu87ouwy","time":1609919668,"event":{"mods":["Aspiration","Bard","BaseMod","Better Altar","Better Match","Better Note","Better Sensory Stone","Better Skull","Better Third Choice","BetterRewards","CCEM","Colored Map","Conspire","Downfall","GifTheSpireLib","Googly Eyes","Halation","Hermit","Highlight Path","Hubris","Infinite Spire","Jedi Mod","Jorbs\u0027s Wanderer Trilogy","Marisa????????","Mimic Mod","Minty Spire (QoL Compilation)","Permanent Neow","Replay The Spire","StSLib","Stuff the Spire","The Runesmith","Unceasing Turn Reminder","everything is the same but u backflip on backflip","slay the spire mod where everything is the same but ironclad has a cowboy hat"],"gold_per_floor":[114,289,289,303,123,123,156,169,192,219,219,219],"floor_reached":11,"playtime":513,"items_purged":[],"score":81,"play_id":"b02992fa-dfec-4715-9031-8e70f00e8f00","local_time":"20210106155428","daily_mods":["Diverse","downfall:Jewelcrafting","DeadlyEvents","Elite Swarm"],"is_ascension_mode":false,"campfire_choices":[],"circlet_count":0,"master_deck":["Strike_B","Strike_B","Strike_B","Strike_B","Defend_B","Defend_B","Defend_B","Defend_B","Zap","Dualcast","Guardian:ExploitGems","Guardian:ExploitGems","Doubt","Flying Knee","bard:Gamble","Twin Strike+1","Guardian:Gem_Orange","Guardian:Gem_Blue","bard:LingeringEcho","sneckomod:DangerNoodle"],"relics":["Cracked Core","Guardian:PickAxe","Runesmith:AutoHammer","StuffTheSpire:NeowsTribute","CCEMRelics:PorcelainBowl","Durian"],"acts_visited":["Exordium"],"potions_floor_usage":[],"damage_taken":[{"damage":6,"enemies":"Jaw Worm","floor":1,"turns":3},{"damage":7,"enemies":"2 Louse","floor":4,"turns":2},{"damage":31,"enemies":"Lagavulin","floor":7,"turns":7},{"damage":0,"enemies":"Cultist","floor":8,"turns":3},{"damage":3,"enemies":"3 Sentries","floor":10,"turns":5},{"damage":43,"enemies":"Gremlin Nob","floor":11,"turns":4}],"seed_played":"3803476617006234853","potions_obtained":[{"floor":4,"key":"champ:CounterPotion"},{"floor":7,"key":"Reflective Coating"}],"is_trial":true,"path_per_floor":["M","?","?","M","$","R","E","M","T","E","E"],"character_chosen":"DEFECT","items_purchased":["Runesmith:AutoHammer","Twin Strike+1"],"campfire_rested":0,"item_purchase_floors":[5,5],"current_hp_per_floor":[69,69,69,62,62,62,31,31,31,33,0,0],"gold":219,"neow_bonus":"","is_daily":false,"chose_seed":false,"campfire_upgraded":0,"win_rate":0.0,"timestamp":1609919668,"path_taken":["M","?","?","M","?","R","E","M","T","E","?"],"items_purchased_type":["Relic","Card"],"build_version":"2020-12-13","purchased_purges":0,"victory":false,"max_hp_per_floor":[75,75,75,75,75,75,75,75,75,80,80,80],"card_choices":[{"not_picked":["StuffTheSpire:Slingshot","Heavy Blade","Runesmith:StaticCage"],"picked":"SKIP","floor":1},{"not_picked":["sneckomod:UnknownClassEV_BLUE_COLOR","DoubleSpark"],"picked":"bard:Gamble","floor":4},{"not_picked":["Runesmith:Supernova","Guardian:FastForward","Slimebound:SlimeSlap"],"picked":"SKIP","floor":7},{"not_picked":["bard:Doot","Guardian:CrystalBeam"],"picked":"bard:LingeringEcho","floor":8},{"not_picked":["sneckomod:Mudshield","Runesmith:FissionHammer"],"picked":"sneckomod:DangerNoodle","floor":10}],"player_experience":25240,"relics_obtained":[{"floor":7,"key":"StuffTheSpire:NeowsTribute"},{"floor":9,"key":"CCEMRelics:PorcelainBowl"},{"floor":10,"key":"Durian"}],"event_choices":[{"damage_healed":0,"gold_gain":175,"player_choice":"AGREE","damage_taken":114,"max_hp_gain":0,"max_hp_loss":0,"event_name":"betterThird:BetterSerpent","floor":2,"gold_loss":0}],"is_beta":false,"boss_relics":[],"items_purged_floors":[],"is_endless":false,"potions_floor_spawned":[4,7],"killed_by":"Gremlin Nob","ascension_level":0}}