{"host":"ueaobptuyu87ouwy","time":1609935520,"event":{"mods":["Aspiration","Bard","BaseMod","Better Altar","Better Match","Better Note","Better Sensory Stone","Better Skull","Better Third Choice","BetterRewards","CCEM","Colored Map","Conspire","Downfall","GifTheSpireLib","Googly Eyes","Halation","Hermit","Highlight Path","Hubris","Infinite Spire","Jedi Mod","Jorbs\u0027s Wanderer Trilogy","Marisa????????","Mimic Mod","Minty Spire (QoL Compilation)","Permanent Neow","Replay The Spire","StSLib","Stuff the Spire","The Runesmith","Unceasing Turn Reminder","everything is the same but u backflip on backflip","slay the spire mod where everything is the same but ironclad has a cowboy hat"],"gold_per_floor":[116,116,132,54,70,105,118,118,151,151,169,186,186,201,201,303,303,317,327,23,23,23,23,23],"floor_reached":23,"playtime":1436,"items_purged":["Strike_G"],"score":243,"play_id":"e3cad13d-ac98-46ae-b091-3db0cb779647","local_time":"20210106201840","is_ascension_mode":false,"campfire_choices":[{"data":"StuffTheSpire:Incantation","floor":8,"key":"SMITH"},{"data":"Well Laid Plans","floor":10,"key":"SMITH"},{"data":"Footwork","floor":13,"key":"SMITH"},{"floor":15,"key":"DIG"}],"circlet_count":0,"master_deck":["Strike_G","Strike_G","Strike_G","Defend_G","Defend_G","Defend_G","Defend_G","Defend_G","Survivor","Neutralize","Dash","Blade Dance","Well Laid Plans+1","Footwork+1","Blade Dance","Backflip","StuffTheSpire:Incantation+1","StuffTheSpire:BumpUp","Dagger Throw","Dodge and Roll","A Thousand Cuts","Writhe","MasterSpark","Burst","ReplayTheSpireMod:Trickstab","infinitespire:Punishment","Envenom","Backstab","Footwork","Dash"],"relics":["Ring of the Snake","aspiration:Lifesprig","StuffTheSpire:GrapeVine","Replay:Wax Seal","StuffTheSpire:Experiment12","ReplayTheSpireMod:SealedPack","Toolbox","Replay:Grab Bag"],"acts_visited":["Exordium","TheCity"],"potions_floor_usage":[],"damage_taken":[{"damage":1,"enemies":"2 Louse","floor":1,"turns":3},{"damage":0,"enemies":"Jaw Worm","floor":3,"turns":2},{"damage":8,"enemies":"Cultist","floor":5,"turns":4},{"damage":11,"enemies":"Lagavulin","floor":6,"turns":7},{"damage":0,"enemies":"3 Louse","floor":7,"turns":4},{"damage":0,"enemies":"Exordium Thugs","floor":9,"turns":8},{"damage":11,"enemies":"Exordium Thugs","floor":11,"turns":4},{"damage":10,"enemies":"2 Fungi Beasts","floor":12,"turns":5},{"damage":2,"enemies":"Blue Slaver","floor":14,"turns":3},{"damage":0,"enemies":"The Guardian","floor":16,"turns":11},{"damage":13,"enemies":"3 Byrds","floor":18,"turns":6},{"damage":9,"enemies":"Chosen","floor":19,"turns":5},{"damage":0,"enemies":"Nightmare","floor":23,"turns":1}],"seed_played":"-4822958152778959477","potions_obtained":[{"floor":5,"key":"SteroidPotion"},{"floor":6,"key":"sneckomod:MuddlingPotion"},{"floor":11,"key":"Poison Potion"},{"floor":18,"key":"Elixir"},{"floor":19,"key":"Fire Potion"}],"is_trial":false,"path_per_floor":["M","?","M","$","M","E","M","R","MIM","R","M","M","R","M","R_BF","B",null,"M","M","$","?","?","NM"],"character_chosen":"THE_SILENT","items_purchased":["Footwork","Footwork","Toolbox"],"campfire_rested":0,"item_purchase_floors":[4,20,20],"current_hp_per_floor":[69,69,69,69,61,50,50,50,50,50,39,29,29,27,27,27,70,57,48,48,48,48,48,48],"gold":23,"neow_bonus":"RANDOM_COMMON_RELIC","is_daily":false,"chose_seed":false,"campfire_upgraded":3,"win_rate":0.0,"timestamp":1609935520,"path_taken":["M","?","M","?","M","E","M","R","MIM","R","M","?","R","M","R_BF","BOSS","M","M","$","?","?","NM"],"items_purchased_type":["Card","Card","Relic"],"build_version":"2020-12-13","purchased_purges":1,"victory":false,"max_hp_per_floor":[70,70,70,70,70,70,70,70,70,70,70,70,70,70,70,70,70,70,70,70,53,53,53,53],"card_choices":[{"not_picked":["StuffTheSpire:Injection","StuffTheSpire:ClusterCrunch"],"picked":"Dash","floor":1},{"not_picked":["StuffTheSpire:Injection","Reflex"],"picked":"Well Laid Plans","floor":3},{"not_picked":["Dodge and Roll","StuffTheSpire:BumpUp"],"picked":"Blade Dance","floor":5},{"not_picked":["PiercingWail","jedi:studypoison"],"picked":"Backflip","floor":6},{"not_picked":["Slice","Poisoned Stab"],"picked":"StuffTheSpire:Incantation","floor":7},{"not_picked":["StuffTheSpire:ClusterCrunch","Underhanded Strike"],"picked":"StuffTheSpire:BumpUp","floor":9},{"not_picked":["StuffTheSpire:Incantation","Hidden Blade"],"picked":"Dagger Throw","floor":11},{"not_picked":["Hidden Blade","jedi:unstablefumes","Deadly Poison"],"picked":"SKIP","floor":12},{"not_picked":["StuffTheSpire:Python","ReplayTheSpireMod:Shiv Toss"],"picked":"Dodge and Roll","floor":14},{"not_picked":["aspiration:Lunge","ReplayTheSpireMod:From All Sides"],"picked":"A Thousand Cuts","floor":16},{"not_picked":["hubris:MerchantsHand","stsjorbsmod:FreshAdventure"],"picked":"MasterSpark","floor":17},{"not_picked":["Night Terror","ReplayTheSpireMod:Necrosis"],"picked":"Burst","floor":17},{"not_picked":["Blind","jedi:forcepush"],"picked":"ReplayTheSpireMod:Trickstab","floor":17},{"not_picked":["infinitespire:Gouge","infinitespire:Execution"],"picked":"infinitespire:Punishment","floor":17},{"not_picked":["Dagger Spray","StuffTheSpire:Fury"],"picked":"Envenom","floor":18},{"not_picked":["Sucker Punch","StuffTheSpire:Python"],"picked":"Backstab","floor":19}],"player_experience":34754,"relics_obtained":[{"floor":6,"key":"StuffTheSpire:GrapeVine"},{"floor":9,"key":"Replay:Wax Seal"},{"floor":15,"key":"StuffTheSpire:Experiment12"}],"event_choices":[{"damage_healed":0,"gold_gain":1,"player_choice":"4","damage_taken":0,"max_hp_gain":0,"max_hp_loss":0,"event_name":"betterStone:BetterStone","floor":2,"gold_loss":0,"cards_obtained":["Blade Dance"]},{"damage_healed":0,"gold_gain":0,"cards_transformed":["Strike_G"],"player_choice":"Transformed","damage_taken":0,"max_hp_gain":0,"max_hp_loss":0,"event_name":"Transmorgrifier","floor":22,"gold_loss":0,"cards_obtained":["Dash"]}],"is_beta":false,"boss_relics":[{"not_picked":["hubris:ScarierMask","halation:Prosthetics"],"picked":"ReplayTheSpireMod:SealedPack"}],"items_purged_floors":[20],"is_endless":false,"potions_floor_spawned":[5,6,11,18,19],"killed_by":"Nightmare","ascension_level":0}}