{"host":"sm7bnwhqk38mm91i","time":1609905916,"event":{"mods":["BaseMod","Minty Spire (QoL Compilation)"],"gold_per_floor":[113,113,186,96,116,116,148,168,193,193,228,243,243,256,256,361,361,372,383,383,383,415,415,450,450,504,519,532,532,115,129,129,233,233,248,248,263,66,46,46,58,71,94,129,129,179,210,230,230,230,230],"floor_reached":50,"playtime":4883,"items_purged":[],"score":582,"play_id":"ea1aab1d-8c14-4cfb-9235-781c19bb6474","local_time":"20210105230516","is_ascension_mode":true,"campfire_choices":[{"data":"Armaments","floor":6,"key":"SMITH"},{"floor":10,"key":"REST"},{"floor":15,"key":"REST"},{"floor":23,"key":"REST"},{"floor":25,"key":"REST"},{"floor":29,"key":"REST"},{"data":"Whirlwind","floor":32,"key":"SMITH"},{"data":"Juggernaut","floor":40,"key":"SMITH"},{"floor":45,"key":"REST"},{"floor":49,"key":"REST"}],"circlet_count":0,"master_deck":["Strike_R","Strike_R","Strike_R","Strike_R","Strike_R","Defend_R","Defend_R","Defend_R+1","Defend_R","Bash+1","Pommel Strike","Whirlwind+1","Armaments+1","Twin Strike","Uppercut","Armaments+1","Uppercut","Dual Wield","Iron Wave","Berserk","Anger+1","Cleave","Infernal Blade","Flame Barrier","Headbutt","Carnage","Pommel Strike+1","Apotheosis","Infernal Blade","Heavy Blade","Juggernaut+1","Clothesline+1","Pain","Perfected Strike+1","Twin Strike","Bloodletting+1","Second Wind","Seeing Red+1","Reckless Charge+1","Heavy Blade+1","Burning Pact+1"],"relics":["Black Blood","Red Skull","Bag of Marbles","Happy Flower","Mark of Pain","Red Mask","Anchor","Toy Ornithopter","Lee\u0027s Waffle","WarpedTongs","Chemical X","Bronze Scales","Lantern","Lizard Tail","Bottled Flame"],"acts_visited":["Exordium","TheCity","TheBeyond"],"potions_floor_usage":[16,16,16,33,33,33,44,44,44,47,50],"damage_taken":[{"damage":0,"enemies":"2 Louse","floor":1,"turns":3},{"damage":3,"enemies":"Small Slimes","floor":5,"turns":4},{"damage":49,"enemies":"Lagavulin","floor":7,"turns":6},{"damage":11,"enemies":"Jaw Worm","floor":8,"turns":2},{"damage":23,"enemies":"3 Sentries","floor":11,"turns":6},{"damage":2,"enemies":"Looter","floor":12,"turns":2},{"damage":0,"enemies":"Large Slime","floor":14,"turns":4},{"damage":27,"enemies":"The Guardian","floor":16,"turns":8},{"damage":30,"enemies":"Spheric Guardian","floor":18,"turns":4},{"damage":5,"enemies":"3 Byrds","floor":19,"turns":4},{"damage":29,"enemies":"Masked Bandits","floor":22,"turns":4},{"damage":42,"enemies":"Slavers","floor":24,"turns":6},{"damage":33,"enemies":"Shelled Parasite and Fungi","floor":27,"turns":4},{"damage":0,"enemies":"Snake Plant","floor":28,"turns":2},{"damage":2,"enemies":"Centurion and Healer","floor":31,"turns":4},{"damage":86,"enemies":"Automaton","floor":33,"turns":7},{"damage":13,"enemies":"Orb Walker","floor":35,"turns":3},{"damage":9,"enemies":"3 Shapes","floor":37,"turns":3},{"damage":50,"enemies":"Spire Growth","floor":41,"turns":5},{"damage":26,"enemies":"3 Darklings","floor":42,"turns":3},{"damage":21,"enemies":"Reptomancer","floor":44,"turns":3},{"damage":36,"enemies":"Mind Bloom Boss Battle","floor":46,"turns":5},{"damage":45,"enemies":"Nemesis","floor":47,"turns":7},{"damage":1,"enemies":"Writhing Mass","floor":48,"turns":3},{"damage":141,"enemies":"Donu and Deca","floor":50,"turns":8}],"seed_played":"-7489491726675960147","potions_obtained":[{"floor":5,"key":"DuplicationPotion"},{"floor":7,"key":"SpeedPotion"},{"floor":12,"key":"BlessingOfTheForge"},{"floor":18,"key":"ColorlessPotion"},{"floor":24,"key":"ElixirPotion"},{"floor":28,"key":"PowerPotion"},{"floor":33,"key":"SkillPotion"},{"floor":35,"key":"ColorlessPotion"},{"floor":39,"key":"CultistPotion"},{"floor":44,"key":"LiquidMemories"},{"floor":46,"key":"BloodPotion"}],"is_trial":false,"path_per_floor":["M","?","?","$","M","R","E","M","T","R","E","M","?","M","R","B",null,"M","M","?","?","?","R","E","R","T","M","M","R","$","M","R","B",null,"M","?","M","$","?","R","M","M","T","E","R","?","E","M","R","B"],"character_chosen":"IRONCLAD","items_purchased":["Whirlwind","Armaments","Lee\u0027s Waffle","Apotheosis","Infernal Blade","Twin Strike","Chemical X"],"campfire_rested":7,"item_purchase_floors":[4,4,30,30,30,38,38],"current_hp_per_floor":[80,85,85,85,85,85,42,37,37,62,45,49,32,38,63,42,85,61,62,62,62,39,64,28,53,53,26,32,57,92,92,92,16,92,91,91,92,92,92,92,54,40,40,46,73,49,39,50,77,0,0],"gold":230,"neow_bonus":"UPGRADE_CARD","is_daily":false,"chose_seed":false,"campfire_upgraded":3,"win_rate":0.0,"timestamp":1609905916,"path_taken":["M","?","?","?","M","R","E","M","T","R","E","M","?","M","R","BOSS","M","M","?","?","?","R","E","R","T","M","?","R","$","M","R","BOSS","M","?","?","$","?","R","?","M","T","E","R","?","E","M","R","BOSS"],"items_purchased_type":["Card","Card","Relic","Card","Card","Card","Relic"],"build_version":"2020-12-22","purchased_purges":0,"victory":false,"max_hp_per_floor":[80,85,85,85,85,85,85,85,85,85,85,85,85,85,85,85,85,85,85,85,85,85,85,85,85,85,85,85,85,92,92,92,92,92,92,92,92,92,92,92,92,92,92,92,92,92,92,92,92,92,92],"card_choices":[{"not_picked":["Warcry","Spot Weakness"],"picked":"Pommel Strike","floor":1},{"not_picked":["Fire Breathing","Reckless Charge"],"picked":"Twin Strike","floor":5},{"not_picked":["Battle Trance","Perfected Strike"],"picked":"Uppercut","floor":7},{"not_picked":["Anger","Body Slam"],"picked":"Armaments","floor":8},{"not_picked":["Blood for Blood","Rage"],"picked":"Uppercut","floor":11},{"not_picked":["Anger","Ghostly Armor"],"picked":"Dual Wield","floor":12},{"not_picked":["True Grit","Bloodletting"],"picked":"Iron Wave","floor":14},{"not_picked":["Limit Break","Reaper"],"picked":"Berserk","floor":16},{"not_picked":["Flex","Bloodletting"],"picked":"Anger+1","floor":18},{"not_picked":["Clash","Flex+1"],"picked":"Cleave","floor":19},{"not_picked":["Anger","Bludgeon"],"picked":"Flame Barrier","floor":22},{"not_picked":["Dual Wield","Warcry"],"picked":"Headbutt","floor":24},{"not_picked":["Sever Soul","Heavy Blade+1"],"picked":"Carnage","floor":27},{"not_picked":["Headbutt","Feel No Pain+1"],"picked":"Pommel Strike+1","floor":28},{"not_picked":["Rage","Fire Breathing+1"],"picked":"Heavy Blade","floor":31},{"not_picked":["Reaper","Brutality"],"picked":"Juggernaut","floor":33},{"not_picked":["Iron Wave","Perfected Strike"],"picked":"Clothesline+1","floor":35},{"not_picked":["Headbutt+1","Flex+1"],"picked":"Perfected Strike+1","floor":37},{"not_picked":["Flex+1","Uppercut"],"picked":"Bloodletting+1","floor":41},{"not_picked":["Pommel Strike+1","Warcry"],"picked":"Second Wind","floor":42},{"not_picked":["Clothesline","Flex"],"picked":"Seeing Red+1","floor":44},{"not_picked":["Anger","Dark Embrace"],"picked":"Reckless Charge+1","floor":46},{"not_picked":["Corruption","Dual Wield+1"],"picked":"Heavy Blade+1","floor":47},{"not_picked":["Clothesline","Clash+1"],"picked":"Burning Pact+1","floor":48}],"player_experience":22625,"relics_obtained":[{"floor":7,"key":"Red Skull"},{"floor":9,"key":"Bag of Marbles"},{"floor":11,"key":"Happy Flower"},{"floor":22,"key":"Red Mask"},{"floor":24,"key":"Anchor"},{"floor":26,"key":"Toy Ornithopter"},{"floor":43,"key":"Bronze Scales"},{"floor":44,"key":"Lantern"},{"floor":46,"key":"Lizard Tail"},{"floor":47,"key":"Bottled Flame"}],"event_choices":[{"damage_healed":0,"gold_gain":0,"player_choice":"Donut","damage_taken":0,"max_hp_gain":5,"max_hp_loss":0,"event_name":"Big Fish","floor":2,"gold_loss":0},{"damage_healed":0,"gold_gain":73,"player_choice":"Gained Gold","damage_taken":0,"max_hp_gain":0,"max_hp_loss":0,"event_name":"Golden Wing","floor":3,"gold_loss":0},{"damage_healed":0,"gold_gain":0,"player_choice":"Entered Light","damage_taken":17,"max_hp_gain":0,"max_hp_loss":0,"event_name":"Shining Light","floor":13,"gold_loss":0,"cards_upgraded":["Defend_R","Armaments"]},{"damage_healed":0,"gold_gain":0,"player_choice":"Read","damage_taken":0,"max_hp_gain":0,"max_hp_loss":0,"event_name":"The Library","floor":20,"gold_loss":0,"cards_obtained":["Infernal Blade"]},{"damage_healed":0,"gold_gain":0,"player_choice":"Ignored","damage_taken":0,"max_hp_gain":0,"max_hp_loss":0,"event_name":"Vampires","floor":21,"gold_loss":0},{"damage_healed":0,"gold_gain":0,"player_choice":"Fought Bandits","damage_taken":0,"max_hp_gain":0,"max_hp_loss":0,"event_name":"Masked Bandits","floor":22,"gold_loss":0},{"damage_healed":0,"gold_gain":0,"player_choice":"Rummage","damage_taken":0,"relics_obtained":["WarpedTongs"],"max_hp_gain":0,"max_hp_loss":0,"event_name":"Accursed Blacksmith","floor":36,"gold_loss":0,"cards_obtained":["Pain"]},{"damage_healed":0,"gold_gain":0,"player_choice":"Bought 1 Potion","damage_taken":0,"max_hp_gain":0,"max_hp_loss":0,"event_name":"The Woman in Blue","floor":39,"gold_loss":0},{"damage_healed":0,"gold_gain":0,"player_choice":"Fight","damage_taken":0,"max_hp_gain":0,"max_hp_loss":0,"event_name":"MindBloom","floor":46,"gold_loss":0}],"is_beta":false,"boss_relics":[{"not_picked":["Cursed Key","Runic Pyramid"],"picked":"Mark of Pain"},{"not_picked":["Empty Cage","Busted Crown"],"picked":"Black Blood"}],"items_purged_floors":[],"is_endless":false,"potions_floor_spawned":[5,7,12,18,24,28,33,35,44,46],"killed_by":"Donu and Deca","ascension_level":1}}