{"host":"g3bty4prdobmknyh","time":1609911316,"event":{"mods":["Act Like it!","Aspiration","BaseMod","Hermit","Minty Spire (QoL Compilation)","Pale of the Ancients","Replay The Spire","StSLib","The Blackbeard","The Hierophant","The Jungle"],"gold_per_floor":[114,114,114,129,144,174,174,204,279,279,129,129,144,159,159,259,259,274,294,294,309,219,219,249,249,249,68,68,68,83,83,103,123,123,223,223,238,302,302,317,332,332,362,377,402,417,417,432,482,497,497,502,507,522,522,3,3,3,3],"floor_reached":58,"playtime":5561,"items_purged":["Delirium"],"score":927,"play_id":"e74dc8c1-6c85-4870-92a8-db785a604c57","local_time":"20210106003516","daily_mods":["Cursed Run","Purple Cards","Binary"],"is_ascension_mode":false,"campfire_choices":[{"data":"hermit:WideOpen","floor":7,"key":"SMITH"},{"data":"hermit:CursedWeapon","floor":12,"key":"SMITH"},{"data":"hermit:Quickdraw","floor":23,"key":"SMITH"},{"data":"hermit:Defend_Hermit+1","floor":34,"key":"PURGE"},{"data":"hermit:Magnum","floor":42,"key":"SMITH"},{"data":"hermit:OverwhelmingPower","floor":51,"key":"SMITH"},{"data":"Panache","floor":57,"key":"SMITH"}],"circlet_count":0,"master_deck":["hermit:Strike_Hermit+1","hermit:Defend_Hermit+1","hermit:Defend_Hermit+1","hermit:Defend_Hermit+1","hermit:Snapshot+1","hermit:Covet+1","hermit:ItchyTrigger","Regret","hermit:WideOpen+1","hermit:Quickdraw+1","hermit:HighNoon","hermit:CursedWeapon+1","hermit:Horror","hermit:Coalescence","hermit:Scavenge","hermit:Adapt","hermit:Snipe+1","hermit:BodyArmor+1","hermit:Spite","ReplayTheSpireMod:Brewmster","CommonCold","hermit:Vantage+1","hermit:Manifest+1","Hallucinations","hermit:OverwhelmingPower+1","hermit:Glare+1","ReplayTheSpireMod:Splinters","hermit:GhostlyPresence","hermit:NoHoldsBarred","hermit:Magnum+1","hermit:Headshot+1","hermit:Purgatory","ReplayTheSpireMod:Faulty Equipment","hermit:LowProfile+1","hermit:Deadeye+1","Sickly","hermit:Virtue+1","Looming Evil","hermit:Malice+1","Hallucinations","Panache+1"],"relics":["Cursed Key","Darkstone Periapt","Du-Vu Doll","Akabeko","Pen Nib","ReplayTheSpireMod:TigerMarble","HornCleat","Spirit Poop","Gremlin Food","aspiration:RitualDagger","theJungle:ParSnip","ReplayTheSpireMod:Shallot","hermit:Spyglass","hermit:BartenderGlass","hermit:Horseshoe","Vajra","Replay:Baseball","Orichalcum","paleoftheancients:Timepiece","paleoftheancients:SoulOfTheShowman","Mirror"],"acts_visited":["Exordium","theJungle:Jungle","TheBeyond","TheBeyond"],"potions_floor_usage":[8,24,24,33,40,41,43,44,44,44,46,48,48,50,50,52,52,52,52,52,53,53,53,53,53,53,53,54,54,54,58,58,58],"damage_taken":[{"damage":0,"enemies":"Small Slimes","floor":1,"turns":3},{"damage":0,"enemies":"2 Louse","floor":4,"turns":2},{"damage":2,"enemies":"Cultist","floor":5,"turns":3},{"damage":6,"enemies":"Gremlin Nob","floor":6,"turns":3},{"damage":26,"enemies":"Lagavulin","floor":8,"turns":5},{"damage":2,"enemies":"2 Fungi Beasts","floor":13,"turns":1},{"damage":0,"enemies":"Blue Slaver","floor":14,"turns":2},{"damage":46,"enemies":"Fading Forest","floor":16,"turns":11},{"damage":23,"enemies":"theJungle:Flameango_and_Byrd","floor":18,"turns":3},{"damage":19,"enemies":"theJungle:MUSHROOMGANG","floor":19,"turns":3},{"damage":16,"enemies":"theJungle:2_Snecko_Cultists","floor":21,"turns":4},{"damage":24,"enemies":"theJungle:2_Phrogs","floor":24,"turns":6},{"damage":13,"enemies":"theJungle:Lyon","floor":30,"turns":3},{"damage":27,"enemies":"Snake Plant","floor":32,"turns":3},{"damage":20,"enemies":"theJungle:2_Flameangoes","floor":33,"turns":4},{"damage":41,"enemies":"theJungle:FunGuy","floor":35,"turns":12},{"damage":17,"enemies":"Orb Walker","floor":37,"turns":3},{"damage":23,"enemies":"3 Shapes","floor":40,"turns":3},{"damage":15,"enemies":"3 Darklings","floor":41,"turns":3},{"damage":15,"enemies":"Nemesis","floor":43,"turns":3},{"damage":19,"enemies":"Transient","floor":44,"turns":5},{"damage":37,"enemies":"4 Shapes","floor":46,"turns":4},{"damage":29,"enemies":"3 Darklings","floor":48,"turns":2},{"damage":17,"enemies":"Transient","floor":50,"turns":5},{"damage":123,"enemies":"Replay:Hell Engine","floor":52,"turns":9},{"damage":239,"enemies":"Replay:Hell Engine","floor":53,"turns":8},{"damage":151,"enemies":"Replay:Hell Engine","floor":54,"turns":6},{"damage":137,"enemies":"Replay:Hell Engine","floor":58,"turns":7}],"seed_played":"-5218424555718163201","potions_obtained":[{"floor":4,"key":"Languid Potion"},{"floor":5,"key":"Elixir"},{"floor":6,"key":"Fire Potion"},{"floor":13,"key":"Weak Potion"},{"floor":24,"key":"LiquidMemories"},{"floor":43,"key":"FearPotion"},{"floor":46,"key":"SpeedPotion"},{"floor":48,"key":"Swift Potion"},{"floor":54,"key":"AttackPotion"}],"is_trial":false,"path_per_floor":["M","?","?","M","M","E","R","E","T","?","$","R","M","M","R","B",null,"M","M","?","M","?","R","E","PTL","PTL","$","T","$","M","?","M","M","R","B",null,"M","?","?","M","M","R","E","M","T","M","?","M","T","M","R","B","M","M","?","$","R","M"],"character_chosen":"HERMIT","items_purchased":["Gremlin Food","ReplayTheSpireMod:Brewmster","Mirror","Panache"],"campfire_rested":0,"item_purchase_floors":[11,27,56,56],"current_hp_per_floor":[75,81,81,81,79,73,73,47,53,53,53,53,51,51,51,11,93,70,51,60,44,44,44,20,20,20,20,26,26,17,17,98,99,99,98,105,104,110,110,100,111,111,111,111,117,96,96,90,96,125,125,134,139,76,82,82,82,0,0],"gold":3,"neow_bonus":"","is_daily":true,"chose_seed":false,"campfire_upgraded":6,"win_rate":0.0,"timestamp":1609911316,"path_taken":["M","?","?","M","M","E","R","E","T","?","$","R","?","M","R","BOSS","M","M","?","M","?","R","E","PTL","PTL","$","T","?","M","?","M","M","R","BOSS","M","?","?","M","M","R","E","M","T","?","?","M","?","M","R","BOSS","M","M","?","$","R","M"],"items_purchased_type":["Relic","Card","Relic","Card"],"build_version":"2020-12-22","purchased_purges":1,"victory":false,"max_hp_per_floor":[75,81,81,81,81,81,81,81,87,87,87,87,87,87,87,93,93,93,93,93,93,93,93,93,93,93,93,99,99,99,99,99,99,99,105,105,105,111,111,111,111,111,111,111,117,117,117,117,123,128,128,134,139,139,145,145,145,145,145],"card_choices":[{"not_picked":["hermit:HighCaliber"],"picked":"hermit:ItchyTrigger","floor":1},{"not_picked":["hermit:Enervate"],"picked":"hermit:WideOpen","floor":4},{"not_picked":["hermit:HoleUp"],"picked":"hermit:Quickdraw","floor":5},{"not_picked":["hermit:Misfire"],"picked":"hermit:HighNoon","floor":6},{"not_picked":["hermit:Feint"],"picked":"hermit:CursedWeapon","floor":8},{"not_picked":["hermit:Snipe"],"picked":"hermit:Horror","floor":13},{"not_picked":["hermit:ItchyTrigger"],"picked":"hermit:Coalescence","floor":14},{"not_picked":["hermit:DeadOrAlive"],"picked":"hermit:Adapt","floor":16},{"not_picked":["hermit:WideOpen"],"picked":"hermit:Snipe+1","floor":18},{"not_picked":["hermit:Enervate"],"picked":"hermit:BodyArmor+1","floor":19},{"not_picked":["hermit:Gestalt"],"picked":"hermit:Spite","floor":21},{"not_picked":["hermit:Roulette","hermit:ItchyTrigger"],"picked":"SKIP","floor":24},{"not_picked":["hermit:Coalescence"],"picked":"hermit:Vantage+1","floor":30},{"not_picked":["hermit:Quickdraw"],"picked":"hermit:Manifest+1","floor":32},{"not_picked":["hermit:Midnight+1","hermit:Misfire"],"picked":"SKIP","floor":33},{"not_picked":["hermit:Dissolve"],"picked":"hermit:OverwhelmingPower","floor":35},{"not_picked":["hermit:BodyArmor+1"],"picked":"hermit:Glare+1","floor":37},{"not_picked":["hermit:Scavenge+1"],"picked":"hermit:GhostlyPresence","floor":38},{"not_picked":["hermit:ItchyTrigger+1"],"picked":"hermit:NoHoldsBarred","floor":38},{"not_picked":["hermit:Headshot","hermit:Glare"],"picked":"SKIP","floor":40},{"not_picked":["hermit:WideOpen","hermit:Headshot"],"picked":"SKIP","floor":41},{"not_picked":["hermit:ShadowCloak"],"picked":"hermit:Headshot+1","floor":43},{"not_picked":["hermit:Vantage+1"],"picked":"hermit:Purgatory","floor":44},{"not_picked":["hermit:Dive"],"picked":"hermit:LowProfile+1","floor":46},{"not_picked":["hermit:Roulette"],"picked":"hermit:Deadeye+1","floor":48},{"not_picked":["hermit:Spite+1"],"picked":"hermit:Virtue+1","floor":50},{"not_picked":["hermit:Quickdraw+1"],"picked":"hermit:Malice+1","floor":54}],"player_experience":929887,"relics_obtained":[{"floor":6,"key":"Pen Nib"},{"floor":8,"key":"ReplayTheSpireMod:TigerMarble"},{"floor":9,"key":"HornCleat"},{"floor":24,"key":"ReplayTheSpireMod:Shallot"},{"floor":28,"key":"hermit:Spyglass"},{"floor":38,"key":"hermit:Horseshoe"},{"floor":43,"key":"Vajra"},{"floor":45,"key":"Replay:Baseball"},{"floor":49,"key":"Orichalcum"},{"floor":54,"key":"paleoftheancients:SoulOfTheShowman"}],"event_choices":[{"damage_healed":0,"gold_gain":0,"player_choice":"Box","damage_taken":0,"relics_obtained":["Akabeko"],"max_hp_gain":0,"max_hp_loss":0,"event_name":"Big Fish","floor":2,"gold_loss":0,"cards_obtained":["Regret"]},{"damage_healed":0,"gold_gain":0,"player_choice":"Ignored","damage_taken":0,"max_hp_gain":0,"max_hp_loss":0,"event_name":"Liars Game","floor":3,"gold_loss":0},{"cards_removed":["Looming Evil"],"damage_healed":0,"gold_gain":0,"player_choice":"Offered Curse","damage_taken":0,"relics_obtained":["Spirit Poop"],"max_hp_gain":0,"max_hp_loss":0,"event_name":"Bonfire Elementals","floor":10,"gold_loss":0},{"damage_healed":0,"gold_gain":0,"cards_transformed":["hermit:Strike_Hermit"],"player_choice":"Transformed","damage_taken":0,"max_hp_gain":0,"max_hp_loss":0,"event_name":"Transmorgrifier","floor":39,"gold_loss":0,"cards_obtained":["hermit:Magnum"]},{"cards_removed":["hermit:Strike_Hermit"],"damage_healed":0,"gold_gain":0,"player_choice":"Removed Attack","damage_taken":0,"max_hp_gain":0,"max_hp_loss":0,"event_name":"Falling","floor":47,"gold_loss":0}],"is_beta":false,"boss_relics":[{"not_picked":["Kintsugi","Velvet Choker"],"picked":"aspiration:RitualDagger"},{"not_picked":["Runic Dome","ReplayTheSpireMod:DimensionalGlitch"],"picked":"hermit:BartenderGlass"}],"items_purged_floors":[56],"is_endless":false,"potions_floor_spawned":[4,5,6,13,18,24,35,40,43,46,48,54],"killed_by":"Replay:Hell Engine","ascension_level":0}}