{"host":"d8hh7rr4yzitjeuj","time":1609900558,"event":{"mods":["2.2 Compatiblity","AchievementEnabler","Act Like it!","BaseMod","Colored Map","Colored Powertips","Highlight Path","Keyboard Shortcuts","Minty Spire (QoL Compilation)","Permanent Neow","Quick Restart","StSLib","SuperFastMode"],"gold_per_floor":[116,135,148,148,166,194,194,227,264,296,325,367,398,430,442,530,542,567,579,605,617,617],"floor_reached":21,"playtime":594,"items_purged":[],"score":510,"play_id":"e05c32bb-d4b6-4ff1-9cf2-96a511b54591","local_time":"20210106113558","is_ascension_mode":true,"campfire_choices":[{"floor":7.0,"key":"REST"},{"data":"Double Tap","floor":15.0,"key":"SMITH"}],"circlet_count":0,"master_deck":["AscendersBane","Strike_R","Strike_R","Strike_R","Strike_R","Defend_R","Defend_R","Defend_R","Defend_R","Bash","Double Tap+1","Pommel Strike","Infernal Blade","Infernal Blade","Spot Weakness","Cleave","Brutality","Rage","Shrug It Off","Uppercut","Evolve","Power Through","Limit Break","Shrug It Off","Burning Pact"],"relics":["Black Blood","Du-Vu Doll","MawBank","Lantern","Nunchaku"],"acts_visited":["TheCity"],"potions_floor_usage":[21],"damage_taken":[{"damage":26.0,"enemies":"Jaw Worm","floor":1.0,"turns":5.0},{"damage":1.0,"enemies":"Cultist","floor":2.0,"turns":3.0},{"damage":6.0,"enemies":"Small Slimes","floor":3.0,"turns":4.0},{"damage":2.0,"enemies":"3 Louse","floor":5.0,"turns":4.0},{"damage":48.0,"enemies":"Lagavulin","floor":6.0,"turns":6.0},{"damage":11.0,"enemies":"Gremlin Nob","floor":8.0,"turns":3.0},{"damage":13.0,"enemies":"Blue Slaver","floor":10.0,"turns":2.0},{"damage":1.0,"enemies":"2 Fungi Beasts","floor":11.0,"turns":2.0},{"damage":15.0,"enemies":"Lagavulin","floor":12.0,"turns":4.0},{"damage":15.0,"enemies":"Large Slime","floor":13.0,"turns":4.0},{"damage":3.0,"enemies":"Blue Slaver","floor":14.0,"turns":2.0},{"damage":4.0,"enemies":"Slime Boss","floor":16.0,"turns":5.0},{"damage":28.0,"enemies":"Shell Parasite","floor":18.0,"turns":4.0},{"damage":20.0,"enemies":"2 Thieves","floor":20.0,"turns":4.0},{"damage":45,"enemies":"3 Cultists","floor":21,"turns":4}],"seed_played":"3267807114408687282","potions_obtained":[{"floor":1.0,"key":"Block Potion"},{"floor":3.0,"key":"Dexterity Potion"},{"floor":6.0,"key":"EntropicBrew"},{"floor":16.0,"key":"BlessingOfTheForge"},{"floor":20.0,"key":"ElixirPotion"}],"is_trial":false,"path_per_floor":["M","M","M","?","M","E","R","E","T","M","M","E","M","M","R","B",null,"M","$","M","M"],"character_chosen":"IRONCLAD","items_purchased":[],"campfire_rested":1,"item_purchase_floors":[],"current_hp_per_floor":[48,53,53,53,57,15,37,32,32,25,30,36,27,30,30,32,64,48,48,40,0,0],"gold":617,"neow_bonus":"ONE_RANDOM_RARE_CARD","is_daily":false,"chose_seed":false,"campfire_upgraded":1,"win_rate":0.0,"timestamp":1609900558,"path_taken":["M","M","M","?","M","E","R","E","T","M","M","E","?","M","R","BOSS","M","$","M","M"],"items_purchased_type":[],"build_version":"2020-12-22","purchased_purges":0,"victory":false,"max_hp_per_floor":[75,75,75,75,75,75,75,75,75,75,75,75,75,75,75,75,75,75,75,75,75,75],"card_choices":[{"not_picked":["Headbutt","Seeing Red"],"picked":"Pommel Strike","floor":1.0},{"not_picked":["Flex","Wild Strike"],"picked":"Infernal Blade","floor":2.0},{"not_picked":["Twin Strike","Flex"],"picked":"Infernal Blade","floor":3.0},{"not_picked":["Iron Wave","Sword Boomerang"],"picked":"Spot Weakness","floor":5.0},{"not_picked":["Brutality","Body Slam"],"picked":"Cleave","floor":6.0},{"not_picked":["Clothesline","Infernal Blade"],"picked":"Brutality","floor":8.0},{"not_picked":["Inflame","Armaments"],"picked":"Rage","floor":10.0},{"not_picked":["Twin Strike","Power Through"],"picked":"Shrug It Off","floor":11.0},{"not_picked":["Anger","Warcry"],"picked":"Uppercut","floor":12.0},{"not_picked":["Shrug It Off","Wild Strike"],"picked":"Evolve","floor":13.0},{"not_picked":["Pummel","Body Slam"],"picked":"Power Through","floor":14.0},{"not_picked":["Feed","Double Tap"],"picked":"Limit Break","floor":16.0},{"not_picked":["Headbutt","Wild Strike"],"picked":"Shrug It Off","floor":18.0},{"not_picked":["Ghostly Armor","Shockwave"],"picked":"Burning Pact","floor":20.0}],"player_experience":1411818,"relics_obtained":[{"floor":6.0,"key":"Du-Vu Doll"},{"floor":8.0,"key":"MawBank"},{"floor":9.0,"key":"Lantern"},{"floor":12.0,"key":"Nunchaku"}],"event_choices":[{"cards_removed":["Strike_R"],"damage_healed":0.0,"max_hp_gain":0.0,"max_hp_loss":0.0,"gold_gain":0.0,"event_name":"Bonfire Elementals","player_choice":"Offered Basic","floor":4.0,"gold_loss":0.0,"damage_taken":0.0}],"is_beta":false,"boss_relics":[{"not_picked":["SlaversCollar","Coffee Dripper"],"picked":"Black Blood"}],"items_purged_floors":[],"is_endless":false,"potions_floor_spawned":[1,3,6,10,16,20],"killed_by":"3 Cultists","ascension_level":20}}