{"host":"a0paspe0zwqgzttz","time":1609958178,"event":{"mods":["AchievementEnabler","Act Like it!","BaseMod","BetterRewards","Colored Powertips","Conspire","Downfall","GifTheSpireLib","Hermit","Highlight Path","Lobotomy","Mad Scientist","Marisa????????","Minty Spire (QoL Compilation)","Quick Restart","Replay The Spire","Robot Space Explorer","Shop Mod","StSLib","SuperFastMode","The Bug Knight","The Construct","The Cursed","The Hierophant","The Jungle","The Mystic","The Necromancer","The Runesmith","The Senshi","The Servant 0.9.4"],"gold_per_floor":[99,99,99,99,99,156,181,13,38,38,52,77,99,99,115,115,115,115],"floor_reached":16,"playtime":872,"items_purged":[],"score":90,"play_id":"646585f5-cd27-497c-b675-617eb2bd1c78","local_time":"20210106133618","is_ascension_mode":false,"campfire_choices":[{"data":"hexamod:Float","floor":1,"key":"SMITH"}],"circlet_count":0,"master_deck":["hexamod:Strike","hexamod:Strike","hexamod:Strike","hexamod:Strike","hexamod:Defend","hexamod:Defend","hexamod:Defend","hexamod:Defend","hexamod:Sear","hexamod:Float+1","hexamod:SpectersWail","hexamod:RadiantFlame","hexamod:FastForward","hexamod:HexaLevel","hexamod:NightmareGuise","hexamod:SecondSeal","hexamod:AdvancingGuard","hexamod:SoulSteal","hexamod:BurningTouch","Hallucinations","hexamod:EtherealExpedition","hexamod:HeatShield","hexamod:ThermalTransfer","hexamod:PhantomFireball"],"relics":["hexamod:SpiritBrand","downfall:HeartsMalice","Blue Candle","Nunchaku","Ring of Peace","Ring of Fury"],"acts_visited":["Exordium"],"potions_floor_usage":[16,16,16],"damage_taken":[{"damage":0,"enemies":"Jaw Worm","floor":2,"turns":1},{"damage":0,"enemies":"Cultist","floor":4,"turns":1},{"damage":0,"enemies":"Small Slimes","floor":5,"turns":1},{"damage":21,"enemies":"Gremlin Nob","floor":6,"turns":4},{"damage":0,"enemies":"downfall:FleeingMerchant","floor":8,"turns":4},{"damage":15,"enemies":"Red Slaver","floor":9,"turns":4},{"damage":0,"enemies":"2 Fungi Beasts","floor":11,"turns":3},{"damage":5,"enemies":"Blue Slaver","floor":12,"turns":4},{"damage":16,"enemies":"Gremlin Gang","floor":13,"turns":5},{"damage":0,"enemies":"3 Louse","floor":15,"turns":3},{"damage":22,"enemies":"downfall:Watcher","floor":16,"turns":8}],"seed_played":"-8162230482435584012","potions_obtained":[{"floor":3,"key":"SmokeBomb"},{"floor":3,"key":"hexamod:DoubleChargePotion"},{"floor":3,"key":"Doom Potion"},{"floor":11,"key":"Milkshake"},{"floor":14,"key":"downfall:CursedFountainPotion"}],"is_trial":false,"path_per_floor":["R","M","?","M","M","?","T","$","M","?","M","M","M","?","M","B"],"character_chosen":"THE_SPIRIT","items_purchased":["hexamod:SecondSeal","hexamod:AdvancingGuard","hexamod:SoulSteal"],"campfire_rested":0,"item_purchase_floors":[8,8,8],"current_hp_per_floor":[70,70,70,70,70,49,49,49,34,34,34,29,13,13,13,0,0,0],"gold":115,"neow_bonus":"THREE_ENEMY_KILL","is_daily":false,"chose_seed":false,"campfire_upgraded":1,"win_rate":0.0,"timestamp":1609958178,"path_taken":["R","M","?","?","M","?","T","?","M","?","M","M","M","?","M","BOSS"],"items_purchased_type":["Card","Card","Card"],"build_version":"2020-12-22","purchased_purges":0,"victory":false,"max_hp_per_floor":[70,70,70,70,70,70,70,70,70,70,70,70,70,70,70,70,70,70],"card_choices":[{"not_picked":["hexamod:Haunt","hexamod:Incineration"],"picked":"hexamod:SpectersWail","floor":2},{"not_picked":["hexamod:SpectersWail","hexamod:Incineration"],"picked":"hexamod:RadiantFlame","floor":4},{"not_picked":["hexamod:Hexaguard","hexamod:BurningTouch"],"picked":"hexamod:FastForward","floor":5},{"not_picked":["hexamod:HauntingEcho","hexamod:Incineration"],"picked":"hexamod:HexaLevel","floor":6},{"not_picked":["hexamod:EmpoweringStance","hexamod:HexaLevel"],"picked":"hexamod:NightmareGuise","floor":8},{"not_picked":["hexamod:Hexaguard","hexamod:EmpoweredFlame"],"picked":"hexamod:BurningTouch","floor":9},{"not_picked":["hexamod:GhostOfSpirePresent","hexamod:RainOfEmbers"],"picked":"hexamod:EtherealExpedition","floor":11},{"not_picked":["hexamod:HauntingEcho","hexamod:Again"],"picked":"hexamod:HeatShield","floor":12},{"not_picked":["hexamod:GhostflameBarrier","hexamod:GhostLash"],"picked":"hexamod:ThermalTransfer","floor":13},{"not_picked":["hexamod:NightmareStrike","hexamod:SoulSteal"],"picked":"hexamod:PhantomFireball","floor":15}],"player_experience":432916,"relics_obtained":[{"floor":7,"key":"Nunchaku"},{"floor":10,"key":"Ring of Peace"},{"floor":10,"key":"Ring of Fury"}],"event_choices":[{"damage_healed":0,"gold_gain":0,"player_choice":"Got Potions","damage_taken":0,"max_hp_gain":0,"max_hp_loss":0,"event_name":"Lab","floor":3,"gold_loss":0}],"is_beta":false,"boss_relics":[],"items_purged_floors":[],"is_endless":false,"potions_floor_spawned":[9,11,12,15],"killed_by":"downfall:Watcher","ascension_level":0}}