{"host":"mydft8i2zzydgggw","time":1609938642,"event":{"mods":["AchievementEnabler","BaseMod","BetterRewards","Colored Map","Colored Powertips","DeckTracker","Keyboard Shortcuts","Minty Spire (QoL Compilation)","Quick Restart","Rare Cards Sparkle","StSLib","SuperFastMode","The Poker Player","everything is the same but u backflip on backflip"],"gold_per_floor":[110,185,204,21,196,225,235,247,273,273,273,290,290,318,332,332,432,432,443,368,368,368,79,79,47,28,28,28,28],"floor_reached":28,"playtime":679,"items_purged":["Strike_P","Defend_P"],"score":289,"play_id":"30bb8a4d-f606-49f1-8be1-637d4b68fecb","local_time":"20210106221042","is_ascension_mode":true,"campfire_choices":[{"floor":16.0,"key":"REST"},{"data":"DevaForm","floor":24.0,"key":"SMITH"}],"circlet_count":0,"master_deck":["Strike_P","Defend_P","Defend_P","Eruption+1","Vigilance","CrushJoints","Doubt","Halt","Devotion+1","InnerPeace","DevaForm+1","MentalFortress","Wish","Devotion","Fasting2","Adaptation"],"relics":["PureWater","NeowsBlessing","Membership Card","Toy Ornithopter","Orichalcum","Dream Catcher","VioletLotus","Lantern","Lee\u0027s Waffle","Akabeko","Singing Bowl"],"acts_visited":["Exordium","TheCity"],"potions_floor_usage":[25],"damage_taken":[{"damage":0.0,"enemies":"Cultist","floor":1.0,"turns":1.0},{"damage":0.0,"enemies":"Jaw Worm","floor":3.0,"turns":1.0},{"damage":0.0,"enemies":"Lagavulin","floor":6.0,"turns":1.0},{"damage":0.0,"enemies":"2 Louse","floor":7.0,"turns":3.0},{"damage":20.0,"enemies":"Lots of Slimes","floor":8.0,"turns":7.0},{"damage":0.0,"enemies":"3 Louse","floor":12.0,"turns":2.0},{"damage":12.0,"enemies":"Gremlin Nob","floor":14.0,"turns":3.0},{"damage":14.0,"enemies":"2 Fungi Beasts","floor":15.0,"turns":6.0},{"damage":31.0,"enemies":"The Guardian","floor":17.0,"turns":10.0},{"damage":38.0,"enemies":"Spheric Guardian","floor":19.0,"turns":6.0},{"damage":35,"enemies":"2 Thieves","floor":25,"turns":5},{"damage":52,"enemies":"Gremlin Leader","floor":28,"turns":4}],"seed_played":"8108700075855503223","potions_obtained":[{"floor":1.0,"key":"LiquidMemories"},{"floor":8.0,"key":"Swift Potion"},{"floor":11.0,"key":"Dexterity Potion"},{"floor":11.0,"key":"Explosive Potion"},{"floor":12.0,"key":"Explosive Potion"},{"floor":15.0,"key":"SneckoOil"},{"floor":17.0,"key":"Fire Potion"},{"floor":25,"key":"SteroidPotion"}],"is_trial":false,"path_per_floor":["M","?","M","$","?","E","M","M","T","?","?","M","?","E","M","R","B",null,"M","?","?","?","$","R","M","$","T","E"],"character_chosen":"WATCHER","items_purchased":["Membership Card","Lantern","Fasting2","Lee\u0027s Waffle","Akabeko","Adaptation"],"campfire_rested":1,"item_purchase_floors":[4,23,23,23,23,26],"current_hp_per_floor":[72,65,65,65,65,65,70,50,50,36,36,41,41,34,20,41,25,72,34,34,34,34,79,79,49,49,49,0,0],"gold":28,"neow_bonus":"THREE_ENEMY_KILL","is_daily":false,"chose_seed":false,"campfire_upgraded":1,"win_rate":0.0,"timestamp":1609938642,"path_taken":["M","?","?","$","?","E","M","M","T","?","?","?","?","E","M","R","BOSS","M","?","?","?","$","R","M","?","T","E"],"items_purchased_type":["Relic","Relic","Card","Relic","Relic","Card"],"build_version":"2020-12-22","purchased_purges":2,"victory":false,"max_hp_per_floor":[72,72,72,72,72,72,72,72,72,72,72,72,72,72,72,72,72,72,72,72,72,72,79,79,79,79,79,79,79],"card_choices":[{"not_picked":["SandsOfTime","Perseverance","CutThroughFate"],"picked":"SKIP","floor":1.0},{"not_picked":["WindmillStrike","Swivel"],"picked":"CrushJoints","floor":3.0},{"not_picked":["FollowUp","WindmillStrike","Pray"],"picked":"SKIP","floor":6.0},{"not_picked":["ReachHeaven","JustLucky"],"picked":"Halt","floor":7.0},{"not_picked":["BowlingBash","Wallop"],"picked":"Devotion","floor":8.0},{"not_picked":["Crescendo","FlyingSleeves"],"picked":"InnerPeace","floor":12.0},{"not_picked":["Crescendo","CutThroughFate"],"picked":"DevaForm","floor":14.0},{"not_picked":["Indignation","FlurryOfBlows"],"picked":"MentalFortress","floor":15.0},{"not_picked":["Nirvana","BowlingBash","ClearTheMind"],"picked":"SKIP","floor":19.0},{"not_picked":["CarveReality","FollowUp","JustLucky+1"],"picked":"SKIP","floor":25}],"player_experience":115942,"relics_obtained":[{"floor":6.0,"key":"Toy Ornithopter"},{"floor":9.0,"key":"Orichalcum"},{"floor":14.0,"key":"Dream Catcher"},{"floor":27,"key":"Singing Bowl"}],"event_choices":[{"damage_healed":0.0,"max_hp_gain":0.0,"max_hp_loss":0.0,"gold_gain":75.0,"event_name":"FaceTrader","player_choice":"Touch","floor":2.0,"gold_loss":0.0,"damage_taken":7.0},{"damage_healed":0.0,"max_hp_gain":0.0,"max_hp_loss":0.0,"gold_gain":175.0,"event_name":"Liars Game","player_choice":"AGREE","floor":5.0,"gold_loss":0.0,"damage_taken":0.0,"cards_obtained":["Doubt"]},{"damage_healed":0.0,"max_hp_gain":0.0,"max_hp_loss":0.0,"gold_gain":0.0,"event_name":"Shining Light","player_choice":"Entered Light","floor":10.0,"gold_loss":0.0,"damage_taken":14.0,"cards_upgraded":["Devotion","Eruption"]},{"damage_healed":0.0,"max_hp_gain":0.0,"max_hp_loss":0.0,"gold_gain":0.0,"event_name":"Lab","player_choice":"Got Potions","floor":11.0,"gold_loss":0.0,"damage_taken":0.0},{"cards_removed":["Strike_P"],"damage_healed":0.0,"max_hp_gain":0.0,"max_hp_loss":0.0,"gold_gain":0.0,"event_name":"Beggar","player_choice":"Gave Gold","floor":20.0,"gold_loss":75.0,"damage_taken":0.0},{"damage_healed":0.0,"max_hp_gain":0.0,"max_hp_loss":0.0,"gold_gain":0.0,"cards_transformed":["Strike_P","Defend_P"],"event_name":"Drug Dealer","player_choice":"Became Test Subject","floor":21.0,"gold_loss":0.0,"damage_taken":0.0,"cards_obtained":["Wish","Devotion"]},{"damage_healed":0.0,"max_hp_gain":0.0,"max_hp_loss":0.0,"gold_gain":0.0,"event_name":"Ghosts","player_choice":"Ignored","floor":22.0,"gold_loss":0.0,"damage_taken":0.0}],"is_beta":false,"boss_relics":[{"not_picked":["Fusion Hammer","Velvet Choker"],"picked":"VioletLotus"}],"items_purged_floors":[4,23],"is_endless":false,"potions_floor_spawned":[1,8,12,15,17,25],"killed_by":"Gremlin Leader","ascension_level":3}}