{"host":"7gewg82ormp6yt4e","time":1609938653,"event":{"mods":["BaseMod","Block Reminder","Colored Map","Colored Powertips","DeckTracker","Highlight Path","Minty Spire (QoL Compilation)","Relic Stats","StSLib","ojb\u0027s Info Mod"],"gold_per_floor":[359,379,22,37,112,144,144,476,476,476,18,18,38,115,115,193,193,209,209,224,240,253,253,269,299,299,310,310,326,326,216,216,290,290,303,208,208,208,223,7,7,18,18,52,10,40,40,52,52,52,52,52,52,3,33,33],"floor_reached":57,"playtime":4485,"items_purged":["Beam Cell","Genetic Algorithm"],"score":2880,"play_id":"3cbf206e-507f-4611-9bce-23a80c1147d5","local_time":"20210106221053","is_ascension_mode":true,"campfire_choices":[{"data":"Streamline","floor":7.0,"key":"SMITH"},{"data":"Coolheaded","floor":10.0,"key":"SMITH"},{"data":"Fission","floor":12.0,"key":"SMITH"},{"data":"Loop","floor":15.0,"key":"SMITH"},{"data":"Biased Cognition","floor":23.0,"key":"SMITH"},{"data":"Defragment","floor":28.0,"key":"SMITH"},{"data":"Darkness","floor":30.0,"key":"SMITH"},{"data":"Loop","floor":32.0,"key":"SMITH"},{"floor":41.0,"key":"RECALL"},{"data":"Capacitor","floor":47.0,"key":"SMITH"},{"data":"Rainbow","floor":49.0,"key":"SMITH"},{"data":"Creative AI","floor":53.0,"key":"SMITH"}],"circlet_count":0,"master_deck":["AscendersBane","Zap","Dualcast","Coolheaded+1","Compile Driver","Streamline+1","Leap","Doom and Gloom","Fission+1","Loop+1","Loop+1","Biased Cognition+1","Sunder+1","Cold Snap","Cold Snap","Undo","Glacier+1","Hologram+1","Skim+1","Defragment+1","Darkness+1","Echo Form","Recycle","Creative AI+1","Machine Learning","Rainbow+1","Reinforced Body","Panacea","Dark Shackles","Hologram","Compile Driver","Capacitor+1","Hologram","Redo+1","Capacitor"],"relics":["Cracked Core","Membership Card","TungstenRod","Pear","Old Coin","CaptainsWheel","ClockworkSouvenir","Lantern","Eternal Feather","Runic Dome","Potion Belt","Smiling Mask","Pandora\u0027s Box","OrangePellets","Oddly Smooth Stone","InkBottle","Turnip","Strawberry","Nunchaku"],"acts_visited":["Exordium","TheCity","TheBeyond","TheEnding"],"potions_floor_usage":[56,56],"damage_taken":[{"damage":11.0,"enemies":"Jaw Worm","floor":1.0,"turns":4.0},{"damage":4.0,"enemies":"Small Slimes","floor":2.0,"turns":4.0},{"damage":1.0,"enemies":"Cultist","floor":4.0,"turns":4.0},{"damage":10.0,"enemies":"Gremlin Nob","floor":6.0,"turns":3.0},{"damage":11.0,"enemies":"3 Sentries","floor":8.0,"turns":9.0},{"damage":0.0,"enemies":"Looter","floor":13.0,"turns":3.0},{"damage":12.0,"enemies":"The Guardian","floor":16.0,"turns":6.0},{"damage":24.0,"enemies":"2 Thieves","floor":18.0,"turns":3.0},{"damage":0.0,"enemies":"Spheric Guardian","floor":20.0,"turns":1.0},{"damage":0.0,"enemies":"Chosen and Byrds","floor":21.0,"turns":5.0},{"damage":6.0,"enemies":"Centurion and Healer","floor":22.0,"turns":6.0},{"damage":0.0,"enemies":"Snecko","floor":24.0,"turns":5.0},{"damage":3.0,"enemies":"Book of Stabbing","floor":25.0,"turns":6.0},{"damage":0.0,"enemies":"3 Cultists","floor":27.0,"turns":5.0},{"damage":0.0,"enemies":"Shelled Parasite and Fungi","floor":29.0,"turns":6.0},{"damage":0.0,"enemies":"Champ","floor":33.0,"turns":15.0},{"damage":0.0,"enemies":"Orb Walker","floor":35.0,"turns":4.0},{"damage":0.0,"enemies":"3 Shapes","floor":39.0,"turns":5.0},{"damage":8.0,"enemies":"Transient","floor":42.0,"turns":6.0},{"damage":8.0,"enemies":"Nemesis","floor":44.0,"turns":9.0},{"damage":3.0,"enemies":"Reptomancer","floor":46.0,"turns":8.0},{"damage":0.0,"enemies":"Spire Growth","floor":48.0,"turns":5.0},{"damage":76.0,"enemies":"Awakened One","floor":50.0,"turns":19.0},{"damage":0.0,"enemies":"Donu and Deca","floor":51.0,"turns":15.0},{"damage":30.0,"enemies":"Shield and Spear","floor":55.0,"turns":11.0},{"damage":27,"enemies":"The Heart","floor":56,"turns":12}],"seed_played":"1599139643130456839","potions_obtained":[{"floor":2.0,"key":"DuplicationPotion"},{"floor":8.0,"key":"SteroidPotion"},{"floor":13.0,"key":"Fire Potion"},{"floor":21.0,"key":"GamblersBrew"},{"floor":22.0,"key":"Weak Potion"},{"floor":25.0,"key":"Swift Potion"},{"floor":33.0,"key":"DuplicationPotion"},{"floor":35.0,"key":"AttackPotion"},{"floor":46.0,"key":"Weak Potion"},{"floor":48.0,"key":"SkillPotion"}],"is_trial":false,"path_per_floor":["M","M","$","M","?","E","R","E","T","R","$","R","M","T","R","B",null,"M","?","M","M","M","R","M","E","T","M","R","M","R","?","R","B",null,"M","$","?","?","M","$","R","M","T","E","$","E","R","M","R","B","B",null,"R","$","E","B",null],"character_chosen":"DEFECT","items_purchased":["Membership Card","TungstenRod","Strength Potion","ClockworkSouvenir","Lantern","Eternal Feather","Doom and Gloom","Fission","Loop","Panacea","OrangePellets","Oddly Smooth Stone","Capacitor","Capacitor","SpeedPotion"],"campfire_rested":0,"item_purchase_floors":[3,3,3,11,11,11,11,11,11,36,40,40,45,54,54],"current_hp_per_floor":[53,49,49,48,38,38,38,27,27,27,27,36,36,36,48,36,65,41,41,41,41,35,50,50,47,47,47,62,62,74,74,74,74,74,74,74,65,65,65,65,74,66,66,58,58,62,80,80,81,5,5,62,80,80,50,23],"gold":33,"neow_bonus":"TWO_FIFTY_GOLD","is_daily":false,"chose_seed":false,"campfire_upgraded":11,"win_rate":0.0,"timestamp":1609938653,"path_taken":["M","M","$","M","?","E","R","E","T","R","?","R","M","?","R","BOSS","M","?","M","M","M","R","M","E","T","M","R","?","R","?","R","BOSS","M","$","?","?","M","$","R","?","T","E","$","E","R","M","R","BOSS","BOSS","R","$","E","BOSS"],"items_purchased_type":["Relic","Relic","Potion","Relic","Relic","Relic","Card","Card","Card","Card","Relic","Relic","Card","Card","Potion"],"build_version":"2020-12-22","purchased_purges":2,"victory":true,"max_hp_per_floor":[64,64,64,64,64,74,74,74,74,74,74,74,74,74,74,74,74,74,74,74,74,74,74,74,74,74,74,74,74,74,74,74,74,74,74,74,74,74,74,74,74,74,74,74,74,81,81,81,81,81,81,81,81,81,81,81],"relic_stats":{"OrangePellets":[9],"Nunchaku":[0],"counters":[26,177],"Eternal Feather":109,"Pandora\u0027s Box":["Recycle","Beam Cell","Creative AI","Machine Learning","Genetic Algorithm","Rainbow"],"Turnip":[2],"Smiling Mask":-12,"obtain_stats":[{"Potion Belt":25,"Lantern":11,"Pear":6,"Oddly Smooth Stone":40,"Eternal Feather":11,"Smiling Mask":26,"Old Coin":8,"ClockworkSouvenir":11,"Runic Dome":17,"OrangePellets":40,"CaptainsWheel":9,"Nunchaku":55,"Strawberry":46,"Pandora\u0027s Box":34,"Turnip":44,"Membership Card":3,"Cracked Core":0,"TungstenRod":3,"InkBottle":43},{"Potion Belt":13,"Lantern":5,"Pear":4,"Oddly Smooth Stone":18,"Eternal Feather":5,"Smiling Mask":13,"Old Coin":5,"ClockworkSouvenir":5,"Runic Dome":7,"OrangePellets":18,"CaptainsWheel":5,"Nunchaku":25,"Strawberry":21,"Pandora\u0027s Box":16,"Turnip":20,"Membership Card":2,"Cracked Core":0,"TungstenRod":2,"InkBottle":19},{"Potion Belt":59,"Lantern":24,"Pear":15,"Oddly Smooth Stone":93,"Eternal Feather":24,"Smiling Mask":59,"Old Coin":24,"ClockworkSouvenir":24,"Runic Dome":33,"OrangePellets":93,"CaptainsWheel":24,"Nunchaku":166,"Strawberry":116,"Pandora\u0027s Box":85,"Turnip":108,"Membership Card":8,"Cracked Core":0,"TungstenRod":8,"InkBottle":99}],"TungstenRod":47,"InkBottle":[32]},"card_choices":[{"not_picked":["Turbo","Rebound"],"picked":"Coolheaded","floor":1.0},{"not_picked":["Beam Cell","Gash"],"picked":"Compile Driver","floor":2.0},{"not_picked":["Steam","Redo"],"picked":"Streamline","floor":4.0},{"not_picked":["Hello World","Lockon"],"picked":"Leap","floor":6.0},{"not_picked":["Turbo","Beam Cell"],"picked":"Conserve Battery","floor":8.0},{"not_picked":["Stack","Storm"],"picked":"Loop","floor":13.0},{"not_picked":["Echo Form","Hyperbeam"],"picked":"Biased Cognition","floor":16.0},{"not_picked":["Cold Snap","Streamline"],"picked":"Sunder+1","floor":18.0},{"not_picked":["Gash","Sweeping Beam"],"picked":"Cold Snap","floor":20.0},{"not_picked":["Compile Driver","Double Energy+1"],"picked":"Undo","floor":21.0},{"not_picked":["Consume","Turbo"],"picked":"Glacier","floor":22.0},{"not_picked":["Stack","Conserve Battery+1"],"picked":"Hologram+1","floor":24.0},{"not_picked":["Hyperbeam","Redo"],"picked":"Skim+1","floor":25.0},{"not_picked":["Go for the Eyes","Steam"],"picked":"Defragment","floor":27.0},{"not_picked":["Redo","Chill"],"picked":"Darkness","floor":29.0},{"not_picked":["Electrodynamics","Hyperbeam"],"picked":"Echo Form","floor":33.0},{"not_picked":["Turbo+1","Barrage+1"],"picked":"Reinforced Body","floor":35.0},{"not_picked":["Impatience","Flash of Steel"],"picked":"Dark Shackles","floor":37.0},{"not_picked":["FTL+1","Darkness","Stack"],"picked":"SKIP","floor":39.0},{"not_picked":["Sunder","Gash+1"],"picked":"Hologram","floor":42.0},{"not_picked":["Storm","Sweeping Beam+1"],"picked":"Compile Driver","floor":44.0},{"not_picked":["Consume+1","Doom and Gloom"],"picked":"Hologram","floor":46.0},{"not_picked":["Cold Snap","Rebound"],"picked":"Redo+1","floor":48.0},{"not_picked":["Meteor Strike","FTL+1","Coolheaded"],"picked":"SKIP","floor":55.0}],"player_experience":2485154,"relics_obtained":[{"floor":6.0,"key":"Pear"},{"floor":8.0,"key":"Old Coin"},{"floor":9.0,"key":"CaptainsWheel"},{"floor":25.0,"key":"Potion Belt"},{"floor":26.0,"key":"Smiling Mask"},{"floor":43.0,"key":"InkBottle"},{"floor":44.0,"key":"Turnip"},{"floor":46.0,"key":"Strawberry"},{"floor":55.0,"key":"Nunchaku"}],"event_choices":[{"damage_healed":0.0,"max_hp_gain":0.0,"max_hp_loss":0.0,"gold_gain":75.0,"event_name":"World of Goop","player_choice":"Gather Gold","floor":5.0,"gold_loss":0.0,"damage_taken":11.0},{"damage_healed":0.0,"max_hp_gain":0.0,"max_hp_loss":0.0,"gold_gain":0.0,"cards_transformed":["Strike_B"],"event_name":"Transmorgrifier","player_choice":"Transformed","floor":19.0,"gold_loss":0.0,"damage_taken":0.0,"cards_obtained":["Cold Snap"]},{"cards_removed":["Strike_B"],"damage_healed":0.0,"max_hp_gain":0.0,"max_hp_loss":0.0,"gold_gain":0.0,"event_name":"Designer","player_choice":"Upgrade and Remove","floor":31.0,"gold_loss":110.0,"damage_taken":0.0,"cards_upgraded":["Glacier"]},{"damage_healed":0.0,"max_hp_gain":0.0,"max_hp_loss":0.0,"gold_gain":0.0,"event_name":"SensoryStone","player_choice":"Memory 3","floor":37.0,"gold_loss":0.0,"damage_taken":10.0},{"cards_removed":["Conserve Battery"],"damage_healed":0.0,"max_hp_gain":0.0,"max_hp_loss":0.0,"gold_gain":0.0,"event_name":"Falling","player_choice":"Removed Skill","floor":38.0,"gold_loss":0.0,"damage_taken":0.0}],"is_beta":false,"boss_relics":[{"not_picked":["Ectoplasm","Philosopher\u0027s Stone"],"picked":"Runic Dome"},{"not_picked":["Empty Cage","Velvet Choker"],"picked":"Pandora\u0027s Box"}],"items_purged_floors":[36,40],"is_endless":false,"potions_floor_spawned":[2,8,13,21,22,25,33,35,46,48],"ascension_level":20}}