{"host":"bydnmyvf669xu6ab","time":1609965761,"event":{"mods":["Aspiration","BaseMod","Better Note","BetterRewards","Colored Map","Colored Powertips","Minty Spire (QoL Compilation)","Rare Cards Sparkle","Relic Stats","Shop Mod","StSLib","SuperFastMode","Virulent Crown"],"gold_per_floor":[115,115,128,145,24,24,37,51,51,51,51,85,85,104,104,199,199,215,215,229,241,259,292,292,323,323,323,335,335,434,464,464,562,562,579,579,598,598,611,639,639,653,678,678,690,690,703,720,720,720,720,720,248,277,277],"floor_reached":56,"playtime":7522,"items_purged":["Strike_G"],"score":1604,"play_id":"b542f987-685c-4d4b-8c01-a87f0ad00159","local_time":"20210106124241","is_ascension_mode":true,"campfire_choices":[{"data":"Footwork","floor":6,"key":"SMITH"},{"floor":11,"key":"REST"},{"data":"Catalyst","floor":15,"key":"SMITH"},{"data":"Catalyst","floor":24,"key":"SMITH"},{"floor":27,"key":"RECALL"},{"data":"Wraith Form v2","floor":32,"key":"SMITH"},{"data":"Noxious Fumes","floor":41,"key":"SMITH"},{"data":"Noxious Fumes","floor":44,"key":"SMITH"},{"data":"Blur","floor":46,"key":"SMITH"},{"data":"Dodge and Roll","floor":49,"key":"SMITH"},{"data":"Deadly Poison","floor":52,"key":"SMITH"}],"circlet_count":0,"master_deck":["Strike_G","Strike_G","Strike_G","Strike_G","Defend_G","Defend_G","Defend_G","Defend_G","Defend_G","Survivor","Neutralize","Blur+1","Footwork+1","Deadly Poison+1","Poisoned Stab","Deadly Poison","Dodge and Roll+1","Catalyst+1","Catalyst+1","Terror","Crippling Poison+1","Noxious Fumes+1","Noxious Fumes+1","Bane","Dodge and Roll","Wraith Form v2+1","Tools of the Trade","White Noise+1","Backflip+1","Catalyst+1","Lockon+1","Deadly Poison+1","Capacitor","Venomology","Poisoned Stab+1","Adrenaline","Machine Learning"],"relics":["Ring of the Snake","Bag of Preparation","Pen Nib","TwistedFunnel","Dream Catcher","Velvet Choker","aspiration:SeaSaltIceCream","Lee\u0027s Waffle","aspiration:VileToxins","Mummified Hand","Mercury Hourglass","aspiration:DefectSkillbook","aspiration:HatOfInfinitePower","aspiration:HiddenCompartment","Bottled Tornado","Orrery","Blue Candle"],"acts_visited":["Exordium","TheCity","TheBeyond","TheEnding"],"potions_floor_usage":[12,12,16,20,23,31,40,50,50],"damage_taken":[{"damage":0,"enemies":"2 Louse","floor":1,"turns":2},{"damage":0,"enemies":"Cultist","floor":3,"turns":3},{"damage":2,"enemies":"Small Slimes","floor":4,"turns":3},{"damage":17,"enemies":"Exordium Thugs","floor":7,"turns":3},{"damage":7,"enemies":"Looter","floor":8,"turns":2},{"damage":12,"enemies":"3 Sentries","floor":12,"turns":6},{"damage":1,"enemies":"Blue Slaver","floor":14,"turns":3},{"damage":0,"enemies":"Hexaghost","floor":16,"turns":6},{"damage":0,"enemies":"3 Byrds","floor":18,"turns":5},{"damage":0,"enemies":"Chosen","floor":20,"turns":2},{"damage":0,"enemies":"Snecko","floor":21,"turns":2},{"damage":9,"enemies":"Snake Plant","floor":22,"turns":4},{"damage":17,"enemies":"Gremlin Leader","floor":23,"turns":5},{"damage":16,"enemies":"Book of Stabbing","floor":25,"turns":5},{"damage":3,"enemies":"Sentry and Sphere","floor":28,"turns":4},{"damage":0,"enemies":"Gremlin Leader","floor":31,"turns":2},{"damage":5,"enemies":"Collector","floor":33,"turns":3},{"damage":3,"enemies":"Orb Walker","floor":35,"turns":2},{"damage":0,"enemies":"3 Shapes","floor":37,"turns":3},{"damage":0,"enemies":"3 Darklings","floor":39,"turns":3},{"damage":21,"enemies":"Reptomancer","floor":40,"turns":4},{"damage":0,"enemies":"Writhing Mass","floor":42,"turns":3},{"damage":3,"enemies":"Spire Growth","floor":45,"turns":3},{"damage":7,"enemies":"Maw","floor":47,"turns":4},{"damage":5,"enemies":"Jaw Worm Horde","floor":48,"turns":3},{"damage":13,"enemies":"Time Eater","floor":50,"turns":2},{"damage":1,"enemies":"Shield and Spear","floor":54,"turns":4},{"damage":54,"enemies":"The Heart","floor":55,"turns":5}],"seed_played":"4292368413576203265","potions_obtained":[{"floor":8,"key":"Strength Potion"},{"floor":12,"key":"PowerPotion"},{"floor":14,"key":"EssenceOfSteel"},{"floor":16,"key":"PowerPotion"},{"floor":18,"key":"EssenceOfSteel"},{"floor":21,"key":"BlessingOfTheForge"},{"floor":28,"key":"SkillPotion"},{"floor":37,"key":"Swift Potion"},{"floor":40,"key":"Regen Potion"},{"floor":45,"key":"DuplicationPotion"},{"floor":47,"key":"FairyPotion"}],"is_trial":false,"path_per_floor":["M","?","M","M","$","R","M","M","T","$","R","E","$","M","R","B",null,"M","$","M","M","M","E","R","E","T","R","M","?","?","E","R","B",null,"M","?","M","?","M","E","R","M","T","R","M","R","M","M","R","B",null,"R","$","E","B",null],"character_chosen":"THE_SILENT","items_purchased":["Bag of Preparation","Pen Nib","TwistedFunnel","Blur","Footwork","Deadly Poison","Catalyst","Fire Potion","Bottled Tornado","Capacitor","Orrery"],"campfire_rested":1,"item_purchase_floors":[0,0,0,0,0,0,5,5,53,53,53],"current_hp_per_floor":[39,39,39,37,37,37,20,13,13,13,34,22,22,21,21,21,70,70,70,70,70,61,77,77,61,61,61,58,58,58,58,58,53,77,74,74,74,74,74,53,53,53,53,53,50,50,43,38,38,34,77,77,77,76,22],"gold":277,"neow_bonus":"","is_daily":false,"chose_seed":false,"campfire_upgraded":9,"win_rate":0.0,"timestamp":1609965761,"path_taken":["M","?","M","M","?","R","M","M","T","$","R","E","$","M","R","BOSS","M","$","?","M","M","E","R","E","T","R","M","?","?","E","R","BOSS","M","?","M","?","M","E","R","M","T","R","M","R","M","M","R","BOSS","R","$","E","BOSS"],"items_purchased_type":["Relic","Relic","Relic","Card","Card","Card","Card","Potion","Relic","Card","Relic"],"build_version":"2020-12-22","purchased_purges":1,"victory":true,"max_hp_per_floor":[70,70,70,70,70,70,70,70,70,70,70,70,70,70,70,70,70,70,70,70,70,70,77,77,77,77,77,77,77,77,77,77,77,77,77,77,77,77,77,77,77,77,77,77,77,77,77,77,77,77,77,77,77,77,77],"relic_stats":{"Dream Catcher":0,"Lee\u0027s Waffle":33,"counters":[628,3112],"Mummified Hand":[58],"Blue Candle":[1],"Pen Nib":[9],"Bag of Preparation":[56],"obtain_stats":[{"TwistedFunnel":12,"Ginger":53,"Whetstone":54,"Bottled Tornado":26,"Sling":53,"aspiration:RitualStick":19,"Old Coin":37,"Blood Vial":47,"Sundial":24,"MealTicket":0,"Kunai":0,"MerchantsRug":0,"Pear":14,"GiantMaggot":0,"Blue Candle":34,"Velvet Choker":17,"Pen Nib":25,"Paper Crane":0,"aspiration:FrozenJewel":12,"aspiration:IroncladSkillbook":34,"SlaversCollar":17,"Pandora\u0027s Box":17,"Unceasing Top":0,"Ring of the Serpent":17,"WizardHat":0,"Regal Pillow":14,"aspiration:Lifesprig":0,"Lantern":30,"Singing Bowl":0,"StoneCalendar":34,"Rawhide":40,"RoseTintedShades":43,"Bag of Preparation":0,"Ancient Tea Set":47,"Cursed Key":34,"Burning Blood":26,"Shovel":31,"WristBlade":34,"Ninja Scroll":38,"aspiration:FutureDiary":17,"InkBottle":14,"Ring of the Snake":0,"aspiration:VileToxins":21,"Potion Belt":31,"Lee\u0027s Waffle":0,"CherryCoatedStake":0,"Golden Idol":13,"Thread and Needle":0,"PreservedInsect":9,"The Courier":3,"Omamori":0,"Busted Crown":17,"Ornamental Fan":10,"Orrery":0,"Turnip":30,"SpikesRelics:DaevaFist":0,"Art of War":45,"Bottled Lightning":9,"Toy Ornithopter":42,"Ice Cream":14,"Calipers":27,"Gremlin Horn":9,"Vajra":34,"Centennial Puzzle":54,"HornCleat":41,"SpikesRelics:ToyHorsey":48,"DollysMirror":53,"Strawberry":23,"Philosopher\u0027s Stone":17,"Toxic Egg 2":2,"LugNut":0,"Girya":14,"Happy Flower":7,"aspiration:Nostalgia":5,"Dead Branch":37,"Oddly Smooth Stone":37,"aspiration:SeaSaltIceCream":26,"BlackRope":17,"Letter Opener":54,"War Paint":53,"Question Card":12,"aspiration:HiddenCompartment":43,"Shuriken":0,"Bronze Scales":5,"Molten Egg 2":43,"CosmicIsotope":34,"aspiration:HatOfInfinitePower":40,"Pocketwatch":41,"Meat on the Bone":22,"Darkstone Periapt":22,"SnailShell":43,"RetroEgg":23,"SacredBark":34,"Mango":45,"Snake Skull":22,"Juzu Bracelet":0,"Incense Burner":40,"PrismaticShard":25,"ClockworkSouvenir":0,"aspiration:StickyExplosives_weak":7,"Nunchaku":10,"Tough Bandages":11,"Dream Catcher":21,"aspiration:DefectSkillbook":17,"Mummified Hand":26,"Gambling Chip":9,"Pantograph":48,"RollingBoulder":26,"Red Mask":21,"Cracked Core":22,"Runic Pyramid":34,"aspiration:FetidBarrel":40,"aspiration:HummingbirdHeart":38,"ToxicTincture":0,"aspiration:SecretTechniqueScroll":17,"Odd Mushroom":8,"Orichalcum":12,"White Beast Statue":54,"Mercury Hourglass":29,"Calling Bell":34,"Peace Pipe":29,"Strange Spoon":0,"Anchor":26,"CaptainsWheel":0,"Bag of Marbles":7,"aspiration:RitualDagger":34,"Membership Card":0,"PureWater":5,"FossilizedHelix":53,"TungstenRod":29},{"TwistedFunnel":502,"Ginger":315,"Whetstone":337,"Bottled Tornado":488,"Sling":575,"aspiration:RitualStick":393,"Old Coin":308,"Blood Vial":359,"Sundial":299,"MealTicket":338,"Kunai":316,"MerchantsRug":577,"Pear":522,"GiantMaggot":362,"Blue Candle":305,"Velvet Choker":608,"Pen Nib":300,"Paper Crane":409,"aspiration:FrozenJewel":286,"aspiration:IroncladSkillbook":399,"SlaversCollar":415,"Pandora\u0027s Box":392,"Unceasing Top":428,"Ring of the Serpent":440,"WizardHat":338,"Regal Pillow":369,"aspiration:Lifesprig":475,"Lantern":511,"Singing Bowl":316,"StoneCalendar":305,"Rawhide":333,"RoseTintedShades":333,"Bag of Preparation":495,"Ancient Tea Set":313,"Cursed Key":512,"Burning Blood":300,"Shovel":567,"WristBlade":491,"Ninja Scroll":570,"aspiration:FutureDiary":276,"InkBottle":535,"Ring of the Snake":0,"aspiration:VileToxins":348,"Potion Belt":398,"Lee\u0027s Waffle":362,"CherryCoatedStake":362,"Golden Idol":286,"Thread and Needle":316,"PreservedInsect":294,"The Courier":430,"Omamori":338,"Busted Crown":523,"Ornamental Fan":343,"Orrery":362,"Turnip":378,"SpikesRelics:DaevaFist":288,"Art of War":333,"Bottled Lightning":320,"Toy Ornithopter":547,"Ice Cream":345,"Calipers":462,"Gremlin Horn":285,"Vajra":305,"Centennial Puzzle":408,"HornCleat":311,"SpikesRelics:ToyHorsey":359,"DollysMirror":315,"Strawberry":299,"Philosopher\u0027s Stone":346,"Toxic Egg 2":270,"LugNut":281,"Girya":483,"Happy Flower":520,"aspiration:Nostalgia":431,"Dead Branch":381,"Oddly Smooth Stone":381,"aspiration:SeaSaltIceCream":300,"BlackRope":323,"Letter Opener":553,"War Paint":336,"Question Card":390,"aspiration:HiddenCompartment":571,"Shuriken":316,"Bronze Scales":431,"Molten Egg 2":405,"CosmicIsotope":421,"aspiration:HatOfInfinitePower":621,"Pocketwatch":383,"Meat on the Bone":459,"Darkstone Periapt":373,"SnailShell":383,"RetroEgg":349,"SacredBark":353,"Mango":548,"Snake Skull":348,"Juzu Bracelet":386,"Incense Burner":472,"PrismaticShard":349,"ClockworkSouvenir":316,"aspiration:StickyExplosives_weak":320,"Nunchaku":321,"Tough Bandages":368,"Dream Catcher":416,"aspiration:DefectSkillbook":295,"Mummified Hand":614,"Gambling Chip":367,"Pantograph":474,"RollingBoulder":395,"Red Mask":326,"Cracked Core":486,"Runic Pyramid":380,"aspiration:FetidBarrel":570,"aspiration:HummingbirdHeart":355,"ToxicTincture":338,"aspiration:SecretTechniqueScroll":370,"Odd Mushroom":436,"Orichalcum":438,"White Beast Statue":427,"Mercury Hourglass":465,"Calling Bell":305,"Peace Pipe":465,"Strange Spoon":409,"Anchor":327,"CaptainsWheel":338,"Bag of Marbles":293,"aspiration:RitualDagger":330,"Membership Card":428,"PureWater":431,"FossilizedHelix":315,"TungstenRod":529},{"TwistedFunnel":2560,"Ginger":1583,"Whetstone":1730,"Bottled Tornado":2501,"Sling":2891,"aspiration:RitualStick":2048,"Old Coin":1539,"Blood Vial":1863,"Sundial":1486,"MealTicket":1739,"Kunai":1588,"MerchantsRug":2902,"Pear":2654,"GiantMaggot":1891,"Blue Candle":1523,"Velvet Choker":3045,"Pen Nib":1490,"Paper Crane":2130,"aspiration:FrozenJewel":1413,"aspiration:IroncladSkillbook":2076,"SlaversCollar":2161,"Pandora\u0027s Box":2045,"Unceasing Top":2239,"Ring of the Serpent":2294,"WizardHat":1739,"Regal Pillow":1919,"aspiration:Lifesprig":2443,"Lantern":2599,"Singing Bowl":1588,"StoneCalendar":1523,"Rawhide":1694,"RoseTintedShades":1694,"Bag of Preparation":2534,"Ancient Tea Set":1567,"Cursed Key":2609,"Burning Blood":1490,"Shovel":2857,"WristBlade":2517,"Ninja Scroll":2869,"aspiration:FutureDiary":1382,"InkBottle":2716,"Ring of the Snake":0,"aspiration:VileToxins":1793,"Potion Belt":2068,"Lee\u0027s Waffle":1891,"CherryCoatedStake":1891,"Golden Idol":1413,"Thread and Needle":1588,"PreservedInsect":1457,"The Courier":2244,"Omamori":1739,"Busted Crown":2663,"Ornamental Fan":1765,"Orrery":1891,"Turnip":1966,"SpikesRelics:DaevaFist":1428,"Art of War":1694,"Bottled Lightning":1613,"Toy Ornithopter":2769,"Ice Cream":1775,"Calipers":2387,"Gremlin Horn":1411,"Vajra":1523,"Centennial Puzzle":2122,"HornCleat":1553,"SpikesRelics:ToyHorsey":1863,"DollysMirror":1583,"Strawberry":1486,"Philosopher\u0027s Stone":1784,"Toxic Egg 2":1357,"LugNut":1398,"Girya":2475,"Happy Flower":2647,"aspiration:Nostalgia":2248,"Dead Branch":1981,"Oddly Smooth Stone":1981,"aspiration:SeaSaltIceCream":1490,"BlackRope":1636,"Letter Opener":2796,"War Paint":1722,"Question Card":2033,"aspiration:HiddenCompartment":2873,"Shuriken":1588,"Bronze Scales":2248,"Molten Egg 2":2099,"CosmicIsotope":2196,"aspiration:HatOfInfinitePower":3088,"Pocketwatch":1992,"Meat on the Bone":2369,"Darkstone Periapt":1937,"SnailShell":1992,"RetroEgg":1800,"SacredBark":1828,"Mango":2776,"Snake Skull":1793,"Juzu Bracelet":2013,"Incense Burner":2427,"PrismaticShard":1800,"ClockworkSouvenir":1588,"aspiration:StickyExplosives_weak":1613,"Nunchaku":1619,"Tough Bandages":1912,"Dream Catcher":2166,"aspiration:DefectSkillbook":1466,"Mummified Hand":3068,"Gambling Chip":1908,"Pantograph":2436,"RollingBoulder":2057,"Red Mask":1654,"Cracked Core":2490,"Runic Pyramid":1978,"aspiration:FetidBarrel":2869,"aspiration:HummingbirdHeart":1839,"ToxicTincture":1739,"aspiration:SecretTechniqueScroll":1926,"Odd Mushroom":2272,"Orichalcum":2282,"White Beast Statue":2231,"Mercury Hourglass":2400,"Calling Bell":1523,"Peace Pipe":2400,"Strange Spoon":2130,"Anchor":1659,"CaptainsWheel":1739,"Bag of Marbles":1452,"aspiration:RitualDagger":1679,"Membership Card":2239,"PureWater":2248,"FossilizedHelix":1583,"TungstenRod":2692}],"Ring of the Snake":[306],"Mercury Hourglass":[161]},"card_choices":[{"not_picked":["Deflect","PiercingWail"],"picked":"Poisoned Stab","floor":1},{"not_picked":["Setup","Slice"],"picked":"Deadly Poison","floor":3},{"not_picked":["PiercingWail","Prepared"],"picked":"Dodge and Roll","floor":4},{"not_picked":["Deflect","Poisoned Stab"],"picked":"Catalyst","floor":7},{"not_picked":["Escape Plan","PiercingWail"],"picked":"Terror","floor":8},{"not_picked":["Acrobatics","Quick Slash"],"picked":"A Thousand Cuts","floor":12},{"not_picked":["Finisher","Skewer","Dagger Spray"],"picked":"SKIP","floor":14},{"not_picked":["Underhanded Strike","Backflip"],"picked":"Crippling Poison+1","floor":18},{"not_picked":["Flying Knee","Prepared","Cloak And Dagger"],"picked":"SKIP","floor":20},{"not_picked":["Underhanded Strike","Finisher"],"picked":"Noxious Fumes","floor":21},{"not_picked":["Deadly Poison","Caltrops"],"picked":"Noxious Fumes","floor":22},{"not_picked":["Underhanded Strike","Slice+1"],"picked":"Bane","floor":23},{"not_picked":["Flying Knee","Expertise"],"picked":"Dodge and Roll","floor":25},{"not_picked":["Terror","Slice"],"picked":"Wraith Form v2","floor":28},{"not_picked":["Reflex","Bane","Terror"],"picked":"SKIP","floor":31},{"not_picked":["Die Die Die","Phantasmal Killer"],"picked":"Tools of the Trade","floor":33},{"not_picked":["Streamline","Sweeping Beam+1","Chaos","Outmaneuver"],"picked":"SKIP","floor":35},{"not_picked":["Streamline+1","Sweeping Beam+1","Slice"],"picked":"White Noise+1","floor":37},{"not_picked":["Auto Shields+1","Rebound+1","Bane","Ball Lightning"],"picked":"SKIP","floor":39},{"not_picked":["Hyperbeam","Sucker Punch+1","Compile Driver+1"],"picked":"Backflip+1","floor":40},{"not_picked":["Quick Slash+1","Steam+1","Fusion","Reinforced Body"],"picked":"SKIP","floor":42},{"not_picked":["Turbo+1","Blade Dance","Heatsinks"],"picked":"Catalyst+1","floor":45},{"not_picked":["Cloak And Dagger","Coolheaded","Masterful Stab"],"picked":"Lockon+1","floor":47},{"not_picked":["Choke","Heatsinks+1","Dagger Throw"],"picked":"Deadly Poison+1","floor":48},{"not_picked":["Skim","Concentrate","Steam Power+1"],"picked":"Venomology","floor":53},{"not_picked":["Sweeping Beam","Masterful Stab+1","Underhanded Strike"],"picked":"Poisoned Stab+1","floor":53},{"not_picked":["Coolheaded+1","Static Discharge","Tactician+1"],"picked":"Adrenaline","floor":53},{"not_picked":["Backstab","Slice+1","Tactician+1"],"picked":"Machine Learning","floor":54}],"player_experience":2192704,"relics_obtained":[{"floor":12,"key":"Dream Catcher"},{"floor":23,"key":"aspiration:SeaSaltIceCream"},{"floor":25,"key":"aspiration:VileToxins"},{"floor":26,"key":"Mummified Hand"},{"floor":31,"key":"Mercury Hourglass"},{"floor":40,"key":"aspiration:HatOfInfinitePower"},{"floor":43,"key":"aspiration:HiddenCompartment"},{"floor":54,"key":"Blue Candle"}],"event_choices":[{"damage_healed":0,"gold_gain":0,"player_choice":"Bought 0 Potions","damage_taken":0,"max_hp_gain":0,"max_hp_loss":0,"event_name":"The Woman in Blue","floor":2,"gold_loss":0},{"damage_healed":0,"gold_gain":0,"player_choice":"Ignored","damage_taken":0,"max_hp_gain":0,"max_hp_loss":0,"event_name":"betterNote:BetterNote","floor":29,"gold_loss":0,"cards_obtained":["Limit Break"]},{"damage_healed":0,"gold_gain":99,"player_choice":"Stole From Cult","damage_taken":0,"max_hp_gain":0,"max_hp_loss":0,"event_name":"Nest","floor":30,"gold_loss":0},{"cards_removed":["A Thousand Cuts"],"damage_healed":0,"gold_gain":0,"player_choice":"Removed Power","damage_taken":0,"max_hp_gain":0,"max_hp_loss":0,"event_name":"Falling","floor":36,"gold_loss":0},{"damage_healed":0,"gold_gain":0,"player_choice":"Ignored","damage_taken":0,"max_hp_gain":0,"max_hp_loss":0,"event_name":"SecretPortal","floor":38,"gold_loss":0}],"is_beta":false,"boss_relics":[{"not_picked":["Pandora\u0027s Box","Runic Pyramid"],"picked":"Velvet Choker"},{"not_picked":["SacredBark","HoveringKite"],"picked":"aspiration:DefectSkillbook"}],"items_purged_floors":[0],"is_endless":false,"potions_floor_spawned":[8,12,14,16,18,21,28,37,40,42,45,47],"ascension_level":1}}