{"host":"97feeoqujgl2pi7v","time":1609932825,"event":{"mods":["AchievementEnabler","Act Like it!","Aspiration","Bard","BaseMod","Better Third Choice","Colored Map","Colored Powertips","Conspire","DeckTracker","Downfall","Duelist Mod","Gensokyo","GifTheSpireLib","Gremlin Mod","Halation","Hallownest","Hermit","Hubris","Infinite Spire","Jorbs\u0027s Wanderer Trilogy","Koishi","Mad Scientist","Marisa（霧雨　魔理沙）","Minty Spire (QoL Compilation)","Rare Cards Sparkle","Reimu（博丽灵梦）","Replay The Spire","Robot Space Explorer","Shop Mod","StSLib","Td1madao Mod","The Administrix","The Animator","The Blackbeard","The Bladedancer","The Bug Knight","The Construct","The Cursed","The Disciple","The Dragon Tamer","The Marked","The Mystic","The Necromancer","The Runesmith","The Saiyan","The Senshi","The Servant 0.9.4","TheBandit","Yuri Mod"],"gold_per_floor":[118,118,137,148,160,189,203,221,221,247,247,258,2,13,13,109,109,127,127,138,151,164,211,233,245,257,269,281,324,336,368,461,569,581,593,605,632,659,133,159,170,170,197,197,211,229,248,248,248,347,347,359,359,366,366,370,370,370,396,396,406,406,53,64,84,84,174,174,177,186,192,53,86,86,110,115,140,149,175,185,185,211,211,507,516,530,366,377,391,423,471,494,494,563,563,727,745,167,183,183,269,269,284,343,373,396,419,419,439,449,449,480,532,538,538,571,571,690,690,739,755,780,796,810,868,868,920,932,694,735,449,466,484,634,736,736,743,483,495,508,383,416,416,434,434,434,445,446,457,495,495,666,816,816],"floor_reached":153,"playtime":15688,"items_purged":[],"score":3831,"play_id":"d4fd3fc2-e34d-4a13-9d91-bc51f231f79b","local_time":"20210106063345","daily_mods":["Draft","Vintage","Heirloom","DeadlyEvents","Lethality"],"is_ascension_mode":false,"campfire_choices":[{"data":"Static Discharge","floor":15.0,"key":"SMITH"},{"data":"Echo Form","floor":25.0,"key":"SMITH"},{"data":"ReplayTheSpireMod:Calculation Training","floor":27.0,"key":"SMITH"},{"data":"FIFO Queue","floor":42.0,"key":"SMITH"},{"data":"White Noise","floor":49.0,"key":"SMITH"},{"data":"Tempest","floor":58.0,"key":"SMITH"},{"data":"Defragment","floor":62.0,"key":"SMITH"},{"data":"Storm","floor":66.0,"key":"SMITH"},{"data":"Creative AI","floor":74,"key":"SMITH"},{"data":"Double Energy","floor":81,"key":"SMITH"},{"data":"Sadistic Nature","floor":83,"key":"SMITH"},{"data":"Amplify","floor":93,"key":"SMITH"},{"data":"Gensokyo:HAARP","floor":100,"key":"SMITH"},{"data":"Loop","floor":108,"key":"SMITH"},{"data":"conspire:SpireCoStock","floor":115,"key":"SMITH"},{"data":"conspire:SpireCoStock","floor":117,"key":"SMITH"},{"data":"ReplayTheSpireMod:Fabricate Wheel","floor":126,"key":"SMITH"},{"data":"infinitespire:Collect","floor":134,"key":"SMITH"},{"data":"Electrodynamics","floor":143,"key":"SMITH"},{"data":"Rainbow","floor":146,"key":"SMITH"},{"data":"conspire:SpireCoStock","floor":151,"key":"SMITH"}],"circlet_count":0,"master_deck":["Auto Shields","Cold Snap","Leap","Stack","Sunder+1","BootSequence+1","Tempest+1","Reinforced Body+1","Static Discharge+1","aspiration:Polymerization+1","Compile Driver","Ball Lightning+1","Ball Lightning+1","Ball Lightning+1","Sweeping Beam+1","Barrage+1","aspiration:Polymerization+1","Rip and Tear+1","Defragment+1","Echo Form+1","ReplayTheSpireMod:Calculation Training+1","Sweeping Beam+1","Storm+1","ReplayTheSpireMod:Calculation Training+1","FIFO Queue+1","Go for the Eyes+1","infinitespire:Collect+1","White Noise+1","Thunder Strike+1","Redo+1","hubris:Ukulele+1","Gash+1","Wraith","Thunder Strike+1","infinitespire:Oblivion+1","Rebound+1","Compile Driver+1","Sadistic Nature+1","Force Field","Creative AI+1","Shame","hubris:Ukulele+1","Double Energy+1","ReplayTheSpireMod:Calculation Training+1","Amplify+1","CurseOfTheBell","conspire:SpireCoStock+1","conspire:SpireCoStock+1","conspire:SpireCoStock+1","Lockon+1","Rainbow+1","infinitespire:Punishment+1","Gensokyo:HAARP+1","Gensokyo:BlemishedSteel","Loop+1","Ball Lightning+1","Barrage+1","Barrage+1","infinitespire:Gouge+1","Electrodynamics+1","Meteor Strike+1","Mirror Shield"],"relics":["Cracked Core","Replay:Kaleidoscope","Molten Egg 2","Ice Cream","infinitespire:Broken Mirror","Toy Ornithopter","White Beast Statue","Thread and Needle","infinitespire:Satchel","ReplayTheSpireMod:Shallot","conspire:Boomerang","ReplayTheSpireMod:Lightbulb","Guardian:PocketSentry","Lantern","Replay:Rubber Ducky","halation:Prosthetics","Carrot","halation:EternalFortune","hubris:BallOfYels","Meat on the Bone","conspire:TopHat","Runesmith:AutoHammer","sneckomod:BlankCard","SacredBark","MealTicket","infinitespire:PuzzleCube","aspiration:BursterCore","Replay:Bottled Eggs","Peace Pipe","Pet Ghost","construct:BoolHorns","MerchantsRug","hubris:RGBLights","Replay:Baseball","HollowMod:PaleOreRelic","Whetstone","Ornamental Fan","PreservedInsect","Honey Jar","halation:TwoAmDonut","halation:LostSnail","Black Star","Happy Flower","halation:PinkSoulGem","Matryoshka","conspire:GiftBox","infinitespire:CursedDice","aspiration:StickyExplosives_weak","construct:FoamFinger","infinitespire:Beetle Shell","StrikeDummy","theSenshi:SailorFukuRelic","halation:PromiseList","Calipers","Odd Mushroom","Sozu","CeramicFish","hubris:DeckOfHolding","Orichalcum","aspiration:DSix","Akabeko","hubris:CuriousFeather","Potion Belt","RuthlessExorcism:ReiMu","Oddly Smooth Stone","hubris:SphereOfDissonance","halation:Gekota","Replay:Bottled Steam","hubris:SlimyHat","War Paint","Blue Doll","Calling Bell","Replay:Bandana","hubris:MobiusCoin","halation:Trompette","Bag of Marbles","aspiration:HiddenCompartment","Torii","Boot","infinitespire:Joker Card","hexamod:BolsterEngine","Mastiff:ReiMu","conspire:DecoderRing","hubris:Reverence","aspiration:EnhancedActuators","halation:LostSnail","aspiration:Nostalgia","Guardian:ModeShifter","infinitespire:CheckeredPen","BranchBurnRelic","aspiration:MobileForge","Anchor","halation:LettersToHer","Centennial Puzzle","Dream Catcher","DataDisk","Geode","Sundial","hubris:TinFlute","infinitespire:BottledMercury","Pocketwatch","Darkstone Periapt","Symbiotic Virus","Blood Vial","Replay:Bottled Flurry","hubris:ToyBattleship","Coffee Dripper","theSenshi:FeatherClipsRelic","halation:Toothbrush","Bottled Tornado","Eternal Feather","Runesmith:Locket","hubris:AstralHammer","Replay:Towering Pillar of Hats","MawBank","hubris:BundleOfHerbs","hubris:TenFootPole","Hallownest:UnbreakableCardRelic","Bronze Scales","champ:DuelingGlove","Vajra","Ancient Tea Set","aspiration:Lifesprig","infinitespire:Freezer","conspire:SpecialSausage","Pen Nib","Gremlin Horn","Prayer Wheel","Nunchaku","Lizard Tail","Hallownest:SoulVesselRelic","aspiration:TomeofQuesting","hubris:MysteriousPyramids","Gremlin Food","Replay:Ringing Soul","infinitespire:SolderingIron","Omamori","Bag of Preparation","Prayer Wheel","Replay:Wanted Poster"],"acts_visited":["Exordium","TheCity","TheBeyond","Exordium","Gensokyo:Gensokyoer","Gensokyo:Gensokyoest","Exordium","Hallownest:CityofTears","Hallownest:KingdomsEdge","Hallownest:Greenpath"],"potions_floor_usage":[84,90,152],"damage_taken":[{"damage":0.0,"enemies":"Cultist","floor":1.0,"turns":3.0},{"damage":2.0,"enemies":"conspire:RoseBush","floor":3.0,"turns":2.0},{"damage":0.0,"enemies":"Jaw Worm","floor":4.0,"turns":2.0},{"damage":0.0,"enemies":"Exordium Wildlife","floor":5.0,"turns":2.0},{"damage":0.0,"enemies":"Replay:BlueRogue","floor":6.0,"turns":3.0},{"damage":0.0,"enemies":"Large Slime","floor":7.0,"turns":2.0},{"damage":0.0,"enemies":"3 Louse","floor":8.0,"turns":2.0},{"damage":0.0,"enemies":"HollowMod:MossKnight","floor":10.0,"turns":4.0},{"damage":0.0,"enemies":"Looter","floor":12.0,"turns":2.0},{"damage":0.0,"enemies":"Blue Slaver","floor":14.0,"turns":2.0},{"damage":15.0,"enemies":"Hexaghost","floor":16.0,"turns":4.0},{"damage":0.0,"enemies":"conspire:FuzzyDice","floor":18.0,"turns":3.0},{"damage":0.0,"enemies":"conspire:HollyBat","floor":20.0,"turns":6.0},{"damage":0.0,"enemies":"Snecko","floor":21.0,"turns":2.0},{"damage":0.0,"enemies":"Centurion and Healer","floor":22.0,"turns":3.0},{"damage":0.0,"enemies":"conspire:Head Lice","floor":23.0,"turns":1.0},{"damage":0.0,"enemies":"Sentry and Sphere","floor":24.0,"turns":3.0},{"damage":7.0,"enemies":"Nightmare","floor":29.0,"turns":4.0},{"damage":0.0,"enemies":"Chosen and Byrds","floor":31.0,"turns":2.0},{"damage":0.0,"enemies":"Collector","floor":33.0,"turns":6.0},{"damage":0.0,"enemies":"3 Darklings","floor":35.0,"turns":2.0},{"damage":3.0,"enemies":"3 Shapes","floor":37.0,"turns":2.0},{"damage":12.0,"enemies":"Transient","floor":38.0,"turns":5.0},{"damage":13.0,"enemies":"Nightmare","floor":40.0,"turns":5.0},{"damage":0.0,"enemies":"Spire Growth","floor":41.0,"turns":2.0},{"damage":10.0,"enemies":"Writhing Mass","floor":45.0,"turns":3.0},{"damage":0.0,"enemies":"Sphere and 2 Shapes","floor":46.0,"turns":3.0},{"damage":0.0,"enemies":"4 Shapes","floor":47.0,"turns":3.0},{"damage":2.0,"enemies":"Awakened One","floor":50.0,"turns":5.0},{"damage":0.0,"enemies":"Cultist","floor":52.0,"turns":2.0},{"damage":0.0,"enemies":"Small Slimes","floor":54.0,"turns":2.0},{"damage":0.0,"enemies":"2 Louse","floor":56.0,"turns":1.0},{"damage":0.0,"enemies":"Nightmare","floor":57.0,"turns":5.0},{"damage":0.0,"enemies":"Lagavulin","floor":59.0,"turns":2.0},{"damage":0.0,"enemies":"Blue Slaver","floor":61.0,"turns":1.0},{"damage":0.0,"enemies":"Looter","floor":64.0,"turns":1.0},{"damage":0.0,"enemies":"The Mushroom Lair","floor":65.0,"turns":1.0},{"damage":0.0,"enemies":"Slime Boss","floor":67.0,"turns":2.0},{"damage":0.0,"enemies":"Gensokyo:3_Dogs","floor":69.0,"turns":2.0},{"damage":0.0,"enemies":"Gensokyo:2_Gloops","floor":71.0,"turns":2.0},{"damage":0.0,"enemies":"Gensokyo:Reisen","floor":73.0,"turns":2.0},{"damage":0,"enemies":"Gensokyo:Koishi","floor":75,"turns":2},{"damage":0,"enemies":"Gensokyo:Mirror_and_Dog","floor":76,"turns":2},{"damage":0,"enemies":"Gensokyo:3_Gloops","floor":78,"turns":2},{"damage":3,"enemies":"Gensokyo:Tenshi","floor":79,"turns":2},{"damage":0,"enemies":"Gensokyo:Chomper_and_Gloop","floor":80,"turns":3},{"damage":0,"enemies":"Gensokyo:Kaguya","floor":84,"turns":3},{"damage":0,"enemies":"Gensokyo:3_Boulders","floor":86,"turns":3},{"damage":0,"enemies":"Gensokyo:AncientGuardian","floor":88,"turns":2},{"damage":0,"enemies":"Gensokyo:Rafflesia","floor":89,"turns":3},{"damage":36,"enemies":"Gensokyo:Marisa","floor":90,"turns":2},{"damage":0,"enemies":"Nightmare","floor":91,"turns":2},{"damage":0,"enemies":"Gensokyo:3_Boulders","floor":92,"turns":2},{"damage":0,"enemies":"Gensokyo:Dusk_and_Dawn","floor":96,"turns":2},{"damage":0,"enemies":"Gensokyo:Sharpion","floor":97,"turns":2},{"damage":0,"enemies":"Gensokyo:SeedOfUnknown","floor":99,"turns":2},{"damage":0,"enemies":"Gensokyo:Scarlet_Devils","floor":101,"turns":3},{"damage":0,"enemies":"Small Slimes","floor":103,"turns":1},{"damage":0,"enemies":"HollowMod:MossKnight","floor":105,"turns":1},{"damage":0,"enemies":"2 Louse","floor":109,"turns":1},{"damage":0,"enemies":"Cultist","floor":110,"turns":1},{"damage":0,"enemies":"Exordium Thugs","floor":112,"turns":1},{"damage":0,"enemies":"Replay:BlueRogue","floor":113,"turns":1},{"damage":0,"enemies":"Blue Slaver","floor":114,"turns":2},{"damage":0,"enemies":"Gremlin Nob","floor":116,"turns":1},{"damage":0,"enemies":"Fading Forest","floor":118,"turns":2},{"damage":0,"enemies":"Hallownest:Flukemon_and_Top","floor":120,"turns":2},{"damage":0,"enemies":"Hallownest:Guard_and_Sentry","floor":121,"turns":1},{"damage":0,"enemies":"Hallownest:monsterShrumalOgre","floor":122,"turns":1},{"damage":0,"enemies":"Hallownest:Master_and_Novice","floor":123,"turns":1},{"damage":0,"enemies":"Hallownest:2_Husk_Sentries","floor":124,"turns":1},{"damage":0,"enemies":"Hallownest:eliteSoulWarrior","floor":125,"turns":1},{"damage":15,"enemies":"Nightmare_Alpha","floor":127,"turns":2},{"damage":0,"enemies":"Hallownest:Nosk","floor":130,"turns":2},{"damage":0,"enemies":"Hallownest:monsterShrumalOgre","floor":132,"turns":1},{"damage":0,"enemies":"Hallownest:Master_and_Novice","floor":133,"turns":1},{"damage":0,"enemies":"Hallownest:BossGrimm","floor":135,"turns":1},{"damage":0,"enemies":"Hallownest:Shield_Heavy","floor":137,"turns":1},{"damage":0,"enemies":"Hallownest:3_Siblings","floor":139,"turns":2},{"damage":0,"enemies":"Hallownest:Slobbering_and_Violent","floor":140,"turns":2},{"damage":0,"enemies":"Hallownest:eliteCollector","floor":142,"turns":1},{"damage":0,"enemies":"Hallownest:2_Wandering_and_1_Horned","floor":144,"turns":2},{"damage":0,"enemies":"Hallownest:monsterPrimalAspid","floor":147,"turns":1},{"damage":0,"enemies":"Hallownest:Xero_Hu_Marmu","floor":148,"turns":1},{"damage":0,"enemies":"Hallownest:2_Great","floor":149,"turns":1},{"damage":0,"enemies":"Hallownest:monsterPrimalAspid","floor":150,"turns":1},{"damage":0,"enemies":"infinitespire:LordOfFortification","floor":152,"turns":6}],"seed_played":"8872249781529608774","potions_obtained":[{"floor":1.0,"key":"Weak Potion"},{"floor":6.0,"key":"ColorlessPotion"},{"floor":7.0,"key":"Regen Potion"},{"floor":10.0,"key":"SteroidPotion"},{"floor":12.0,"key":"SpeedPotion"},{"floor":16.0,"key":"ZuzhouPotion:ReiMu"},{"floor":18.0,"key":"Energy Potion"},{"floor":20.0,"key":"Elixir"},{"floor":21.0,"key":"champ:CounterPotion"},{"floor":22.0,"key":"DuplicationPotion"},{"floor":23.0,"key":"ColorlessPotion"},{"floor":24.0,"key":"Elixir"},{"floor":31.0,"key":"Death Potion"},{"floor":33.0,"key":"EntropicBrew"},{"floor":37.0,"key":"Energy Potion"},{"floor":38.0,"key":"FocusPotion"},{"floor":40.0,"key":"conspire:TimeTravelPotion"},{"floor":41.0,"key":"SteroidPotion"},{"floor":45.0,"key":"FocusPotion"},{"floor":46.0,"key":"DistilledChaos"},{"floor":50.0,"key":"LifebloodPotion"},{"floor":52.0,"key":"PotionOfCapacity"},{"floor":54.0,"key":"Explosive Potion"},{"floor":56.0,"key":"PowerPotion"},{"floor":61.0,"key":"Fire Potion"},{"floor":64.0,"key":"Energy Potion"},{"floor":65.0,"key":"conspire:TimeTravelPotion"},{"floor":67.0,"key":"Dexterity Potion"}],"is_trial":true,"path_per_floor":["M","T","M","M","M","E","M","M","T","E","?","M","$","M","R","B",null,"M","?","M","M","M","E","M","R","T","R","AVR","NM","?","M","R_BF","B",null,"M","?","M","M","$","NM","M","R","T","?","M","M","M","$","R","B",null,"M","AVR","M","?","M","NM","R","E","T","M","R","$","M","?","R","B",null,"M","?","M","COS","E","R","E","M","T","M","E","M","R","T","R","B",null,"M","?","M","M","E","NM","M","R","T","?","M","M","COS","M","R","B",null,"M","?","E","T","T","R","M","M","T","M","E","M","R","E","R","B",null,"M","M","M","M","M","E","R","NM","T","?","E","$","M","M","R","B",null,"M","$","M","M","?","E","R","M","T","R","M","M","M","M","R","B",null],"character_chosen":"DEFECT","items_purchased":["Lantern","Rip and Tear+1","Defragment","construct:BoolHorns","Redo+1","hubris:Ukulele+1","MerchantsRug","halation:PromiseList","Sadistic Nature","Vajra","Ancient Tea Set","Gremlin Horn"],"campfire_rested":0,"item_purchase_floors":[13,13,13,39,39,39,39,63,63,131,131,138],"current_hp_per_floor":[75,75,73,73,73,73,73,73,73,75,75,75,75,75,75,72,40,40,43,43,43,43,43,43,43,43,43,43,39,39,47,47,49,49,49,49,46,49,49,36,36,36,36,36,26,31,36,36,36,44,49,49,49,49,49,49,49,49,52,52,52,52,52,52,52,52,52,52,52,52,55,55,55,55,55,55,55,58,55,55,55,55,55,58,58,58,58,58,58,58,58,58,58,58,58,61,61,61,61,61,61,61,64,64,67,67,67,67,67,67,67,67,67,67,67,67,67,67,67,67,67,67,67,67,70,70,61,61,64,72,73,73,73,73,73,73,73,73,73,73,73,73,73,76,76,76,76,76,76,76,76,82,82,82],"gold":816,"neow_bonus":"","is_daily":false,"chose_seed":false,"campfire_upgraded":21,"win_rate":0.0,"timestamp":1609932825,"path_taken":["M","?","M","M","M","E","M","M","T","E","?","M","$","M","R","BOSS","M","?","M","M","?","E","M","R","T","R","AVR","NM","?","M","R_BF","BOSS","M","?","M","M","$","NM","M","R","T","?","?","M","M","?","R","BOSS","M","AVR","M","?","M","NM","R","E","T","M","R","$","M","?","R","BOSS","M","?","M","COS","?","R","E","M","T","M","?","M","R","?","R","BOSS","M","?","M","?","?","NM","M","R","T","?","M","M","COS","M","R","BOSS","M","?","?","?","?","R","M","M","T","M","E","?","R","E","R","BOSS","M","M","?","M","M","E","R","NM","T","?","?","?","M","M","R","BOSS","M","$","M","M","?","E","R","M","T","R","M","M","M","M","R","BOSS"],"items_purchased_type":["Relic","Card","Card","Relic","Card","Card","Relic","Relic","Card","Relic","Relic","Relic"],"build_version":"2020-12-22","purchased_purges":0,"victory":false,"max_hp_per_floor":[75,75,75,75,75,75,75,75,75,75,75,75,75,75,75,75,40,40,43,43,43,43,43,43,43,43,43,43,46,46,49,49,49,49,49,49,49,49,49,49,49,49,49,49,49,49,49,49,49,49,49,49,49,49,49,49,49,49,52,52,52,52,52,52,52,52,52,52,52,52,55,55,55,55,55,55,55,58,58,58,58,58,58,58,58,58,58,58,58,58,58,58,58,58,58,61,61,61,61,61,61,61,64,64,67,67,67,67,67,67,67,67,67,67,67,67,67,67,67,67,67,67,67,67,70,70,70,70,73,73,73,73,73,73,73,73,73,73,73,73,73,73,73,76,76,76,76,76,76,76,76,82,82,82],"card_choices":[{"not_picked":["Turbo","Undo"],"picked":"Auto Shields","floor":0.0},{"not_picked":["Stack","hubris:PowerSurge"],"picked":"Cold Snap","floor":0.0},{"not_picked":["Hologram","FTL"],"picked":"Leap","floor":0.0},{"not_picked":["Darkness","Beam Cell"],"picked":"Stack","floor":0.0},{"not_picked":["Fusion","Streamline"],"picked":"Sunder","floor":0.0},{"not_picked":["Fusion","Turbo"],"picked":"BootSequence","floor":0.0},{"not_picked":["ReplaySolidLightProjector","ReplayTheSpireMod:Reroute Power"],"picked":"Tempest","floor":0.0},{"not_picked":["Skim","Tempest"],"picked":"Reinforced Body","floor":0.0},{"not_picked":["Heatsinks","Sweeping Beam"],"picked":"Static Discharge","floor":0.0},{"not_picked":["Streamline","Compile Driver"],"picked":"aspiration:Polymerization","floor":0.0},{"not_picked":["Turbo","Beam Cell"],"picked":"Compile Driver","floor":0.0},{"not_picked":["FIFO Queue","Cold Snap"],"picked":"Ball Lightning","floor":0.0},{"not_picked":["Scrape","Turbo"],"picked":"Ball Lightning","floor":0.0},{"not_picked":["Rebound","Coolheaded"],"picked":"Ball Lightning","floor":0.0},{"not_picked":["Beam Cell","Gash"],"picked":"Sweeping Beam","floor":0.0},{"not_picked":["Gash+1","Streamline+1"],"picked":"Barrage+1","floor":6.0},{"not_picked":["Rebound+1","Ball Lightning+1"],"picked":"aspiration:Polymerization","floor":10.0},{"not_picked":["ReplayTheSpireMod:Omega Cannon+1","Amplify"],"picked":"Echo Form","floor":16.0},{"not_picked":["Leap","Beam Cell+1"],"picked":"ReplayTheSpireMod:Calculation Training","floor":23.0},{"not_picked":["Stack+1","Coolheaded+1"],"picked":"Sweeping Beam+1","floor":28.0},{"not_picked":["Reprogram","BasicCrystalCard"],"picked":"Storm","floor":28.0},{"not_picked":["Streamline+1","Coolheaded"],"picked":"ReplayTheSpireMod:Calculation Training+1","floor":28.0},{"not_picked":["ReplayTheSpireMod:Repulse","ReplayGash+1"],"picked":"FIFO Queue","floor":28.0},{"not_picked":["Hologram","Leap"],"picked":"Go for the Eyes+1","floor":28.0},{"not_picked":["Time Bomb+1","Go for the Eyes+1"],"picked":"White Noise","floor":29.0},{"not_picked":["Creative AI","Amplify"],"picked":"Thunder Strike+1","floor":33.0},{"not_picked":["Defragment","FIFO Queue+1"],"picked":"Gash+1","floor":40.0},{"not_picked":["Fission","hubris:DoWhile"],"picked":"Thunder Strike+1","floor":50.0},{"not_picked":["hubris:SpecializedCircuitry","hubris:DoWhile"],"picked":"All For One+1","floor":57.0},{"not_picked":["Coolheaded","Undo","Chill"],"picked":"Rebound+1","floor":57.0},{"not_picked":["Scrape+1","Go for the Eyes+1","Rip and Tear+1"],"picked":"Compile Driver+1","floor":59.0},{"not_picked":["Leap","Coolheaded","FTL+1"],"picked":"Force Field","floor":65.0},{"not_picked":["Reboot","ReplayRNGCard","Mirror Shield"],"picked":"Creative AI","floor":67.0},{"not_picked":["Scrape+1","BasicCrystalCard","Fusion"],"picked":"hubris:Ukulele+1","floor":73},{"not_picked":["Leap","Scrape+1","Heatsinks"],"picked":"Double Energy","floor":75},{"not_picked":["Panic Button","FIFO Queue","ReplayGash+1"],"picked":"ReplayTheSpireMod:Calculation Training","floor":79},{"not_picked":["Multi-Cast","Buffer","Biased Cognition"],"picked":"Amplify","floor":84},{"not_picked":["Crystallizer","Conserve Battery","Rebound+1"],"picked":"Lockon+1","floor":90},{"not_picked":["Rebound+1","Reprogram","Rip and Tear+1"],"picked":"Rainbow","floor":91},{"not_picked":["infinitespire:NeuralNetwork","infinitespire:TheBestDefense"],"picked":"infinitespire:Punishment","floor":96},{"not_picked":["ReplayTheSpireMod:System Scan","Core Surge+1","Go for the Eyes+1","Redo"],"picked":"SKIP","floor":105},{"not_picked":["Redo","Thunder Strike+1","ReplayGash+1"],"picked":"Ball Lightning+1","floor":113},{"not_picked":["Cold Snap+1","Compile Driver+1","Conserve Battery"],"picked":"Barrage+1","floor":116},{"not_picked":["Thunder Strike+1","hubris:Prefetch","ReplayRNGCard"],"picked":"ReplayTheSpireMod:Fabricate Wheel","floor":118},{"not_picked":["Compile Driver+1","Fusion","Rebound+1","hubris:SpecializedCircuitry"],"picked":"SKIP","floor":125},{"not_picked":["Thunder Strike+1","Gash+1","ReplayTheSpireMod:Calculation Training"],"picked":"Barrage+1","floor":127},{"not_picked":["infinitespire:Starlight","infinitespire:Menacing"],"picked":"infinitespire:Gouge","floor":127},{"not_picked":["Go for the Eyes+1","Leap","Stack","ReplayTheSpireMod:GoodbyeWorld"],"picked":"SKIP","floor":130},{"not_picked":["Meteor Strike+1","hubris:Prefetch","ReplayTheSpireMod:Omega Cannon+1"],"picked":"Electrodynamics","floor":135},{"not_picked":["Hologram","Fusion+1","Cold Snap+1","Panic Button+1"],"picked":"SKIP","floor":142}],"player_experience":437203,"relics_obtained":[{"floor":1.0,"key":"Molten Egg 2"},{"floor":2.0,"key":"Ice Cream"},{"floor":3.0,"key":"infinitespire:Broken Mirror"},{"floor":4.0,"key":"Toy Ornithopter"},{"floor":5.0,"key":"White Beast Statue"},{"floor":6.0,"key":"Thread and Needle"},{"floor":7.0,"key":"infinitespire:Satchel"},{"floor":8.0,"key":"ReplayTheSpireMod:Shallot"},{"floor":9.0,"key":"conspire:Boomerang"},{"floor":10.0,"key":"ReplayTheSpireMod:Lightbulb"},{"floor":12.0,"key":"Guardian:PocketSentry"},{"floor":14.0,"key":"Replay:Rubber Ducky"},{"floor":18.0,"key":"Carrot"},{"floor":20.0,"key":"hubris:BallOfYels"},{"floor":21.0,"key":"Meat on the Bone"},{"floor":22.0,"key":"MawBank"},{"floor":23.0,"key":"conspire:TopHat"},{"floor":24.0,"key":"Runesmith:AutoHammer"},{"floor":26.0,"key":"sneckomod:BlankCard"},{"floor":29.0,"key":"halation:EternalFortune"},{"floor":29.0,"key":"MealTicket"},{"floor":31.0,"key":"halation:EternalFortune"},{"floor":31.0,"key":"infinitespire:PuzzleCube"},{"floor":35.0,"key":"Replay:Bottled Eggs"},{"floor":37.0,"key":"Peace Pipe"},{"floor":38.0,"key":"Pet Ghost"},{"floor":40.0,"key":"hubris:RGBLights"},{"floor":41.0,"key":"Replay:Baseball"},{"floor":43.0,"key":"HollowMod:PaleOreRelic"},{"floor":45.0,"key":"Whetstone"},{"floor":46.0,"key":"Ornamental Fan"},{"floor":47.0,"key":"PreservedInsect"},{"floor":52.0,"key":"halation:TwoAmDonut"},{"floor":54.0,"key":"Happy Flower"},{"floor":56.0,"key":"Matryoshka"},{"floor":57.0,"key":"conspire:GiftBox"},{"floor":57.0,"key":"infinitespire:CursedDice"},{"floor":59.0,"key":"halation:EternalFortune"},{"floor":59.0,"key":"aspiration:StickyExplosives_weak"},{"floor":59.0,"key":"construct:FoamFinger"},{"floor":60.0,"key":"infinitespire:Beetle Shell"},{"floor":60.0,"key":"StrikeDummy"},{"floor":61.0,"key":"theSenshi:SailorFukuRelic"},{"floor":64.0,"key":"Calipers"},{"floor":65.0,"key":"Odd Mushroom"},{"floor":69.0,"key":"CeramicFish"},{"floor":71.0,"key":"halation:EternalFortune"},{"floor":71.0,"key":"hubris:DeckOfHolding"},{"floor":73,"key":"Orichalcum"},{"floor":73,"key":"aspiration:DSix"},{"floor":75,"key":"Akabeko"},{"floor":75,"key":"hubris:CuriousFeather"},{"floor":76,"key":"Potion Belt"},{"floor":77,"key":"RuthlessExorcism:ReiMu"},{"floor":77,"key":"Oddly Smooth Stone"},{"floor":78,"key":"halation:EternalFortune"},{"floor":78,"key":"hubris:SphereOfDissonance"},{"floor":79,"key":"Replay:Bottled Steam"},{"floor":79,"key":"hubris:SlimyHat"},{"floor":80,"key":"War Paint"},{"floor":82,"key":"Blue Doll"},{"floor":85,"key":"Replay:Bandana"},{"floor":85,"key":"hubris:MobiusCoin"},{"floor":86,"key":"Bag of Marbles"},{"floor":88,"key":"aspiration:HiddenCompartment"},{"floor":89,"key":"Torii"},{"floor":90,"key":"Boot"},{"floor":90,"key":"infinitespire:Joker Card"},{"floor":91,"key":"hexamod:BolsterEngine"},{"floor":91,"key":"Mastiff:ReiMu"},{"floor":92,"key":"conspire:DecoderRing"},{"floor":94,"key":"hubris:Reverence"},{"floor":96,"key":"halation:EternalFortune"},{"floor":96,"key":"Dead Branch"},{"floor":97,"key":"aspiration:EnhancedActuators"},{"floor":99,"key":"infinitespire:CheckeredPen"},{"floor":103,"key":"halation:EternalFortune"},{"floor":103,"key":"Anchor"},{"floor":105,"key":"halation:EternalFortune"},{"floor":105,"key":"halation:LettersToHer"},{"floor":105,"key":"Centennial Puzzle"},{"floor":106,"key":"halation:LettersToHer"},{"floor":106,"key":"Dream Catcher"},{"floor":107,"key":"halation:LettersToHer"},{"floor":107,"key":"DataDisk"},{"floor":109,"key":"Geode"},{"floor":110,"key":"Sundial"},{"floor":111,"key":"halation:LettersToHer"},{"floor":111,"key":"hubris:TinFlute"},{"floor":112,"key":"infinitespire:BottledMercury"},{"floor":113,"key":"Pocketwatch"},{"floor":113,"key":"Darkstone Periapt"},{"floor":114,"key":"Blood Vial"},{"floor":116,"key":"Replay:Bottled Flurry"},{"floor":116,"key":"hubris:ToyBattleship"},{"floor":120,"key":"theSenshi:FeatherClipsRelic"},{"floor":121,"key":"halation:Toothbrush"},{"floor":122,"key":"Bottled Tornado"},{"floor":123,"key":"Eternal Feather"},{"floor":124,"key":"Runesmith:Locket"},{"floor":125,"key":"halation:EternalFortune"},{"floor":125,"key":"hubris:AstralHammer"},{"floor":125,"key":"Replay:Towering Pillar of Hats"},{"floor":127,"key":"MawBank"},{"floor":127,"key":"hubris:BundleOfHerbs"},{"floor":128,"key":"halation:LettersToHer"},{"floor":128,"key":"hubris:TenFootPole"},{"floor":130,"key":"Bronze Scales"},{"floor":130,"key":"champ:DuelingGlove"},{"floor":132,"key":"aspiration:Lifesprig"},{"floor":133,"key":"infinitespire:Freezer"},{"floor":137,"key":"Pen Nib"},{"floor":139,"key":"Nunchaku"},{"floor":140,"key":"Lizard Tail"},{"floor":142,"key":"aspiration:TomeofQuesting"},{"floor":142,"key":"hubris:MysteriousPyramids"},{"floor":144,"key":"halation:EternalFortune"},{"floor":144,"key":"Gremlin Food"},{"floor":145,"key":"halation:LettersToHer"},{"floor":145,"key":"Replay:Ringing Soul"},{"floor":147,"key":"infinitespire:SolderingIron"},{"floor":148,"key":"Omamori"},{"floor":150,"key":"Bag of Preparation"}],"event_choices":[{"damage_healed":0.0,"max_hp_gain":0.0,"max_hp_loss":0.0,"gold_gain":0.0,"event_name":"The Cleric","player_choice":"Leave","floor":11.0,"gold_loss":0.0,"damage_taken":0.0},{"damage_healed":0.0,"max_hp_gain":0.0,"max_hp_loss":0.0,"gold_gain":0.0,"event_name":"Beggar","player_choice":"Ignored","floor":30.0,"gold_loss":0.0,"damage_taken":0.0},{"damage_healed":0.0,"max_hp_gain":0.0,"max_hp_loss":0.0,"gold_gain":0.0,"event_name":"Tomb of Lord Red Mask","player_choice":"Ignored","floor":36.0,"gold_loss":0.0,"damage_taken":0.0},{"damage_healed":0.0,"max_hp_gain":0.0,"max_hp_loss":0.0,"gold_gain":0.0,"event_name":"OrinTheCat","player_choice":"Ignored","floor":44.0,"gold_loss":0.0,"damage_taken":0.0},{"damage_healed":0.0,"max_hp_gain":0.0,"max_hp_loss":0.0,"gold_gain":0.0,"event_name":"Mushrooms","player_choice":"Fought Mushrooms","floor":65.0,"gold_loss":0.0,"damage_taken":0.0},{"damage_healed":0,"gold_gain":0,"player_choice":"Invest 4","damage_taken":0,"max_hp_gain":0,"max_hp_loss":0,"event_name":"conspire:Investor","floor":87,"gold_loss":0},{"damage_healed":0,"gold_gain":0,"cards_transformed":["All For One"],"player_choice":"Transformed","damage_taken":0,"max_hp_gain":0,"max_hp_loss":0,"event_name":"Transmorgrifier","floor":104,"gold_loss":0,"cards_obtained":["Loop"]}],"is_beta":false,"boss_relics":[{"not_picked":["hubris:VirtuousBlindfold","ChewingGum"],"picked":"halation:Prosthetics"},{"not_picked":["ReplayTheSpireMod:DimensionalGlitch","Sozu"],"picked":"aspiration:BursterCore"},{"not_picked":["Runic Dome","Runic Pyramid"],"picked":"Honey Jar"},{"not_picked":["Runic Dome","halation:CatFaceCupcake"],"picked":"Sozu"},{"not_picked":["Ring of Chaos","hubris:HollowSoul"],"picked":"Calling Bell"},{"not_picked":["Replay:Bronze Core","Kintsugi"],"picked":"aspiration:MobileForge"},{"not_picked":["Runic Dome","halation:HeavySnake"],"picked":"Coffee Dripper"},{"not_picked":["Kintsugi","Inserter"],"picked":"conspire:SpecialSausage"},{"not_picked":["conspire:RunicOctahedron","halation:SmartPhone"],"picked":"Replay:Wanted Poster"}],"items_purged_floors":[],"is_endless":true,"potions_floor_spawned":[1,6,7,8,10,12,14,16,18,20,21,22,23,24,31,33,35,37,38,40,41,45,46,47,50,52,54,56,61,64,65,67,69,71,73,75,76,78,79,80,84,86,88,89,90,91,92,96,97,99,101,103,105,109,110,112,113,114,116,118,120,121,122,123,124,125,127,130,132,133,135,137,139,140,142,144,147,148,149,150,152],"ascension_level":0}}