{"host":"9l1knhxfturzliqa","time":1609920073,"event":{"mods":["BaseMod","Colored Map","Colored Powertips","DeckTracker","Highlight Path","Keyboard Shortcuts","Minty Spire (QoL Compilation)","Random Character Button"],"gold_per_floor":[16,30,50,66,77,77,111,111,111,140,151,151,167,178,178,278,278,291,291,305,47,47,47,65,65,65,65,80,90,116,131,131,232,232,251,251,264,275,275,302,320,320,320,320,349,349,376,386,386,386,386,386,1,35,35],"floor_reached":56,"playtime":3691,"items_purged":["Strike_G"],"score":1682,"play_id":"f18ec6f6-ee11-4433-857d-b2c507bdfa62","local_time":"20210106170113","is_ascension_mode":true,"campfire_choices":[{"data":"Glass Knife","floor":6.0,"key":"SMITH"},{"data":"Terror","floor":8.0,"key":"SMITH"},{"data":"PiercingWail","floor":15.0,"key":"SMITH"},{"data":"Tools of the Trade","floor":23.0,"key":"SMITH"},{"data":"Burst","floor":25.0,"key":"SMITH"},{"floor":32.0,"key":"REST"},{"floor":42.0,"key":"RECALL"},{"data":"After Image","floor":44.0,"key":"SMITH"},{"floor":46.0,"key":"REST"},{"floor":49.0,"key":"REST"},{"data":"Blade Dance","floor":52.0,"key":"SMITH"}],"circlet_count":0,"master_deck":["Strike_G","Strike_G+1","Defend_G","Defend_G","Defend_G","Survivor","Neutralize","Glass Knife+1","Well Laid Plans+1","Deadly Poison","Dagger Spray","Terror+1","Blade Dance+1","Accuracy","PiercingWail+1","Burst+1","Prepared+1","Necronomicurse","Dash+1","Sadistic Nature","Tools of the Trade+1","Underhanded Strike","Noxious Fumes","After Image+1","Dagger Throw+1","Footwork+1","Blade Dance+1","Cloak And Dagger+1"],"relics":["Ring of the Snake","Shuriken","Mummified Hand","Vajra","Black Star","Necronomicon","Sundial","Mercury Hourglass","StoneCalendar","WristBlade","Paper Crane","Snake Skull","Incense Burner","Darkstone Periapt","Bottled Flame","Boot","TungstenRod","Bag of Marbles","Pantograph"],"acts_visited":["Exordium","TheCity","TheBeyond","TheEnding"],"potions_floor_usage":[54,55],"damage_taken":[{"damage":0.0,"enemies":"Jaw Worm","floor":1.0,"turns":4.0},{"damage":0.0,"enemies":"2 Louse","floor":2.0,"turns":4.0},{"damage":0.0,"enemies":"Cultist","floor":3.0,"turns":3.0},{"damage":0.0,"enemies":"Blue Slaver","floor":4.0,"turns":4.0},{"damage":2.0,"enemies":"Looter","floor":5.0,"turns":4.0},{"damage":12.0,"enemies":"Lagavulin","floor":7.0,"turns":5.0},{"damage":0.0,"enemies":"Gremlin Nob","floor":10.0,"turns":2.0},{"damage":10.0,"enemies":"Gremlin Gang","floor":11.0,"turns":2.0},{"damage":0.0,"enemies":"3 Louse","floor":13.0,"turns":3.0},{"damage":0.0,"enemies":"2 Fungi Beasts","floor":14.0,"turns":2.0},{"damage":5.0,"enemies":"Hexaghost","floor":16.0,"turns":5.0},{"damage":1.0,"enemies":"Shell Parasite","floor":18.0,"turns":3.0},{"damage":3.0,"enemies":"Chosen","floor":20.0,"turns":2.0},{"damage":0.0,"enemies":"Centurion and Healer","floor":24.0,"turns":4.0},{"damage":0.0,"enemies":"Chosen and Byrds","floor":28.0,"turns":4.0},{"damage":0.0,"enemies":"Snecko","floor":29.0,"turns":3.0},{"damage":4.0,"enemies":"Slavers","floor":30.0,"turns":5.0},{"damage":2.0,"enemies":"3 Cultists","floor":31.0,"turns":3.0},{"damage":5.0,"enemies":"Automaton","floor":33.0,"turns":7.0},{"damage":12.0,"enemies":"3 Darklings","floor":35.0,"turns":5.0},{"damage":0.0,"enemies":"Orb Walker","floor":37.0,"turns":2.0},{"damage":18.0,"enemies":"Spire Growth","floor":38.0,"turns":3.0},{"damage":0.0,"enemies":"Reptomancer","floor":40.0,"turns":5.0},{"damage":15.0,"enemies":"Writhing Mass","floor":41.0,"turns":5.0},{"damage":12.0,"enemies":"Nemesis","floor":45.0,"turns":5.0},{"damage":34.0,"enemies":"Reptomancer","floor":47.0,"turns":5.0},{"damage":0.0,"enemies":"3 Darklings","floor":48.0,"turns":3.0},{"damage":21.0,"enemies":"Time Eater","floor":50.0,"turns":8.0},{"damage":0,"enemies":"Shield and Spear","floor":54,"turns":5},{"damage":57,"enemies":"The Heart","floor":55,"turns":7}],"seed_played":"-196178867128724349","potions_obtained":[{"floor":1.0,"key":"Explosive Potion"},{"floor":4.0,"key":"DistilledChaos"},{"floor":13.0,"key":"DistilledChaos"},{"floor":14.0,"key":"GhostInAJar"},{"floor":20.0,"key":"EssenceOfSteel"},{"floor":30.0,"key":"Strength Potion"},{"floor":31.0,"key":"DuplicationPotion"},{"floor":33.0,"key":"Regen Potion"},{"floor":35.0,"key":"LiquidMemories"},{"floor":38.0,"key":"DuplicationPotion"}],"is_trial":false,"path_per_floor":["M","M","M","M","M","R","E","R","T","E","M","?","M","M","R","B",null,"M","?","M","$","?","R","M","R","T","?","M","M","E","M","R","B",null,"M","?","M","M","?","E","M","R","T","R","E","R","E","M","R","B",null,"R","$","E","B",null],"character_chosen":"THE_SILENT","items_purchased":["Sadistic Nature","TungstenRod","GamblersBrew"],"campfire_rested":3,"item_purchase_floors":[21,53,53],"current_hp_per_floor":[63,63,63,63,61,61,49,49,49,49,39,25,25,25,25,20,58,57,41,38,38,38,38,38,38,38,26,26,26,22,20,41,36,62,50,50,50,32,32,46,31,31,31,31,19,40,6,6,27,6,54,54,54,54,13],"gold":35,"neow_bonus":"THREE_RARE_CARDS","is_daily":false,"chose_seed":false,"campfire_upgraded":7,"win_rate":0.0,"timestamp":1609920073,"path_taken":["M","M","M","M","M","R","E","R","T","E","M","?","M","M","R","BOSS","M","?","M","$","?","R","M","R","T","?","?","M","E","M","R","BOSS","M","?","M","M","?","E","?","R","T","R","E","R","E","M","R","BOSS","R","$","E","BOSS"],"items_purchased_type":["Card","Relic","Potion"],"build_version":"2020-12-22","purchased_purges":1,"victory":true,"max_hp_per_floor":[70,70,70,70,70,70,70,70,70,70,70,70,70,70,70,70,70,70,70,70,70,70,70,70,70,70,70,70,70,70,70,70,70,70,70,70,70,70,70,70,70,70,70,70,70,70,70,70,70,70,70,70,70,70,70],"card_choices":[{"not_picked":["A Thousand Cuts","Wraith Form v2"],"picked":"Glass Knife","floor":0.0},{"not_picked":["Caltrops","Dodge and Roll"],"picked":"Well Laid Plans","floor":1.0},{"not_picked":["Backflip","Bane"],"picked":"Deadly Poison","floor":2.0},{"not_picked":["All Out Attack","Bane"],"picked":"Dagger Spray","floor":3.0},{"not_picked":["Quick Slash","Sucker Punch","Dodge and Roll"],"picked":"SKIP","floor":4.0},{"not_picked":["Doppelganger","Quick Slash"],"picked":"Terror","floor":5.0},{"not_picked":["Dagger Throw","Blur"],"picked":"Blade Dance","floor":7.0},{"not_picked":["Flying Knee","Deflect","Dodge and Roll"],"picked":"SKIP","floor":10.0},{"not_picked":["Acrobatics","Quick Slash"],"picked":"Accuracy","floor":11.0},{"not_picked":["Deflect","Leg Sweep","Dagger Spray"],"picked":"SKIP","floor":13.0},{"not_picked":["Dagger Throw","Blade Dance"],"picked":"PiercingWail","floor":14.0},{"not_picked":["Die Die Die","Glass Knife"],"picked":"Burst","floor":16.0},{"not_picked":["Bouncing Flask","Dodge and Roll+1"],"picked":"Prepared+1","floor":18.0},{"not_picked":["Flying Knee","Distraction"],"picked":"Dash+1","floor":20.0},{"not_picked":["Dagger Throw","Dagger Spray","Dodge and Roll"],"picked":"SKIP","floor":24.0},{"not_picked":["Dagger Throw","Acrobatics"],"picked":"Noxious Fumes","floor":28.0},{"not_picked":["Concentrate","Bane"],"picked":"After Image","floor":29.0},{"not_picked":["Acrobatics","Quick Slash+1"],"picked":"Dagger Throw+1","floor":30.0},{"not_picked":["Backflip","Catalyst","Outmaneuver"],"picked":"SKIP","floor":31.0},{"not_picked":["Well Laid Plans","Dagger Throw+1","Underhanded Strike+1"],"picked":"SKIP","floor":35.0},{"not_picked":["Leg Sweep+1","Dagger Throw"],"picked":"Footwork+1","floor":37.0},{"not_picked":["Sucker Punch","Skewer+1","Prepared"],"picked":"SKIP","floor":38.0},{"not_picked":["Underhanded Strike","Eviscerate+1","Deflect+1"],"picked":"SKIP","floor":40.0},{"not_picked":["Blade Dance","All Out Attack+1","Skewer"],"picked":"SKIP","floor":41.0},{"not_picked":["Quick Slash+1","Tools of the Trade","Finisher"],"picked":"SKIP","floor":45.0},{"not_picked":["Flying Knee+1","Blur"],"picked":"Blade Dance+1","floor":47.0},{"not_picked":["Outmaneuver+1","Backflip","Deadly Poison"],"picked":"SKIP","floor":48.0},{"not_picked":["Terror+1","Heel Hook"],"picked":"Cloak And Dagger+1","floor":54}],"player_experience":346689,"relics_obtained":[{"floor":7.0,"key":"Shuriken"},{"floor":9.0,"key":"Mummified Hand"},{"floor":10.0,"key":"Vajra"},{"floor":19.0,"key":"Necronomicon"},{"floor":26.0,"key":"Sundial"},{"floor":30.0,"key":"Mercury Hourglass"},{"floor":30.0,"key":"StoneCalendar"},{"floor":40.0,"key":"Paper Crane"},{"floor":40.0,"key":"Snake Skull"},{"floor":45.0,"key":"Incense Burner"},{"floor":45.0,"key":"Darkstone Periapt"},{"floor":47.0,"key":"Bottled Flame"},{"floor":47.0,"key":"Boot"},{"floor":54,"key":"Bag of Marbles"},{"floor":54,"key":"Pantograph"}],"event_choices":[{"damage_healed":0.0,"max_hp_gain":0.0,"max_hp_loss":0.0,"gold_gain":0.0,"event_name":"Shining Light","player_choice":"Entered Light","floor":12.0,"gold_loss":0.0,"damage_taken":14.0,"cards_upgraded":["Strike_G","Well Laid Plans"]},{"damage_healed":0.0,"max_hp_gain":0.0,"max_hp_loss":0.0,"gold_gain":0.0,"event_name":"Cursed Tome","player_choice":"Obtained Book","floor":19.0,"gold_loss":0.0,"damage_taken":16.0},{"damage_healed":0.0,"max_hp_gain":0.0,"max_hp_loss":0.0,"gold_gain":0.0,"cards_transformed":["Defend_G","Strike_G"],"event_name":"Drug Dealer","player_choice":"Became Test Subject","floor":22.0,"gold_loss":0.0,"damage_taken":0.0,"cards_obtained":["Tools of the Trade","Underhanded Strike"]},{"damage_healed":0.0,"max_hp_gain":0.0,"max_hp_loss":0.0,"gold_gain":0.0,"event_name":"Knowing Skull","player_choice":"POTION ","floor":27.0,"potions_obtained":["EntropicBrew"],"gold_loss":0.0,"damage_taken":12.0,"cards_obtained":[]},{"cards_removed":["Strike_G"],"damage_healed":0.0,"max_hp_gain":0.0,"max_hp_loss":0.0,"gold_gain":0.0,"event_name":"Falling","player_choice":"Removed Attack","floor":36.0,"gold_loss":0.0,"damage_taken":0.0},{"cards_removed":["Defend_G"],"damage_healed":0.0,"max_hp_gain":0.0,"max_hp_loss":0.0,"gold_gain":0.0,"event_name":"Purifier","player_choice":"Purged","floor":39.0,"gold_loss":0.0,"damage_taken":0.0}],"is_beta":false,"boss_relics":[{"not_picked":["HoveringKite","Runic Dome"],"picked":"Black Star"},{"not_picked":["Runic Pyramid","Coffee Dripper"],"picked":"WristBlade"}],"items_purged_floors":[21],"is_endless":false,"potions_floor_spawned":[1,4,13,14,20,30,31,33,35,37,38],"ascension_level":8}}