{"host":"dmdprxj8bosbz96f","time":1609898373,"event":{"mods":["AchievementEnabler","BaseMod","Colored Map","DeckTracker","Minty Spire (QoL Compilation)","Quick Restart","SuperFastMode","everything is the same but u backflip on backflip"],"gold_per_floor":[116,68,68,14,25,57,57,57,57,84,99,99,99,114,114,212,212,230,230,80,96,107,107,117,137,162,177,191,67,87,19,19,118,118,128,128,128,128,143,173,190,201,225,225,225,225,239,249,249,249],"floor_reached":51,"playtime":1452,"items_purged":["Armaments"],"score":870,"play_id":"9d056f44-53e7-4249-a6c2-4834e624e9db","local_time":"20210106105933","is_ascension_mode":true,"campfire_choices":[{"data":"Perfected Strike","floor":7,"key":"SMITH"},{"floor":13,"key":"DIG"},{"floor":15,"key":"REST"},{"floor":23,"key":"DIG"},{"floor":32,"key":"DIG"},{"data":"Perfected Strike","floor":45,"key":"SMITH"},{"floor":49,"key":"REST"}],"circlet_count":0,"master_deck":["Strike_R","Strike_R","Strike_R","Strike_R","Defend_R+1","Defend_R","Defend_R","Defend_R","Bash","Perfected Strike+1","Armaments+1","Twin Strike+1","Infernal Blade","Perfected Strike+1","Perfected Strike+1","Twin Strike","Perfected Strike","Seeing Red","Headbutt+1","Wild Strike","Shrug It Off","Headbutt+1","Shrug It Off","Shrug It Off+1","Intimidate","Impervious","Rage+1","Intimidate+1","Intimidate+1","Perfected Strike+1","Pommel Strike+1","True Grit+1","Twin Strike+1"],"relics":["Black Blood","NeowsBlessing","War Paint","Shovel","Question Card","Pen Nib","Singing Bowl","Champion Belt","Snecko Eye","Whetstone","Omamori","Happy Flower","Ancient Tea Set","Toxic Egg 2","Juzu Bracelet"],"acts_visited":["Exordium","TheCity","TheBeyond"],"potions_floor_usage":[10,16,16,25,40,40,50,50,50],"damage_taken":[{"damage":0,"enemies":"Cultist","floor":1,"turns":1},{"damage":0,"enemies":"Jaw Worm","floor":5,"turns":1},{"damage":0,"enemies":"Lagavulin","floor":6,"turns":2},{"damage":22,"enemies":"3 Sentries","floor":10,"turns":8},{"damage":15,"enemies":"2 Louse","floor":11,"turns":2},{"damage":20,"enemies":"Exordium Thugs","floor":14,"turns":5},{"damage":44,"enemies":"Hexaghost","floor":16,"turns":7},{"damage":0,"enemies":"Chosen","floor":18,"turns":3},{"damage":12,"enemies":"3 Byrds","floor":21,"turns":3},{"damage":0,"enemies":"Snecko","floor":22,"turns":2},{"damage":18,"enemies":"Centurion and Healer","floor":24,"turns":2},{"damage":7,"enemies":"Cultist and Chosen","floor":25,"turns":2},{"damage":0,"enemies":"Snake Plant","floor":27,"turns":1},{"damage":0,"enemies":"3 Cultists","floor":28,"turns":3},{"damage":7,"enemies":"Cultist and Chosen","floor":30,"turns":2},{"damage":53,"enemies":"Champ","floor":33,"turns":7},{"damage":21,"enemies":"3 Darklings","floor":35,"turns":5},{"damage":16,"enemies":"Orb Walker","floor":39,"turns":3},{"damage":6,"enemies":"Nemesis","floor":40,"turns":5},{"damage":20,"enemies":"4 Shapes","floor":41,"turns":3},{"damage":18,"enemies":"Transient","floor":42,"turns":5},{"damage":50,"enemies":"Writhing Mass","floor":47,"turns":3},{"damage":1,"enemies":"Maw","floor":48,"turns":5},{"damage":51,"enemies":"Awakened One","floor":50,"turns":8}],"seed_played":"1797252186371917298","potions_obtained":[{"floor":1,"key":"BlessingOfTheForge"},{"floor":3,"key":"SpeedPotion"},{"floor":5,"key":"SpeedPotion"},{"floor":11,"key":"BlessingOfTheForge"},{"floor":14,"key":"EssenceOfSteel"},{"floor":18,"key":"DistilledChaos"},{"floor":22,"key":"Fire Potion"},{"floor":27,"key":"DistilledChaos"},{"floor":28,"key":"Ancient Potion"},{"floor":30,"key":"Dexterity Potion"},{"floor":41,"key":"Strength Potion"},{"floor":47,"key":"Explosive Potion"}],"is_trial":false,"path_per_floor":["M","$","?","$","M","E","R","?","T","E","M","T","R","M","R","B",null,"M","?","$","M","M","R","M","M","T","M","M","$","M","$","R","B",null,"M","?","?","?","M","E","M","M","T","?","R","?","M","M","R","B",null],"character_chosen":"IRONCLAD","items_purchased":["Armaments","Twin Strike","Whetstone","Shrug It Off","Intimidate"],"campfire_rested":2,"item_purchase_floors":[2,4,20,29,31],"current_hp_per_floor":[80,80,80,80,80,80,80,77,77,61,52,52,52,38,62,26,82,82,82,82,76,82,82,70,69,69,77,83,83,82,82,82,35,84,75,75,74,74,70,76,68,62,62,62,62,62,24,35,60,21],"gold":249,"neow_bonus":"THREE_ENEMY_KILL","is_daily":false,"chose_seed":false,"campfire_upgraded":2,"win_rate":0.0,"timestamp":1609898373,"path_taken":["M","$","?","$","?","E","R","?","T","E","M","?","R","M","R","BOSS","M","?","?","M","M","R","M","M","T","M","M","$","M","$","R","BOSS","M","?","?","?","?","E","M","M","T","?","R","?","M","M","R","BOSS"],"items_purchased_type":["Card","Card","Relic","Card","Card"],"build_version":"2020-12-22","purchased_purges":1,"victory":true,"max_hp_per_floor":[80,80,80,80,80,80,80,80,80,80,80,80,80,80,80,82,82,82,82,82,82,82,82,82,82,82,84,84,84,84,84,84,84,84,84,80,84,84,84,84,84,84,84,84,84,84,84,84,84,84],"card_choices":[{"not_picked":["Entrench","True Grit"],"picked":"Perfected Strike","floor":1},{"not_picked":["Clash","Reckless Charge","Anger"],"picked":"SKIP","floor":5},{"not_picked":["Reckless Charge","Sword Boomerang"],"picked":"Infernal Blade","floor":6},{"not_picked":["Fire Breathing","Dropkick","Clash"],"picked":"Perfected Strike","floor":10},{"not_picked":["True Grit","Dark Embrace","Sword Boomerang"],"picked":"Armaments","floor":11},{"not_picked":["Thunderclap","Armaments","Ghostly Armor"],"picked":"Perfected Strike","floor":14},{"not_picked":["Demon Form","Berserk","Feed","Fiend Fire"],"picked":"Singing Bowl","floor":16},{"not_picked":["Anger","Havoc","Headbutt+1"],"picked":"Twin Strike","floor":18},{"not_picked":["Infernal Blade+1","Thunderclap","Ghostly Armor"],"picked":"Seeing Red","floor":21},{"not_picked":["Dual Wield","Shockwave","Anger"],"picked":"Headbutt+1","floor":22},{"not_picked":["Second Wind","Sword Boomerang+1","Thunderclap+1"],"picked":"Wild Strike","floor":24},{"not_picked":["Iron Wave","Spot Weakness+1","Twin Strike"],"picked":"Shrug It Off","floor":25},{"not_picked":["True Grit","Rampage+1","Dark Embrace","Clothesline"],"picked":"Singing Bowl","floor":27},{"not_picked":["Berserk","True Grit","Clothesline"],"picked":"Headbutt+1","floor":28},{"not_picked":["Rage+1","Sword Boomerang+1","Warcry+1"],"picked":"Shrug It Off+1","floor":30},{"not_picked":["Demon Form","Feed","Reaper"],"picked":"Impervious","floor":33},{"not_picked":["Feel No Pain+1","Wild Strike","Fire Breathing"],"picked":"Rage+1","floor":35},{"not_picked":["Dark Shackles","Jack Of All Trades","Dramatic Entrance","Forethought"],"picked":"Singing Bowl","floor":37},{"not_picked":["Panacea","Metamorphosis","Discovery","Magnetism"],"picked":"Singing Bowl","floor":37},{"not_picked":["Heavy Blade","Blood for Blood+1","Entrench+1"],"picked":"Intimidate+1","floor":39},{"not_picked":["Iron Wave","Thunderclap","Cleave+1"],"picked":"Intimidate+1","floor":40},{"not_picked":["Twin Strike+1","Wild Strike","Body Slam+1"],"picked":"Perfected Strike+1","floor":41},{"not_picked":["Flex+1","Twin Strike+1","Pummel"],"picked":"Pommel Strike+1","floor":42},{"not_picked":["Feel No Pain","Barricade","Body Slam"],"picked":"True Grit+1","floor":47},{"not_picked":["Burning Pact+1","True Grit+1","Disarm+1"],"picked":"Twin Strike+1","floor":48}],"player_experience":156071,"relics_obtained":[{"floor":6,"key":"War Paint"},{"floor":9,"key":"Question Card"},{"floor":10,"key":"Pen Nib"},{"floor":12,"key":"Singing Bowl"},{"floor":13,"key":"Champion Belt"},{"floor":23,"key":"Omamori"},{"floor":26,"key":"Happy Flower"},{"floor":32,"key":"Ancient Tea Set"},{"floor":40,"key":"Toxic Egg 2"},{"floor":43,"key":"Juzu Bracelet"}],"event_choices":[{"damage_healed":0,"gold_gain":0,"player_choice":"Got Potions","damage_taken":0,"max_hp_gain":0,"max_hp_loss":0,"event_name":"Lab","floor":3,"gold_loss":0},{"damage_healed":0,"gold_gain":0,"player_choice":"Success","damage_taken":3,"relics_obtained":["Shovel"],"max_hp_gain":0,"max_hp_loss":0,"event_name":"Scrap Ooze","floor":8,"gold_loss":0},{"damage_healed":0,"gold_gain":0,"player_choice":"Read","damage_taken":0,"max_hp_gain":0,"max_hp_loss":0,"event_name":"The Library","floor":19,"gold_loss":0,"cards_obtained":["Perfected Strike"]},{"damage_healed":0,"gold_gain":0,"player_choice":"Max HP","damage_taken":0,"max_hp_gain":0,"max_hp_loss":4,"event_name":"Winding Halls","floor":36,"gold_loss":0},{"damage_healed":0,"gold_gain":0,"player_choice":"Memory 2","damage_taken":5,"max_hp_gain":0,"max_hp_loss":0,"event_name":"SensoryStone","floor":37,"gold_loss":0},{"damage_healed":0,"gold_gain":0,"player_choice":"Bought 0 Potions","damage_taken":0,"max_hp_gain":0,"max_hp_loss":0,"event_name":"The Woman in Blue","floor":38,"gold_loss":0},{"cards_removed":["Strike_R"],"damage_healed":0,"gold_gain":0,"player_choice":"Purged","damage_taken":0,"max_hp_gain":0,"max_hp_loss":0,"event_name":"Purifier","floor":44,"gold_loss":0},{"damage_healed":0,"gold_gain":0,"player_choice":"Ignored","damage_taken":0,"max_hp_gain":0,"max_hp_loss":0,"event_name":"Mysterious Sphere","floor":46,"gold_loss":0}],"is_beta":false,"boss_relics":[{"not_picked":["Tiny House","SacredBark"],"picked":"Snecko Eye"},{"not_picked":["Mark of Pain","Cursed Key"],"picked":"Black Blood"}],"items_purged_floors":[29],"is_endless":false,"potions_floor_spawned":[1,5,11,14,18,22,27,28,30,39,41,47],"ascension_level":3}}