{"host":"7v9t59ze4jbx2rzq","time":1609949207,"event":{"mods":["100% Spire Juice","BaseMod","Highlight Path","Minty Spire (QoL Compilation)","StSLib","The Caster","The Hydrologist","Wide Potions"],"gold_per_floor":[110,123,123,135,151,151,54,54,54,79,109,134,160,160,160,256,256,270,270,47,58,75,103,103,137,137,137,155,166,192,292,292,390,390,400,410,211,230,280,309,10,10,37,80,101,131,131,151,151,151,151,151,29,65,65],"floor_reached":56,"playtime":7206,"items_purged":["Pain","caster:strike","caster:strike","caster:strike"],"score":1382,"play_id":"dabf7897-720a-4bf3-977c-a869fa63c879","local_time":"20210106110647","is_ascension_mode":true,"campfire_choices":[{"data":"caster:AlternatingCurrent","floor":6,"key":"SMITH"},{"data":"caster:FlashSpeed","floor":15,"key":"SMITH"},{"floor":24,"key":"REST"},{"data":"caster:ManaOverflow","floor":27,"key":"SMITH"},{"data":"caster:GlacialShield","floor":32,"key":"SMITH"},{"floor":42,"key":"RECALL"},{"data":"caster:EchoingVoice","floor":49,"key":"SMITH"},{"data":"caster:QuickCast","floor":52,"key":"SMITH"}],"circlet_count":0,"master_deck":["caster:strike","caster:defend","caster:defend","caster:defend","caster:defend","caster:Meteor","caster:DivertFocus","caster:Channeling","caster:FlashSpeed+1","caster:AlternatingCurrent+1","caster:DiamondDust","caster:JupitelThunder","caster:FrostDriver","caster:Unearth","caster:StormGust+1","caster:ManaOverflow+1","caster:MagicResonance+1","caster:Charge+1","caster:QuickCast+1","caster:WallOfRocks+1","caster:GlacialShield+1","caster:MagicBarrier","caster:MagicBarrier","caster:LordOfVermillion","caster:NaturalChaos+1","caster:AlternatingCurrent","caster:GlacialShield+1","caster:EchoingVoice+1","caster:Grimoire","caster:WallOfThorns"],"relics":["caster:MagicBook","NeowsBlessing","Vajra","Turnip","Thread and Needle","Blood Vial","Centennial Puzzle","SacredBark","WarpedTongs","Sling","Bag of Preparation","Bag of Marbles","Smiling Mask","Coffee Dripper","Calipers","CeramicFish","Bronze Scales","Toy Ornithopter","TungstenRod","Dead Branch","Eternal Feather"],"acts_visited":["Exordium","TheCity","TheBeyond","TheEnding"],"potions_floor_usage":[12,18,21,25,30,33,38,40,46,47,54,55,55],"damage_taken":[{"damage":0.0,"enemies":"Cultist","floor":1.0,"turns":1.0},{"damage":0.0,"enemies":"Jaw Worm","floor":2.0,"turns":1.0},{"damage":0,"enemies":"Small Slimes","floor":4,"turns":1},{"damage":3,"enemies":"Red Slaver","floor":5,"turns":4},{"damage":6,"enemies":"Lagavulin","floor":10,"turns":5},{"damage":2,"enemies":"Gremlin Nob","floor":12,"turns":4},{"damage":0,"enemies":"Slime Boss","floor":16,"turns":4},{"damage":0,"enemies":"Shell Parasite","floor":18,"turns":5},{"damage":0,"enemies":"Chosen","floor":21,"turns":3},{"damage":7,"enemies":"Snake Plant","floor":22,"turns":5},{"damage":39,"enemies":"Book of Stabbing","floor":23,"turns":6},{"damage":0,"enemies":"Slavers","floor":25,"turns":2},{"damage":7,"enemies":"Cultist and Chosen","floor":28,"turns":6},{"damage":2,"enemies":"Snecko","floor":29,"turns":7},{"damage":4,"enemies":"Book of Stabbing","floor":30,"turns":4},{"damage":2,"enemies":"Champ","floor":33,"turns":10},{"damage":4,"enemies":"3 Shapes","floor":35,"turns":3},{"damage":0,"enemies":"3 Darklings","floor":36,"turns":5},{"damage":28,"enemies":"4 Shapes","floor":38,"turns":6},{"damage":2,"enemies":"Mind Bloom Boss Battle","floor":39,"turns":5},{"damage":1,"enemies":"Giant Head","floor":40,"turns":8},{"damage":6,"enemies":"Nemesis","floor":44,"turns":7},{"damage":1,"enemies":"Maw","floor":45,"turns":5},{"damage":0,"enemies":"Giant Head","floor":46,"turns":2},{"damage":11,"enemies":"Transient","floor":48,"turns":5},{"damage":39,"enemies":"Time Eater","floor":50,"turns":10},{"damage":14,"enemies":"Shield and Spear","floor":54,"turns":6},{"damage":40,"enemies":"The Heart","floor":55,"turns":10}],"seed_played":"-6257374967065762858","potions_obtained":[{"floor":2,"key":"Dexterity Potion"},{"floor":5,"key":"Block Potion"},{"floor":10,"key":"Ancient Potion"},{"floor":16,"key":"BlessingOfTheForge"},{"floor":18,"key":"DistilledChaos"},{"floor":22,"key":"SpeedPotion"},{"floor":28,"key":"Dexterity Potion"},{"floor":33,"key":"SkillPotion"},{"floor":38,"key":"Fire Potion"},{"floor":40,"key":"SmokeBomb"},{"floor":48,"key":"LiquidBronze"}],"is_trial":false,"path_per_floor":["M","M","?","M","M","R","$","?","T","E","?","E","T","?","R","B",null,"M","?","$","M","M","E","R","E","T","R","M","M","E","?","R","B",null,"M","M","$","M","?","E","$","R","T","E","M","E","?","M","R","B",null,"R","$","E","B",null],"character_chosen":"THE_CASTER","items_purchased":["caster:JupitelThunder","caster:FrostDriver","Sling","caster:AlternatingCurrent","LiquidMemories","Bronze Scales","EntropicBrew","caster:Grimoire"],"campfire_rested":1,"item_purchase_floors":[7,7,20,37,37,41,41,53],"current_hp_per_floor":[64,64,64,64,61,61,61,61,61,55,55,54,54,54,54,56,64,64,64,64,64,58,23,42,46,46,46,43,43,43,43,43,45,64,60,62,62,43,44,52,52,52,52,56,58,64,64,58,58,29,64,64,64,57,26],"gold":65,"neow_bonus":"THREE_ENEMY_KILL","is_daily":false,"chose_seed":false,"campfire_upgraded":6,"win_rate":0.0,"timestamp":1609949207,"path_taken":["M","M","?","M","M","R","$","?","T","E","?","E","?","?","R","BOSS","M","?","$","?","M","E","R","E","T","R","M","M","E","?","R","BOSS","M","?","$","M","?","E","?","R","T","E","M","E","?","M","R","BOSS","R","$","E","BOSS"],"items_purchased_type":["Card","Card","Relic","Card","Potion","Relic","Potion","Card"],"build_version":"2020-12-22","purchased_purges":4,"victory":true,"max_hp_per_floor":[64,64,64,64,64,64,64,64,64,64,64,64,64,64,64,64,64,64,64,64,64,64,64,64,64,64,64,64,64,64,64,64,64,64,64,64,64,64,64,64,64,64,64,64,64,64,64,64,64,64,64,64,64,64,64],"card_choices":[{"not_picked":["caster:Sandstorm","caster:GlacialShield"],"picked":"caster:FlashSpeed","floor":1.0},{"not_picked":["caster:Enfeeble","caster:FlashFrost"],"picked":"caster:AlternatingCurrent","floor":2},{"not_picked":["caster:MagicWeapon","caster:MagicAttunement","caster:FlashFrost"],"picked":"SKIP","floor":4},{"not_picked":["caster:Permafrost","caster:LAZER"],"picked":"caster:DiamondDust","floor":5},{"not_picked":["caster:Embers","caster:FlashSpeed"],"picked":"caster:Unearth","floor":10},{"not_picked":["caster:FrostDriver","caster:Incantation"],"picked":"caster:StormGust","floor":12},{"not_picked":["caster:Cool","caster:StormGust"],"picked":"caster:ManaOverflow","floor":16},{"not_picked":["caster:AbsoluteZero","caster:MagicBarrier"],"picked":"caster:MagicResonance+1","floor":18},{"not_picked":["caster:JupitelThunder","caster:Sultry"],"picked":"caster:Charge+1","floor":21},{"not_picked":["caster:FlashSpeed","caster:Fireball"],"picked":"caster:QuickCast","floor":22},{"not_picked":["caster:Enfeeble","caster:BurnItDown+1"],"picked":"caster:WallOfRocks+1","floor":23},{"not_picked":["caster:Sleet","caster:Eruption"],"picked":"caster:GlacialShield","floor":25},{"not_picked":["caster:Enfeeble+1","caster:DiamondDust","caster:MagicWeapon"],"picked":"SKIP","floor":28},{"not_picked":["caster:Cool","caster:GlacialShield"],"picked":"caster:MagicBarrier","floor":29},{"not_picked":["caster:Tundra","caster:Charge"],"picked":"caster:MagicBarrier","floor":30},{"not_picked":["caster:Ifrit","caster:Susanoo"],"picked":"caster:LordOfVermillion","floor":33},{"not_picked":["caster:MagicBarrier+1","caster:Sultry"],"picked":"caster:NaturalChaos+1","floor":35},{"not_picked":["caster:Enfeeble+1","caster:GlacialShield+1","caster:AbsoluteZero+1"],"picked":"SKIP","floor":36},{"not_picked":["caster:Tundra","caster:Enfeeble","caster:Cryogenesis"],"picked":"SKIP","floor":38},{"not_picked":["caster:Embers","caster:WallOfAsh+1","caster:MagicWeapon"],"picked":"SKIP","floor":40},{"not_picked":["caster:LAZER","caster:DiablosFlame"],"picked":"caster:GlacialShield+1","floor":44},{"not_picked":["caster:LightningBolt+1","caster:FrostDriver+1"],"picked":"caster:EchoingVoice","floor":45},{"not_picked":["caster:Discharge+1","caster:SpontaneousCombustion","caster:MagicResonance+1"],"picked":"SKIP","floor":46},{"not_picked":["caster:AlternatingCurrent","caster:JupitelThunder","caster:Conflagrate"],"picked":"SKIP","floor":48},{"not_picked":["caster:LAZER+1","caster:Enfeeble"],"picked":"caster:WallOfThorns","floor":54}],"player_experience":2192510,"relics_obtained":[{"floor":9,"key":"Turnip"},{"floor":10,"key":"Thread and Needle"},{"floor":12,"key":"Blood Vial"},{"floor":13,"key":"Centennial Puzzle"},{"floor":23,"key":"Bag of Preparation"},{"floor":25,"key":"Bag of Marbles"},{"floor":30,"key":"Smiling Mask"},{"floor":39,"key":"Calipers"},{"floor":40,"key":"CeramicFish"},{"floor":43,"key":"Toy Ornithopter"},{"floor":44,"key":"TungstenRod"},{"floor":46,"key":"Dead Branch"},{"floor":54,"key":"Eternal Feather"}],"event_choices":[{"damage_healed":0,"gold_gain":0,"player_choice":"Leave","damage_taken":0,"max_hp_gain":0,"max_hp_loss":0,"event_name":"The Cleric","floor":3,"gold_loss":0},{"damage_healed":0,"gold_gain":30,"player_choice":"Searched \u00271\u0027 times","damage_taken":0,"max_hp_gain":0,"max_hp_loss":0,"event_name":"Dead Adventurer","floor":11,"gold_loss":0},{"damage_healed":0,"gold_gain":0,"player_choice":"Grow","damage_taken":0,"max_hp_gain":0,"max_hp_loss":0,"event_name":"Living Wall","floor":14,"gold_loss":0,"cards_upgraded":["caster:StormGust"]},{"damage_healed":0,"gold_gain":0,"player_choice":"Rummage","damage_taken":0,"relics_obtained":["WarpedTongs"],"max_hp_gain":0,"max_hp_loss":0,"event_name":"Accursed Blacksmith","floor":19,"gold_loss":0,"cards_obtained":["Pain"]},{"damage_healed":0,"gold_gain":100,"player_choice":"Pray","damage_taken":0,"max_hp_gain":0,"max_hp_loss":0,"event_name":"Golden Shrine","floor":31,"gold_loss":0},{"damage_healed":0,"gold_gain":0,"player_choice":"Fight","damage_taken":0,"max_hp_gain":0,"max_hp_loss":0,"event_name":"MindBloom","floor":39,"gold_loss":0},{"damage_healed":0,"gold_gain":0,"player_choice":"Ignored","damage_taken":0,"max_hp_gain":0,"max_hp_loss":0,"event_name":"Tomb of Lord Red Mask","floor":47,"gold_loss":0}],"is_beta":false,"boss_relics":[{"not_picked":["Empty Cage","SlaversCollar"],"picked":"SacredBark"},{"not_picked":["Snecko Eye","Sozu"],"picked":"Coffee Dripper"}],"items_purged_floors":[20,37,41,53],"is_endless":false,"potions_floor_spawned":[2,5,10,16,18,22,23,28,33,38,40,44,48],"ascension_level":1}}