{"host":"agbyy69nq62afhwx","time":1609959238,"event":{"mods":["BaseMod","Colored Map","DeckTracker","Highlight Path","Keyboard Shortcuts","Minty Spire (QoL Compilation)","Quick Restart","StSLib","SuperFastMode","everything is the same but u backflip on backflip"],"gold_per_floor":[117,167,183,108,33,33,64,64,142,160,178,178,93,93,93,164,164,180,190,190,202,202,202],"floor_reached":22,"playtime":604,"items_purged":["Defend_G"],"score":340,"play_id":"c44389f8-4843-4841-87f9-73d0c8e5d968","local_time":"20210107035358","is_ascension_mode":true,"campfire_choices":[{"data":"Sadistic Nature","floor":6.0,"key":"SMITH"},{"floor":8.0,"key":"REST"},{"floor":15.0,"key":"REST"}],"circlet_count":0,"master_deck":["AscendersBane","Strike_G+1","Strike_G+1","Strike_G+1","Strike_G+1","Defend_G+1","Defend_G+1","Defend_G+1","Defend_G+1","Survivor","Neutralize","Sadistic Nature+1","Accuracy","Sucker Punch","Escape Plan","Deadly Poison","Corpse Explosion","Bouncing Flask","Venomology","PiercingWail","Backflip"],"relics":["Ring of the Snake","Lantern","Ornamental Fan","Sozu"],"acts_visited":["Exordium","TheCity"],"potions_floor_usage":[],"damage_taken":[{"damage":4.0,"enemies":"Small Slimes","floor":1.0,"turns":4.0},{"damage":6.0,"enemies":"Cultist","floor":3.0,"turns":5.0},{"damage":37.0,"enemies":"3 Sentries","floor":7.0,"turns":13.0},{"damage":2.0,"enemies":"Jaw Worm","floor":10.0,"turns":5.0},{"damage":0.0,"enemies":"Blue Slaver","floor":11.0,"turns":3.0},{"damage":23.0,"enemies":"Slime Boss","floor":16.0,"turns":7.0},{"damage":14.0,"enemies":"Chosen","floor":18.0,"turns":5.0},{"damage":27.0,"enemies":"Shell Parasite","floor":19.0,"turns":6.0},{"damage":6.0,"enemies":"Cultist and Chosen","floor":21.0,"turns":5.0},{"damage":0,"enemies":"Snecko","floor":22,"turns":2}],"seed_played":"7136376126825283745","potions_obtained":[{"floor":3.0,"key":"Block Potion"},{"floor":11.0,"key":"GhostInAJar"},{"floor":14.0,"key":"EssenceOfSteel"}],"is_trial":false,"path_per_floor":["M","?","M","?","$","R","E","R","T","M","M","?","$","?","R","B",null,"M","M","?","M","M"],"character_chosen":"THE_SILENT","items_purchased":["Bouncing Flask"],"campfire_rested":2,"item_purchase_floors":[13],"current_hp_per_floor":[55,49,43,43,43,43,6,24,24,22,22,22,22,22,40,17,49,35,8,8,2,2,2],"gold":202,"neow_bonus":"RANDOM_COLORLESS_2","is_daily":false,"chose_seed":false,"campfire_upgraded":1,"win_rate":0.0,"timestamp":1609959238,"path_taken":["M","?","?","?","$","R","E","R","T","M","M","?","?","?","R","BOSS","M","?","?","M","M"],"items_purchased_type":["Card"],"build_version":"2020-12-22","purchased_purges":1,"victory":false,"max_hp_per_floor":[60,60,60,60,60,60,60,60,60,60,60,60,60,60,60,60,60,60,60,60,60,60,60],"card_choices":[{"not_picked":["Secret Weapon","Violence"],"picked":"Sadistic Nature","floor":0.0},{"not_picked":["Prepared","Acrobatics"],"picked":"Accuracy","floor":1.0},{"not_picked":["Eviscerate","Endless Agony"],"picked":"Sucker Punch","floor":3.0},{"not_picked":["Endless Agony","Flying Knee"],"picked":"Escape Plan","floor":7.0},{"not_picked":["Dodge and Roll","Flying Knee"],"picked":"Deadly Poison","floor":10.0},{"not_picked":["Eviscerate","Cloak And Dagger"],"picked":"Corpse Explosion","floor":11.0},{"not_picked":["Envenom","Night Terror"],"picked":"Venomology","floor":16.0},{"not_picked":["Sucker Punch","Choke+1"],"picked":"PiercingWail","floor":18.0},{"not_picked":["Poisoned Stab","Underhanded Strike","Acrobatics"],"picked":"SKIP","floor":19.0},{"not_picked":["Reflex","Prepared"],"picked":"Backflip","floor":21.0}],"player_experience":398389,"relics_obtained":[{"floor":7.0,"key":"Lantern"},{"floor":9.0,"key":"Ornamental Fan"}],"event_choices":[{"damage_healed":0.0,"max_hp_gain":0.0,"max_hp_loss":0.0,"gold_gain":50.0,"event_name":"FaceTrader","player_choice":"Touch","floor":2.0,"gold_loss":0.0,"damage_taken":6.0},{"cards_removed":["Strike_G"],"damage_healed":0.0,"max_hp_gain":0.0,"max_hp_loss":0.0,"gold_gain":0.0,"event_name":"The Cleric","player_choice":"Card Removal","floor":4.0,"gold_loss":75.0,"damage_taken":0.0},{"damage_healed":0.0,"max_hp_gain":0.0,"max_hp_loss":0.0,"gold_gain":0.0,"event_name":"Scrap Ooze","player_choice":"Fled","floor":12.0,"gold_loss":0.0,"damage_taken":0.0},{"damage_healed":0.0,"max_hp_gain":0.0,"max_hp_loss":0.0,"gold_gain":0.0,"event_name":"Lab","player_choice":"Got Potions","floor":14.0,"gold_loss":0.0,"damage_taken":0.0},{"damage_healed":0.0,"max_hp_gain":0.0,"max_hp_loss":0.0,"gold_gain":0.0,"event_name":"Back to Basics","player_choice":"Simplicity","floor":20.0,"gold_loss":0.0,"damage_taken":0.0,"cards_upgraded":["Strike_G","Strike_G","Strike_G","Strike_G","Defend_G","Defend_G","Defend_G","Defend_G"]}],"is_beta":false,"boss_relics":[{"not_picked":["Black Star","Busted Crown"],"picked":"Sozu"}],"items_purged_floors":[5],"is_endless":false,"potions_floor_spawned":[3,11,21],"killed_by":"Snecko","ascension_level":17}}