{"host":"mi0eibewekhugwl1","time":1609922392,"event":{"mods":["AchievementEnabler","BaseMod","Colored Map","Colored Powertips","DeckTracker","Keyboard Shortcuts","Minty Spire (QoL Compilation)","Quick Restart","Rare Cards Sparkle","Relic Stats","StSLib","SuperFastMode","everything is the same but u backflip on backflip"],"gold_per_floor":[117,131,143,163,7,7,25,25,25,25,75,94,14,64,64,137,137,155,55,70,70,82,82,82,82,82,99,126,41,41,41],"floor_reached":30,"playtime":476,"items_purged":["Strike_R","Entrench"],"score":530,"play_id":"f46c5d92-abbf-40db-a7fb-92762acf70f9","local_time":"20210106173952","is_ascension_mode":true,"campfire_choices":[{"data":"Evolve","floor":6.0,"key":"SMITH"},{"data":"Bash","floor":8.0,"key":"SMITH"},{"data":"Inflame","floor":15,"key":"SMITH"},{"data":"Feed","floor":23,"key":"SMITH"},{"data":"Demon Form","floor":25,"key":"SMITH"}],"circlet_count":0,"master_deck":["AscendersBane","Bash+1","Cleave","Twin Strike","Shrug It Off","Pommel Strike","Evolve+1","Inflame+1","Feed+1","Inflame","Demon Form+1","Rage","Inflame","Heavy Blade+1","Carnage","Thunderclap","Intimidate+1","Power Through"],"relics":["Burning Blood","Orichalcum","InkBottle","Ancient Tea Set","Pandora\u0027s Box","Mercury Hourglass","Question Card","Oddly Smooth Stone"],"acts_visited":["Exordium","TheCity"],"potions_floor_usage":[16,28,28],"damage_taken":[{"damage":0.0,"enemies":"Cultist","floor":1.0,"turns":3.0},{"damage":8.0,"enemies":"Jaw Worm","floor":2.0,"turns":4.0},{"damage":7.0,"enemies":"2 Louse","floor":3.0,"turns":2.0},{"damage":38.0,"enemies":"Gremlin Gang","floor":4.0,"turns":6.0},{"damage":5.0,"enemies":"Blue Slaver","floor":7.0,"turns":5.0},{"damage":6,"enemies":"2 Fungi Beasts","floor":12,"turns":4},{"damage":27,"enemies":"Hexaghost","floor":16,"turns":9},{"damage":33,"enemies":"Shell Parasite","floor":18,"turns":6},{"damage":24,"enemies":"Spheric Guardian","floor":20,"turns":4},{"damage":36,"enemies":"Cultist and Chosen","floor":22,"turns":5},{"damage":22,"enemies":"Sentry and Sphere","floor":27,"turns":4},{"damage":42,"enemies":"Book of Stabbing","floor":28,"turns":5},{"damage":30,"enemies":"Centurion and Healer","floor":30,"turns":2}],"seed_played":"4801352963220733628","potions_obtained":[{"floor":2.0,"key":"DuplicationPotion"},{"floor":12,"key":"Weak Potion"},{"floor":18,"key":"BloodPotion"},{"floor":20,"key":"Weak Potion"}],"is_trial":false,"path_per_floor":["M","M","M","M","$","R","M","R","T","?","?","M","$","?","R","B",null,"M","$","M","?","M","R","?","R","T","M","E","?","M"],"character_chosen":"IRONCLAD","items_purchased":["Evolve","Inflame"],"campfire_rested":0,"item_purchase_floors":[5,13],"current_hp_per_floor":[74,72,71,39,39,39,40,40,40,35,28,28,28,28,28,7,58,34,34,19,81,54,54,54,54,54,38,18,18,0,0],"gold":41,"neow_bonus":"RANDOM_COMMON_RELIC","is_daily":false,"chose_seed":false,"campfire_upgraded":5,"win_rate":0.0,"timestamp":1609922392,"path_taken":["M","M","M","M","?","R","M","R","T","?","?","?","$","?","R","BOSS","M","$","M","?","?","R","?","R","T","?","E","?","M"],"items_purchased_type":["Card","Card"],"build_version":"2020-12-22","purchased_purges":2,"victory":false,"max_hp_per_floor":[75,75,75,75,75,75,75,75,75,75,75,75,75,75,75,75,75,78,78,81,81,84,84,84,84,84,84,84,84,84,84],"relic_stats":{"counters":[13,59],"Pandora\u0027s Box":["Inflame","Demon Form","Rage","Inflame","Entrench","Heavy Blade","Carnage","Thunderclap"],"Orichalcum":[174],"Question Card":0,"obtain_stats":[{"Oddly Smooth Stone":29,"Pandora\u0027s Box":17,"Orichalcum":0,"Ancient Tea Set":10,"Question Card":28,"Burning Blood":0,"InkBottle":9,"Mercury Hourglass":26},{"Oddly Smooth Stone":12,"Pandora\u0027s Box":7,"Orichalcum":0,"Ancient Tea Set":5,"Question Card":12,"Burning Blood":0,"InkBottle":5,"Mercury Hourglass":10},{"Oddly Smooth Stone":57,"Pandora\u0027s Box":33,"Orichalcum":0,"Ancient Tea Set":20,"Question Card":57,"Burning Blood":0,"InkBottle":20,"Mercury Hourglass":48}],"Burning Blood":72,"InkBottle":[8],"Mercury Hourglass":[34]},"card_choices":[{"not_picked":["Perfected Strike","Thunderclap"],"picked":"Cleave","floor":1.0},{"not_picked":["Thunderclap","Heavy Blade"],"picked":"Twin Strike","floor":2.0},{"not_picked":["Heavy Blade","Flex"],"picked":"Shrug It Off","floor":3.0},{"not_picked":["Entrench","Reckless Charge"],"picked":"Pommel Strike","floor":4.0},{"not_picked":["Clash","Dark Embrace","Perfected Strike"],"picked":"SKIP","floor":7.0},{"not_picked":["Thunderclap","Corruption","Entrench"],"picked":"SKIP","floor":12},{"not_picked":["Corruption","Berserk"],"picked":"Feed","floor":16},{"not_picked":["Body Slam","Metallicize","Pommel Strike"],"picked":"SKIP","floor":18},{"not_picked":["Fire Breathing","Dropkick"],"picked":"Rampage","floor":20},{"not_picked":["Twin Strike","Warcry"],"picked":"Intimidate+1","floor":22},{"not_picked":["Headbutt","Wild Strike","Dark Embrace"],"picked":"SKIP","floor":27},{"not_picked":["Flex","Demon Form"],"picked":"Power Through","floor":28}],"player_experience":1735127,"relics_obtained":[{"floor":9.0,"key":"InkBottle"},{"floor":26,"key":"Mercury Hourglass"},{"floor":28,"key":"Question Card"}],"event_choices":[{"damage_healed":0.0,"max_hp_gain":0.0,"max_hp_loss":0.0,"gold_gain":0.0,"event_name":"Scrap Ooze","player_choice":"Success","floor":10.0,"gold_loss":0.0,"damage_taken":5.0,"relics_obtained":["Ancient Tea Set"]},{"damage_healed":0,"gold_gain":50,"player_choice":"Touch","damage_taken":7,"max_hp_gain":0,"max_hp_loss":0,"event_name":"FaceTrader","floor":11,"gold_loss":0},{"damage_healed":0,"gold_gain":50,"player_choice":"Gained Gold","damage_taken":0,"max_hp_gain":0,"max_hp_loss":0,"event_name":"Golden Wing","floor":14,"gold_loss":0},{"cards_removed":["Rampage"],"damage_healed":62,"gold_gain":0,"player_choice":"Offered Uncommon","damage_taken":0,"max_hp_gain":0,"max_hp_loss":0,"event_name":"Bonfire Elementals","floor":21,"gold_loss":0},{"damage_healed":0,"gold_gain":0,"player_choice":"Forge","damage_taken":0,"max_hp_gain":0,"max_hp_loss":0,"event_name":"Accursed Blacksmith","floor":24,"gold_loss":0,"cards_upgraded":["Heavy Blade"]},{"damage_healed":0,"gold_gain":0,"player_choice":"Obtained Relic","damage_taken":0,"relics_obtained":["Oddly Smooth Stone"],"max_hp_gain":0,"max_hp_loss":0,"event_name":"Addict","floor":29,"gold_loss":85}],"is_beta":false,"boss_relics":[{"not_picked":["Calling Bell","SacredBark"],"picked":"Pandora\u0027s Box"}],"items_purged_floors":[5,19],"is_endless":false,"potions_floor_spawned":[2,12,18,20,22],"killed_by":"Centurion and Healer","ascension_level":20}}