{"host":"Squid","time":1609895488,"event":{"mods":["BaseMod","Minty Spire (QoL Compilation)","StSLib","The Marked"],"gold_per_floor":[117,5,20,33,33,59,76,103,103,103,121,46,56,56,56,155,155,174,273,284,295,313,313,328,344,370,370,370,396,411,411,411,513,513,523,536,552,552,571,603,615,646,673,139,156,173,173,188,188,188,188,188,15,45,45,45],"floor_reached":55,"playtime":3733,"items_purged":["theMarked:Strike","theMarked:Strike","Parasite"],"score":842,"play_id":"042bb73e-f3e9-45cd-8ce5-b1f1aea50452","local_time":"20210105201128","is_ascension_mode":false,"campfire_choices":[{"data":"theMarked:GodGivenPower","floor":10,"key":"SMITH"},{"data":"theMarked:AttractMetal","floor":15,"key":"SMITH"},{"data":"theMarked:TurnInvisible","floor":23,"key":"SMITH"},{"data":"theMarked:Polarize","floor":27,"key":"SMITH"},{"data":"theMarked:Static","floor":32,"key":"SMITH"},{"floor":47,"key":"RECALL"},{"data":"theMarked:MaelstromOfLightning","floor":49,"key":"SMITH"},{"data":"theMarked:Electrify","floor":52,"key":"SMITH"}],"circlet_count":0,"master_deck":["theMarked:Strike","theMarked:Strike","theMarked:Defend","theMarked:Defend","theMarked:Defend","theMarked:Defend","theMarked:SoldierOfQuellstein+1","theMarked:CreepingChasm","theMarked:GodGivenPower+1","theMarked:AttractMetal+1","theMarked:EnhanceMovement","theMarked:Electrify+1","theMarked:Static+1","theMarked:Polarize+1","theMarked:TurnInvisible+1","theMarked:RepellingDischarge","theMarked:RepellingDischarge+1","theMarked:Reabsorb+1","theMarked:Convert+1","theMarked:TurnInvisible","theMarked:Challenge","theMarked:MaelstromOfLightning+1"],"relics":["theMarked:ArtifactOfAir","Turnip","Meat on the Bone","Vajra","Art of War","SlaversCollar","Potion Belt","MutagenicStrength","Letter Opener","Philosopher\u0027s Stone","theMarked:NailFile","Akabeko","Medical Kit","Pocketwatch"],"acts_visited":["Exordium","TheCity","TheBeyond","TheEnding"],"potions_floor_usage":[6,8,11,29,29,37,39,42,46,50,54,55],"damage_taken":[{"damage":3,"enemies":"Jaw Worm","floor":1,"turns":4},{"damage":0,"enemies":"Cultist","floor":3,"turns":3},{"damage":0,"enemies":"2 Louse","floor":4,"turns":2},{"damage":19,"enemies":"Gremlin Nob","floor":6,"turns":4},{"damage":2,"enemies":"Looter","floor":7,"turns":3},{"damage":24,"enemies":"Lagavulin","floor":8,"turns":6},{"damage":10,"enemies":"Exordium Wildlife","floor":11,"turns":4},{"damage":3,"enemies":"3 Louse","floor":13,"turns":2},{"damage":27,"enemies":"The Guardian","floor":16,"turns":9},{"damage":23,"enemies":"3 Byrds","floor":18,"turns":5},{"damage":0,"enemies":"Spheric Guardian","floor":20,"turns":2},{"damage":12,"enemies":"3 Cultists","floor":21,"turns":5},{"damage":14,"enemies":"Snecko","floor":22,"turns":5},{"damage":0,"enemies":"Centurion and Healer","floor":24,"turns":5},{"damage":11,"enemies":"Cultist and Chosen","floor":25,"turns":8},{"damage":0,"enemies":"Gremlin Leader","floor":29,"turns":8},{"damage":3,"enemies":"Shelled Parasite and Fungi","floor":30,"turns":4},{"damage":0,"enemies":"Automaton","floor":33,"turns":6},{"damage":2,"enemies":"Orb Walker","floor":35,"turns":3},{"damage":1,"enemies":"3 Shapes","floor":36,"turns":4},{"damage":20,"enemies":"Sphere and 2 Shapes","floor":37,"turns":3},{"damage":23,"enemies":"Spire Growth","floor":39,"turns":5},{"damage":0,"enemies":"Giant Head","floor":40,"turns":4},{"damage":3,"enemies":"Jaw Worm Horde","floor":41,"turns":2},{"damage":18,"enemies":"Nemesis","floor":42,"turns":5},{"damage":0,"enemies":"Sphere and 2 Shapes","floor":45,"turns":4},{"damage":6,"enemies":"Writhing Mass","floor":46,"turns":5},{"damage":19,"enemies":"Jaw Worm Horde","floor":48,"turns":4},{"damage":9,"enemies":"Awakened One","floor":50,"turns":6},{"damage":25,"enemies":"Shield and Spear","floor":54,"turns":6},{"damage":62,"enemies":"The Heart","floor":55,"turns":3}],"seed_played":"7313348022606472352","potions_obtained":[{"floor":1,"key":"DistilledChaos"},{"floor":7,"key":"Block Potion"},{"floor":8,"key":"Block Potion"},{"floor":11,"key":"SkillPotion"},{"floor":13,"key":"GamblersBrew"},{"floor":20,"key":"Fire Potion"},{"floor":24,"key":"Swift Potion"},{"floor":30,"key":"Block Potion"},{"floor":36,"key":"Fire Potion"},{"floor":37,"key":"SkillPotion"},{"floor":39,"key":"EssenceOfSteel"},{"floor":41,"key":"Strength Potion"}],"is_trial":false,"path_per_floor":["M","$","M","M","?","E","M","E","T","R","M","$","M","?","R","B",null,"M","?","M","M","M","R","M","M","T","R","?","E","M","?","R","B",null,"M","M","M","?","M","E","M","E","T","$","M","M","R","M","R","B",null,"R","$","E","B"],"character_chosen":"THE_DEFAULT","items_purchased":["theMarked:GodGivenPower","theMarked:AttractMetal","theMarked:TurnInvisible","theMarked:Challenge","Medical Kit","SkillPotion"],"campfire_rested":0,"item_purchase_floors":[2,2,44,44,44,53],"current_hp_per_floor":[46,46,46,46,46,27,37,25,25,25,27,27,36,36,36,21,70,47,47,47,47,45,45,45,46,46,46,46,46,43,43,43,43,70,68,67,47,47,36,36,45,39,39,39,39,45,45,38,38,41,70,70,67,42,0,0],"gold":45,"neow_bonus":"ONE_RARE_RELIC","is_daily":false,"chose_seed":false,"campfire_upgraded":7,"win_rate":0.0,"timestamp":1609895488,"path_taken":["M","$","M","M","?","E","?","E","T","R","M","$","M","?","R","BOSS","M","?","M","M","M","R","M","M","T","R","?","E","M","?","R","BOSS","M","M","M","?","?","E","M","E","T","$","M","M","R","M","R","BOSS","R","$","E","BOSS"],"items_purchased_type":["Card","Card","Card","Card","Relic","Potion"],"build_version":"2020-12-18","purchased_purges":3,"victory":false,"max_hp_per_floor":[70,70,70,70,70,70,70,70,70,70,70,70,70,70,70,70,70,70,70,70,70,70,70,70,70,70,70,70,70,70,70,70,70,70,70,70,70,70,70,70,70,70,70,70,70,70,70,70,70,70,70,70,67,67,67,67],"card_choices":[{"not_picked":["theMarked:GodGivenPower","theMarked:ResourceFulStrike"],"picked":"theMarked:CreepingChasm","floor":1},{"not_picked":["theMarked:EmpowerWeapon","theMarked:RepellingDischarge"],"picked":"theMarked:EnhanceMovement","floor":3},{"not_picked":["theMarked:Opportunist","theMarked:HeritageOfTheMarked"],"picked":"theMarked:Electrify","floor":4},{"not_picked":["theMarked:KeepCalmAndFightOn","theMarked:ParalyzingBlade","theMarked:EmpowerWeapon"],"picked":"SKIP","floor":6},{"not_picked":["theMarked:Frustration","theMarked:SwordAndMagic","theMarked:HeritageOfTheMarked"],"picked":"SKIP","floor":7},{"not_picked":["theMarked:ElectricStrings","theMarked:RepellingDischarge","theMarked:HeritageOfTheMarked"],"picked":"SKIP","floor":8},{"not_picked":["theMarked:RogueSparks","theMarked:GodGivenPower"],"picked":"theMarked:Static","floor":11},{"not_picked":["theMarked:Aftermath","theMarked:EmpowerWeapon"],"picked":"theMarked:Polarize","floor":13},{"not_picked":["theMarked:Vacuum","theMarked:TakeOffHeels"],"picked":"theMarked:TurnInvisible","floor":16},{"not_picked":["theMarked:KeepCalmAndFightOn","theMarked:EmpowerWeapon+1","theMarked:Static"],"picked":"SKIP","floor":18},{"not_picked":["theMarked:WastefulDefense","theMarked:WastefulAttack","theMarked:Improvise"],"picked":"SKIP","floor":20},{"not_picked":["theMarked:TunnelVision","theMarked:Parkour","theMarked:Indomitable"],"picked":"SKIP","floor":21},{"not_picked":["theMarked:TunnelVision","theMarked:BanishingWave+1"],"picked":"theMarked:RepellingDischarge","floor":22},{"not_picked":["theMarked:CreepingChasm","theMarked:SelfDefenseTraining"],"picked":"theMarked:RepellingDischarge+1","floor":24},{"not_picked":["theMarked:WastefulDefense","theMarked:TwofoldDefense","theMarked:Parkour"],"picked":"SKIP","floor":25},{"not_picked":["theMarked:HeightenedSenses","theMarked:BanishingStrike","theMarked:Generate"],"picked":"SKIP","floor":29},{"not_picked":["theMarked:ChannelForce","theMarked:TwofoldDefense"],"picked":"theMarked:Reabsorb+1","floor":30},{"not_picked":["theMarked:Opportunist+1","theMarked:TwofoldDefense","theMarked:ResourceFulStrike+1"],"picked":"SKIP","floor":35},{"not_picked":["theMarked:SwordAndMagic","theMarked:Static+1","theMarked:DeterminationOfTheMarked"],"picked":"SKIP","floor":36},{"not_picked":["theMarked:MysticalArsenal","theMarked:ShockingTouch","theMarked:Electrocute"],"picked":"SKIP","floor":37},{"not_picked":["theMarked:EmpowerWeapon+1","theMarked:ShockingTouch+1"],"picked":"theMarked:Convert+1","floor":39},{"not_picked":["theMarked:Frustration","theMarked:ResourceFulStrike","theMarked:Aftermath"],"picked":"SKIP","floor":40},{"not_picked":["theMarked:RogueSparks+1","theMarked:Parkour+1","theMarked:TunnelVision+1"],"picked":"SKIP","floor":41},{"not_picked":["theMarked:ElectricStrings","theMarked:HeightenedSenses","theMarked:Overcharge+1"],"picked":"SKIP","floor":42},{"not_picked":["theMarked:BanishingStrike+1","theMarked:MysticalArsenal+1"],"picked":"theMarked:MaelstromOfLightning","floor":45},{"not_picked":["theMarked:BanishingStrike+1","theMarked:Challenge","theMarked:TwofoldDefense+1"],"picked":"SKIP","floor":46},{"not_picked":["theMarked:WardOff+1","theMarked:TwofoldDefense+1","theMarked:SwordAndMagic+1"],"picked":"SKIP","floor":48},{"not_picked":["theMarked:BanishingStrike+1","theMarked:EternalStudent","theMarked:Snap"],"picked":"SKIP","floor":54}],"player_experience":845567,"relics_obtained":[{"floor":6,"key":"Meat on the Bone"},{"floor":8,"key":"Vajra"},{"floor":9,"key":"Art of War"},{"floor":26,"key":"Potion Belt"},{"floor":29,"key":"Letter Opener"},{"floor":40,"key":"theMarked:NailFile"},{"floor":42,"key":"Akabeko"},{"floor":54,"key":"Pocketwatch"}],"event_choices":[{"cards_removed":["theMarked:Strike"],"damage_healed":0,"gold_gain":0,"player_choice":"Purged","damage_taken":0,"max_hp_gain":0,"max_hp_loss":0,"event_name":"Purifier","floor":5,"gold_loss":0},{"damage_healed":0,"gold_gain":0,"player_choice":"Grow","damage_taken":0,"max_hp_gain":0,"max_hp_loss":0,"event_name":"Living Wall","floor":14,"gold_loss":0,"cards_upgraded":["theMarked:SoldierOfQuellstein"]},{"damage_healed":0,"gold_gain":99,"player_choice":"Stole From Cult","damage_taken":0,"max_hp_gain":0,"max_hp_loss":0,"event_name":"Nest","floor":19,"gold_loss":0},{"damage_healed":0,"gold_gain":0,"player_choice":"Inject Mutagens","damage_taken":0,"relics_obtained":["MutagenicStrength"],"max_hp_gain":0,"max_hp_loss":0,"event_name":"Drug Dealer","floor":28,"gold_loss":0},{"damage_healed":0,"gold_gain":0,"player_choice":"Ignored","damage_taken":0,"max_hp_gain":0,"max_hp_loss":0,"event_name":"Vampires","floor":31,"gold_loss":0},{"damage_healed":0,"gold_gain":0,"player_choice":"Ignored","damage_taken":0,"max_hp_gain":0,"max_hp_loss":0,"event_name":"SecretPortal","floor":38,"gold_loss":0}],"is_beta":true,"boss_relics":[{"not_picked":["Snecko Eye","Pandora\u0027s Box"],"picked":"SlaversCollar"},{"not_picked":["Fusion Hammer","Sozu"],"picked":"Philosopher\u0027s Stone"}],"items_purged_floors":[12,44,53],"is_endless":false,"potions_floor_spawned":[1,7,8,11,13,20,24,25,30,36,37,39,41],"killed_by":"The Heart","ascension_level":0}}