{"host":"erulnpr9qdnrfj6h","time":1609918450,"event":{"mods":["AchievementEnabler","BaseMod","Colored Map","Minty Spire (QoL Compilation)","Rare Cards Sparkle","SuperFastMode"],"gold_per_floor":[118,198,273,291,291,391,402,402,402,432,415,415,415],"floor_reached":12,"playtime":341,"items_purged":[],"score":129,"play_id":"4dca163c-e221-4362-ba4b-1264a554c35f","local_time":"20210106163410","is_ascension_mode":true,"campfire_choices":[{"data":"Accuracy","floor":8.0,"key":"SMITH"}],"circlet_count":0,"master_deck":["AscendersBane","Strike_G","Strike_G","Strike_G","Strike_G","Strike_G","Defend_G","Defend_G","Defend_G","Defend_G","Defend_G","Survivor","Neutralize","Accuracy+1","Backflip","Regret","Tactician","Infinite Blades","Noxious Fumes"],"relics":["Ring of the Snake","NeowsBlessing","Oddly Smooth Stone","Matryoshka","Pear"],"acts_visited":["Exordium"],"potions_floor_usage":[10,11],"damage_taken":[{"damage":0.0,"enemies":"Cultist","floor":1.0,"turns":1.0},{"damage":0.0,"enemies":"2 Louse","floor":4.0,"turns":1.0},{"damage":0.0,"enemies":"Small Slimes","floor":7.0,"turns":1.0},{"damage":43,"enemies":"3 Sentries","floor":10,"turns":15},{"damage":4,"enemies":"Exordium Thugs","floor":11,"turns":5},{"damage":4,"enemies":"Gremlin Nob","floor":12,"turns":3}],"seed_played":"-1551435229772376663","potions_obtained":[{"floor":1.0,"key":"EssenceOfSteel"},{"floor":10,"key":"Weak Potion"}],"is_trial":false,"path_per_floor":["M","T","?","M","?","?","M","R","T","E","M","E"],"character_chosen":"THE_SILENT","items_purchased":[],"campfire_rested":0,"item_purchase_floors":[],"current_hp_per_floor":[63,63,52,52,52,52,52,52,52,19,15,11,11],"gold":415,"neow_bonus":"THREE_ENEMY_KILL","is_daily":false,"chose_seed":false,"campfire_upgraded":1,"win_rate":0.0,"timestamp":1609918450,"path_taken":["M","?","?","M","?","?","M","R","T","E","?","E"],"items_purchased_type":[],"build_version":"2020-12-22","purchased_purges":0,"victory":false,"max_hp_per_floor":[70,70,70,70,70,70,70,70,70,80,80,80,80],"card_choices":[{"not_picked":["Reflex","Outmaneuver"],"picked":"Accuracy","floor":1.0},{"not_picked":["Bouncing Flask","Predator"],"picked":"Backflip","floor":4.0},{"not_picked":["Reflex","Flying Knee"],"picked":"Tactician","floor":7.0},{"not_picked":["Concentrate","Dagger Spray"],"picked":"Infinite Blades","floor":10},{"not_picked":["Escape Plan","Dodge and Roll"],"picked":"Noxious Fumes","floor":11}],"player_experience":192917,"relics_obtained":[{"floor":9.0,"key":"Matryoshka"},{"floor":10,"key":"Pear"}],"event_choices":[{"damage_healed":0.0,"max_hp_gain":0.0,"max_hp_loss":0.0,"gold_gain":75.0,"event_name":"World of Goop","player_choice":"Gather Gold","floor":3.0,"gold_loss":0.0,"damage_taken":11.0},{"damage_healed":0.0,"max_hp_gain":0.0,"max_hp_loss":0.0,"gold_gain":0.0,"event_name":"Big Fish","player_choice":"Box","floor":5.0,"gold_loss":0.0,"damage_taken":0.0,"relics_obtained":["Oddly Smooth Stone"],"cards_obtained":["Regret"]},{"damage_healed":0.0,"max_hp_gain":0.0,"max_hp_loss":0.0,"gold_gain":100.0,"event_name":"Golden Shrine","player_choice":"Pray","floor":6.0,"gold_loss":0.0,"damage_taken":0.0}],"is_beta":false,"boss_relics":[],"items_purged_floors":[],"is_endless":false,"potions_floor_spawned":[1,10],"killed_by":"Gremlin Nob","ascension_level":13}}