{"host":"urvvf8749ekcxo1a","time":1609925596,"event":{"mods":["BaseMod","Better Match","Better Sensory Stone","BetterRewards","Evolution","Gold Saver","Minty Spire (QoL Compilation)","Shop Mod","StSLib","The Necromancer"],"gold_per_floor":[553,569,569,644,340,340,340,340,340,340,350,350,350,300,300,403,403,417,417,435,435,447,447,481,328,328,328,357,375,294,312,312,312,312],"floor_reached":33,"playtime":1363,"items_purged":["Strike_P"],"score":271,"play_id":"712e9ebd-5c76-47c9-9113-a2d22809b316","local_time":"20210106043316","is_ascension_mode":false,"campfire_choices":[{"data":"LessonLearned","floor":6,"key":"SMITH"},{"data":"FlyingSleeves","floor":8,"key":"SMITH"},{"data":"Dramatic Entrance","floor":10,"key":"SMITH"},{"data":"Prostrate","floor":13,"key":"SMITH"},{"data":"Mind Blast","floor":15,"key":"SMITH"},{"floor":23,"key":"REST"},{"data":"WindmillStrike","floor":27,"key":"SMITH"},{"floor":32,"key":"REST"}],"circlet_count":0,"master_deck":["Strike_P+1","Strike_P+1","Defend_P+1","Defend_P+1","Defend_P+1","Defend_P+1","Eruption+1","Vigilance+1","FlyingSleeves+1","Adaptation+1","LessonLearned+1","Dramatic Entrance+1","Prostrate+1","Mind Blast+1","Establishment+1","FlurryOfBlows+1","Crescendo","Scrawl","WindmillStrike+1","FlyingSleeves","ReachHeaven+1","FlurryOfBlows+1","Flash of Steel+1","Tantrum+1"],"relics":["HolyWater","EVO:Axolotl","Pantograph","PreservedInsect","TeardropLocket","Question Card","Molten Egg 2"],"acts_visited":["Exordium","TheCity"],"potions_floor_usage":[22,22,31,33],"damage_taken":[{"damage":0,"enemies":"Cultist","floor":1,"turns":3},{"damage":2,"enemies":"Small Slimes","floor":2,"turns":3},{"damage":0,"enemies":"Jaw Worm","floor":11,"turns":1},{"damage":15,"enemies":"Slime Boss","floor":16,"turns":7},{"damage":19,"enemies":"Shell Parasite","floor":18,"turns":9},{"damage":0,"enemies":"3 Byrds","floor":20,"turns":5},{"damage":0,"enemies":"Snecko","floor":22,"turns":3},{"damage":1,"enemies":"Book of Stabbing","floor":24,"turns":4},{"damage":15,"enemies":"Slavers","floor":28,"turns":2},{"damage":20,"enemies":"Centurion and Healer","floor":29,"turns":2},{"damage":4,"enemies":"Shelled Parasite and Fungi","floor":31,"turns":3},{"damage":127,"enemies":"Collector","floor":33,"turns":11}],"seed_played":"6705180322690954774","potions_obtained":[{"floor":11,"key":"Fire Potion"},{"floor":18,"key":"Ancient Potion"},{"floor":20,"key":"Ambrosia"},{"floor":24,"key":"Block Potion"},{"floor":29,"key":"SpeedPotion"}],"is_trial":false,"path_per_floor":["M","M","?","?","$","R","T","R","T","R","M","?","R","?","R","B",null,"M","?","M","?","M","R","E","$","T","R","E","M","$","M","R","B"],"character_chosen":"WATCHER","items_purchased":["LessonLearned","Dramatic Entrance","FlyingSleeves","FairyPotion","Flash of Steel+1"],"campfire_rested":2,"item_purchase_floors":[5,5,25,25,30],"current_hp_per_floor":[72,70,70,59,59,59,59,59,59,59,59,59,59,59,59,57,72,53,40,40,40,40,63,62,62,62,62,47,27,27,23,46,0,0],"gold":312,"neow_bonus":"UPGRADE_CARD","is_daily":false,"chose_seed":false,"campfire_upgraded":6,"win_rate":0.0,"timestamp":1609925596,"path_taken":["M","M","?","?","?","R","?","R","T","R","M","?","R","?","R","BOSS","M","?","M","?","M","R","E","$","T","R","E","?","?","M","R","BOSS"],"items_purchased_type":["Card","Card","Card","Potion","Card"],"build_version":"2020-12-22","purchased_purges":1,"victory":false,"max_hp_per_floor":[72,72,72,72,72,72,72,72,72,72,72,72,72,72,72,72,72,72,77,77,77,77,77,77,77,77,77,77,77,77,77,77,77,77],"card_choices":[{"not_picked":["ClearTheMind","Crescendo"],"picked":"FlyingSleeves","floor":1},{"not_picked":["FollowUp","Swivel"],"picked":"Adaptation","floor":2},{"not_picked":["Swivel","DeceiveReality"],"picked":"Prostrate","floor":11},{"not_picked":["Thinking Ahead","Dark Shackles"],"picked":"Mind Blast","floor":12},{"not_picked":["Scrawl","Wish"],"picked":"Establishment","floor":16},{"not_picked":["PathToVictory","Halt"],"picked":"FlurryOfBlows","floor":18},{"not_picked":["Halt","ThirdEye+1"],"picked":"Crescendo","floor":20},{"not_picked":["BowlingBash","CrushJoints+1"],"picked":"Scrawl","floor":22},{"not_picked":["Adaptation","SashWhip+1"],"picked":"WindmillStrike","floor":24},{"not_picked":["FlyingSleeves+1","SashWhip+1","Pray"],"picked":"ReachHeaven+1","floor":28},{"not_picked":["Protect","BowlingBash+1","ThirdEye"],"picked":"FlurryOfBlows+1","floor":29},{"not_picked":["WheelKick+1","Evaluate+1","Collect"],"picked":"Tantrum+1","floor":31}],"player_experience":107246,"relics_obtained":[{"floor":7,"key":"Pantograph"},{"floor":9,"key":"PreservedInsect"},{"floor":24,"key":"TeardropLocket"},{"floor":26,"key":"Question Card"},{"floor":28,"key":"Molten Egg 2"}],"event_choices":[{"damage_healed":0,"gold_gain":0,"player_choice":"Grow","damage_taken":0,"max_hp_gain":0,"max_hp_loss":0,"event_name":"Living Wall","floor":3,"gold_loss":0,"cards_upgraded":["Adaptation"]},{"damage_healed":0,"gold_gain":75,"player_choice":"Gather Gold","damage_taken":11,"max_hp_gain":0,"max_hp_loss":0,"event_name":"World of Goop","floor":4,"gold_loss":0},{"damage_healed":0,"gold_gain":1,"player_choice":"1","damage_taken":0,"max_hp_gain":0,"max_hp_loss":0,"event_name":"betterStone:BetterStone","floor":12,"gold_loss":0},{"cards_removed":["Strike_P"],"damage_healed":0,"gold_gain":0,"player_choice":"Card Removal","damage_taken":0,"max_hp_gain":0,"max_hp_loss":0,"event_name":"The Cleric","floor":14,"gold_loss":50},{"damage_healed":0,"gold_gain":0,"player_choice":"Shed Blood","damage_taken":18,"max_hp_gain":5,"max_hp_loss":0,"event_name":"Forgotten Altar","floor":19,"gold_loss":0},{"damage_healed":0,"gold_gain":0,"player_choice":"Upgraded","damage_taken":0,"max_hp_gain":0,"max_hp_loss":0,"event_name":"Upgrade Shrine","floor":21,"gold_loss":0,"cards_upgraded":["FlurryOfBlows"]}],"is_beta":false,"boss_relics":[{"not_picked":["Busted Crown","Empty Cage"],"picked":"HolyWater"}],"items_purged_floors":[5],"is_endless":false,"potions_floor_spawned":[11,18,20,24,29],"killed_by":"Collector","ascension_level":0}}