{"host":"79xc9gyszz0y96gi","time":1609948900,"event":{"mods":["BaseMod","Better Altar","Better Match","Better Sensory Stone","Better Skull","Better Third Choice","Better Vampires","BetterRewards","Block Reminder","Colored Powertips","Displayed Cursed Tome","Dota2Spire","Downfall","Energized Spire","GifTheSpireLib","Googly Eyes","Infinite Spire","Minty Spire (QoL Compilation)","Quick Restart","Rare Cards Sparkle","Replay The Spire","Retaliation","Shop Mod","StSLib","Stuff the Spire"],"gold_per_floor":[114,187,187,201,225,225,260,260,260,272,272,285,358,358,358,463,463,481,495,495,495,9,29,29,29,29,29,41,41,61,86,86,182,182,210,242,242,42,42,80,80,80,103,140,140,167,167,188,188,188],"floor_reached":51,"playtime":1287,"items_purged":["Doubt"],"score":746,"play_id":"9d9b4113-7fae-4e62-95ab-96f4ca0215a0","local_time":"20210106110140","is_ascension_mode":false,"campfire_choices":[{"data":"1","floor":6.0,"key":"LIFT"},{"data":"2","floor":8.0,"key":"LIFT"},{"data":"3","floor":11.0,"key":"LIFT"},{"floor":15.0,"key":"REST"},{"data":"StuffTheSpire:Brawn","floor":29,"key":"SMITH"},{"data":"Replay:SS_forest_2","floor":32,"key":"SMITH"},{"data":"Demon Form","floor":42,"key":"SMITH"},{"data":"Limit Break","floor":45,"key":"SMITH"},{"data":"Pot Of Greed","floor":47,"key":"SMITH"},{"data":"Exhume","floor":49,"key":"SMITH"}],"circlet_count":0,"master_deck":["Strike_R","Strike_R","Strike_R","Strike_R","Defend_R","Defend_R","Defend_R+1","Defend_R","Bash+1","expansioncontent:GuardianWhirl","Clothesline","Flex","DDmod:SpikeMailSkill+1","Power Through","Reaper","sneckomod:Unknown","Limit Break+1","Replay:SS_fish_1+1","infinitespire:FinalStrike","Sword Boomerang+1","DDmod:UnstoppableAttack+1","infinitespire:Starlight","Replay:SS_forest_2+1","Life Link","StuffTheSpire:Brawn+1","Exhume+1","Demon Form+1","Pot Of Greed+1","Pot Of Greed","Pot Of Greed","DDmod:RapidStrikeAttack+1"],"relics":["Burning Blood","Girya","Pocketwatch","infinitespire:Broken Mirror","hexamod:BolsterEngine","ReplayFunnel","Letter Opener","Divine Protection","StuffTheSpire:DarkSteelAnvil","ReplayTheSpireMod:SealedPack","Replay:Ringing Soul","Replay:WaspNest","StuffTheSpire:Saxophone","StuffTheSpire:Gunfinga","Dota2Spire:EchoSabre","infinitespire:EvilPickle","Busted Crown","BargainBundle","Grinning Jar","StuffTheSpire:HeavyRock","Dota2Spire:ArcaneBoots"],"acts_visited":["Exordium","TheCity","TheBeyond"],"potions_floor_usage":[33,33,38,50,50,50],"damage_taken":[{"damage":6.0,"enemies":"Jaw Worm","floor":1.0,"turns":3.0},{"damage":4.0,"enemies":"Cultist","floor":4.0,"turns":3.0},{"damage":29.0,"enemies":"Gremlin Nob","floor":7.0,"turns":5.0},{"damage":0.0,"enemies":"Small Slimes","floor":10.0,"turns":3.0},{"damage":8.0,"enemies":"Exordium Thugs","floor":12.0,"turns":2.0},{"damage":15.0,"enemies":"The Guardian","floor":16.0,"turns":10.0},{"damage":12.0,"enemies":"Shell Parasite","floor":18.0,"turns":5.0},{"damage":2.0,"enemies":"Chosen","floor":19.0,"turns":3.0},{"damage":14.0,"enemies":"Shelled Parasite and Fungi","floor":23.0,"turns":5.0},{"damage":0,"enemies":"Chosen and Byrds","floor":28,"turns":3},{"damage":0,"enemies":"Sentry and Sphere","floor":30,"turns":2},{"damage":14,"enemies":"Book of Stabbing","floor":31,"turns":3},{"damage":31,"enemies":"Pondfish","floor":33,"turns":5},{"damage":12,"enemies":"3 Darklings","floor":35,"turns":3},{"damage":1,"enemies":"3 Shapes","floor":36,"turns":2},{"damage":32,"enemies":"R_Hoarder","floor":40,"turns":7},{"damage":19,"enemies":"Nemesis","floor":44,"turns":3},{"damage":6,"enemies":"Jaw Worm Horde","floor":46,"turns":2},{"damage":0,"enemies":"3 Darklings","floor":48,"turns":3},{"damage":30,"enemies":"Time Eater","floor":50,"turns":6}],"seed_played":"-4091878106108597034","potions_obtained":[{"floor":7.0,"key":"Dota2Spire:HealingSalve"},{"floor":10.0,"key":"ColorlessPotion"},{"floor":16.0,"key":"Venom Potion"},{"floor":23.0,"key":"LiquidMemories"},{"floor":28,"key":"ColorlessPotion"},{"floor":33,"key":"Energy Potion"},{"floor":44,"key":"AttackPotion"},{"floor":48,"key":"Milkshake"}],"is_trial":false,"path_per_floor":["M","?","?","M","T","R","E","R","T","M","R","M","T","?","R","B",null,"M","M","?","AVR","$","M","?","$","T","?","M","R","M","E","R","B",null,"M","M","?","$","?","E","$","R","T","E","R","M","R","M","R","B",null],"character_chosen":"IRONCLAD","items_purchased":["Girya","expansioncontent:GuardianWhirl","infinitespire:Broken Mirror","Replay:WaspNest","StuffTheSpire:Saxophone","Replay:SS_forest_2","BargainBundle","Fruit Juice","PowerPotion","champ:CounterPotion"],"campfire_rested":1,"item_purchase_floors":[0,0,0,22,22,22,38,38,38,38],"current_hp_per_floor":[44,44,44,46,46,46,23,23,23,29,29,30,30,7,31,22,80,74,78,13,16,19,42,42,42,42,45,51,51,60,71,71,70,95,95,95,90,95,79,101,101,101,101,88,88,101,101,101,101,92],"gold":188,"neow_bonus":"","is_daily":false,"chose_seed":false,"campfire_upgraded":6,"win_rate":0.0,"timestamp":1609948900,"path_taken":["M","?","?","?","?","R","E","R","T","M","R","M","?","?","R","BOSS","M","M","?","AVR","?","M","?","$","T","?","M","R","M","E","R","BOSS","M","M","?","$","?","E","?","R","T","E","R","M","R","M","R","BOSS"],"items_purchased_type":["Relic","Card","Relic","Relic","Relic","Card","Relic","Potion","Potion","Potion"],"build_version":"2020-12-22","purchased_purges":1,"victory":true,"max_hp_per_floor":[80,80,80,80,80,80,80,80,80,80,80,80,80,80,80,80,80,80,80,80,83,86,89,89,89,89,92,92,92,95,95,95,95,95,95,95,90,95,98,101,101,101,101,101,101,101,101,101,101,101],"card_choices":[{"not_picked":["Thunderclap","Dual Wield"],"picked":"Clothesline","floor":1.0},{"not_picked":["Clash","Replay:Undeath\u0027s Touch","StuffTheSpire:RockThrow"],"picked":"SKIP","floor":4.0},{"not_picked":["DDmod:AllInSkill","DDmod:RapidStrikeAttack"],"picked":"Flex","floor":7.0},{"not_picked":["Rupture","Havoc"],"picked":"DDmod:SpikeMailSkill","floor":10.0},{"not_picked":["DDmod:PokeAttack","True Grit"],"picked":"Power Through","floor":12.0},{"not_picked":["DDmod:GrandUltimatumAttack","Double Tap"],"picked":"Reaper","floor":16.0},{"not_picked":["Zap","Eruption"],"picked":"sneckomod:Unknown","floor":17.0},{"not_picked":["DDmod:RechargeSkill","Eclipse"],"picked":"Limit Break","floor":17.0},{"not_picked":["Survey Options","expansioncontent:Hexaburn"],"picked":"Replay:SS_fish_1","floor":17.0},{"not_picked":["ReplayTheSpireMod:Chaos Vortex","ReplayTheSpireMod:Haul"],"picked":"infinitespire:FinalStrike","floor":17.0},{"not_picked":["DDmod:CallousedSkill+1","Havoc"],"picked":"Sword Boomerang+1","floor":18.0},{"not_picked":["True Grit+1","Dark Embrace"],"picked":"DDmod:UnstoppableAttack+1","floor":19.0},{"not_picked":["Double Tap","Reckless Charge"],"picked":"Life Link","floor":23.0},{"not_picked":["StuffTheSpire:Vigor","StuffTheSpire:Harmony"],"picked":"StuffTheSpire:Brawn","floor":27.0},{"not_picked":["DDmod:EasePowerCard","Twin Strike+1","Headbutt"],"picked":"SKIP","floor":28},{"not_picked":["Abandon","Replay:Undeath\u0027s Touch"],"picked":"Exhume","floor":30},{"not_picked":["DDmod:EasePowerCard","Life Link","DDmod:CallousedSkill"],"picked":"SKIP","floor":31},{"not_picked":["Armaments"],"picked":"SKIP","floor":35},{"not_picked":["Warcry+1"],"picked":"SKIP","floor":36},{"not_picked":[],"picked":"DDmod:RapidStrikeAttack+1","floor":40},{"not_picked":["Massacre+1"],"picked":"SKIP","floor":44},{"not_picked":["Fire Breathing"],"picked":"SKIP","floor":46},{"not_picked":["Thunderclap+1"],"picked":"SKIP","floor":48}],"player_experience":526885,"relics_obtained":[{"floor":5.0,"key":"hexamod:BolsterEngine"},{"floor":7.0,"key":"ReplayFunnel"},{"floor":9.0,"key":"Letter Opener"},{"floor":13.0,"key":"Divine Protection"},{"floor":26.0,"key":"StuffTheSpire:Gunfinga"},{"floor":31,"key":"Dota2Spire:EchoSabre"},{"floor":40,"key":"Grinning Jar"},{"floor":43,"key":"StuffTheSpire:HeavyRock"},{"floor":44,"key":"Dota2Spire:ArcaneBoots"}],"event_choices":[{"damage_healed":0.0,"max_hp_gain":0.0,"max_hp_loss":0.0,"gold_gain":73.0,"event_name":"Golden Wing","player_choice":"Gained Gold","floor":2.0,"gold_loss":0.0,"damage_taken":0.0},{"cards_removed":["Strike_R"],"damage_healed":0.0,"max_hp_gain":0.0,"max_hp_loss":0.0,"gold_gain":0.0,"event_name":"Wheel of Change","player_choice":"Card Removal","floor":3.0,"gold_loss":0.0,"damage_taken":0.0},{"damage_healed":0.0,"max_hp_gain":0.0,"max_hp_loss":0.0,"gold_gain":1.0,"event_name":"betterThird:BetterScrap","player_choice":"Relic Relic ","floor":14.0,"gold_loss":0.0,"damage_taken":23.0,"cards_obtained":["Melter"]},{"damage_healed":0.0,"max_hp_gain":0.0,"max_hp_loss":0.0,"gold_gain":0.0,"event_name":"betterSkull:BetterSkull","player_choice":"UP UP UP UP ","floor":20.0,"gold_loss":0.0,"damage_taken":73.0,"cards_upgraded":["Bash","Replay:SS_fish_1","Defend_R","DDmod:SpikeMailSkill"],"relics_obtained":[]},{"damage_healed":0,"gold_gain":0,"player_choice":"Max HP","damage_taken":0,"max_hp_gain":0,"max_hp_loss":5,"event_name":"Winding Halls","floor":37,"gold_loss":0},{"damage_healed":0,"gold_gain":3,"player_choice":"2","damage_taken":0,"max_hp_gain":0,"max_hp_loss":19,"event_name":"betterStone:BetterStone","floor":39,"gold_loss":0}],"is_beta":false,"boss_relics":[{"not_picked":["Replay:Ancient Bell","Ectoplasm"],"picked":"ReplayTheSpireMod:SealedPack"},{"not_picked":["energizedSpire:NeverEndingSparkler","Replay:Drink Me"],"picked":"Busted Crown"}],"items_purged_floors":[38],"is_endless":false,"potions_floor_spawned":[7,10,16,23,28,31,33,44,48],"ascension_level":0}}