{"host":"jkgg7n5hn1slsm35","time":1609929047,"event":{"mods":["Aspiration","BaseMod","BetterRewards","Conspire","Googly Eyes","Gremlin Skip","Halation","Highlight Path","Hubris","Infinite Spire","Minty Spire (QoL Compilation)","Permanent Neow","StSLib","SuperFastMode","vexMod"],"gold_per_floor":[112,129,54,66,66,66,94,94,143,178,178,189,219,254,254,353,353,353],"floor_reached":17,"playtime":420,"items_purged":["Havoc"],"score":183,"play_id":"80142f7a-7827-4f78-b3b5-1fc83afa0390","local_time":"20210106113047","daily_mods":["SealedDeck","Heirloom","Time Dilation","DeadlyEvents","Elite Swarm","Lethality"],"is_ascension_mode":false,"campfire_choices":[{"data":"Body Slam","floor":6,"key":"SMITH"},{"data":"Juggernaut","floor":8,"key":"SMITH"},{"floor":11,"key":"REST"},{"floor":15,"key":"REST"}],"circlet_count":0,"master_deck":["Cleave","Cleave","Intimidate","Rampage","Cleave","Metallicize","Evolve","Ghostly Armor","Body Slam+1","Flex","Juggernaut+1","Feed","Barricade"],"relics":["Unceasing Top","halation:SwordOfLegend","hubris:Potato","Smiling Mask","Matryoshka","hubris:Reverence","hubris:BundleOfHerbs","vexMod:MysteryBossChallenge","Snecko Eye"],"acts_visited":["Exordium","TheCity"],"potions_floor_usage":[13,16],"damage_taken":[{"damage":0,"enemies":"Small Slimes","floor":1,"turns":2},{"damage":0,"enemies":"Jaw Worm","floor":2,"turns":1},{"damage":0,"enemies":"Cultist","floor":4,"turns":2},{"damage":36,"enemies":"Lagavulin","floor":7,"turns":4},{"damage":20,"enemies":"3 Sentries","floor":10,"turns":3},{"damage":12,"enemies":"2 Fungi Beasts","floor":12,"turns":3},{"damage":20,"enemies":"Lagavulin","floor":13,"turns":5},{"damage":23,"enemies":"Gremlin Nob","floor":14,"turns":4},{"damage":18,"enemies":"Slime Boss","floor":16,"turns":6}],"seed_played":"2516752773197527977","potions_obtained":[{"floor":1,"key":"Regen Potion"},{"floor":2,"key":"Swift Potion"},{"floor":4,"key":"ElixirPotion"},{"floor":14,"key":"SkillPotion"}],"is_trial":true,"path_per_floor":["M","M","$","M","?","R","E","R","T","E","R","M","E","E","R","B",null],"character_chosen":"IRONCLAD","items_purchased":[],"campfire_rested":2,"item_purchase_floors":[],"current_hp_per_floor":[80,80,80,80,80,80,44,47,47,27,54,42,39,19,47,32,89,89],"gold":353,"neow_bonus":"","is_daily":false,"chose_seed":false,"campfire_upgraded":2,"win_rate":0.0,"timestamp":1609929047,"path_taken":["M","M","$","M","?","R","E","R","T","E","R","?","E","?","R","BOSS"],"items_purchased_type":[],"build_version":"2020-12-22","purchased_purges":1,"victory":false,"max_hp_per_floor":[80,80,80,80,80,80,80,80,80,80,80,80,83,86,86,89,89,89],"card_choices":[{"not_picked":["Heavy Blade","Carnage"],"picked":"Flex","floor":1},{"not_picked":["Havoc","Sword Boomerang","Heavy Blade"],"picked":"SKIP","floor":2},{"not_picked":["Perfected Strike","Feel No Pain","Warcry"],"picked":"SKIP","floor":4},{"not_picked":["conspire:HitWhereItHurts","Reaper"],"picked":"Juggernaut","floor":7},{"not_picked":["Exhume","Fiend Fire"],"picked":"Feed","floor":10},{"not_picked":["Anger","Headbutt","Dark Embrace"],"picked":"SKIP","floor":12},{"not_picked":["Brutality","hubris:StunningStrike","Demon Form"],"picked":"SKIP","floor":13},{"not_picked":["Reaper","Berserk"],"picked":"Barricade","floor":14}],"player_experience":1821508,"relics_obtained":[{"floor":7,"key":"hubris:Potato"},{"floor":9,"key":"Smiling Mask"},{"floor":10,"key":"Matryoshka"},{"floor":13,"key":"hubris:Reverence"},{"floor":14,"key":"hubris:BundleOfHerbs"}],"event_choices":[{"damage_healed":0,"gold_gain":0,"player_choice":"Fled","damage_taken":0,"max_hp_gain":0,"max_hp_loss":0,"event_name":"Scrap Ooze","floor":5,"gold_loss":0}],"is_beta":false,"boss_relics":[{"not_picked":["Fusion Hammer","Mark of Pain"],"picked":"vexMod:MysteryBossChallenge"}],"items_purged_floors":[3],"is_endless":false,"potions_floor_spawned":[1,2,4,10,14],"ascension_level":0}}