{"host":"chv1qanoipyt46jc","time":1609976478,"event":{"mods":["2.2 Compatiblity","AchievementEnabler","BaseMod","BetterRewards","CapriCore","Card Filter","Evolution","Gold Saver","Grow up Mod","Minty Spire (QoL Compilation)","Rare Cards Sparkle","Relic Filter","Remove Card Discount Mod","Reorder Act Four","StSLib"],"gold_per_floor":[795,811,830,845,864,864,884,901,925,925,857,888,888,905,905,1003,1003,1015,1015,1027,1045,1062,1062,1062,1062,1062,1062,1062,1093,1106,1119,1119,1223,1223,1242,1261,1274,1288,1300,1335,1335,1374,1374,1374,1389,1401,1411,1463,1463,1463,1463,1463,1463,1493,1493],"floor_reached":56,"playtime":1894,"items_purged":["EmptyBody","CutThroughFate","CutThroughFate","EmptyBody+1","EmptyBody","EmptyBody","Eruption","Vigilance","CutThroughFate","CutThroughFate","Prostrate","Prostrate+1","PathToVictory+1"],"score":1639,"play_id":"98c5f407-d07b-43fb-8a50-24847774b92f","local_time":"20210106174118","is_ascension_mode":false,"campfire_choices":[{"data":"PathToVictory","floor":6,"key":"SMITH"},{"data":"PathToVictory","floor":10,"key":"SMITH"},{"data":"PathToVictory","floor":15,"key":"SMITH"},{"data":"PathToVictory","floor":23,"key":"SMITH"},{"floor":25,"key":"RECALL"},{"floor":32,"key":"REST"},{"data":"PathToVictory","floor":44,"key":"SMITH"}],"circlet_count":0,"master_deck":["PathToVictory+1","PathToVictory+1","PathToVictory+1","PathToVictory+1"],"relics":["PureWater","EVO:Axolotl","Medical Kit","Bronze Scales","Ice Cream","War Paint","Tiny Chest","SlaversCollar","Blood Vial","CloakClasp","CeramicFish","Coffee Dripper","Orichalcum","Darkstone Periapt","Question Card","TungstenRod","Bird Faced Urn"],"acts_visited":["Exordium","TheCity","TheBeyond","TheEnding"],"potions_floor_usage":[55,55,55],"damage_taken":[{"damage":0,"enemies":"Small Slimes","floor":1,"turns":2},{"damage":2,"enemies":"Cultist","floor":2,"turns":3},{"damage":0,"enemies":"Jaw Worm","floor":3,"turns":2},{"damage":0,"enemies":"Looter","floor":4,"turns":2},{"damage":1,"enemies":"Exordium Thugs","floor":5,"turns":3},{"damage":0,"enemies":"3 Louse","floor":7,"turns":2},{"damage":5,"enemies":"Exordium Wildlife","floor":8,"turns":2},{"damage":0,"enemies":"Lagavulin","floor":12,"turns":2},{"damage":0,"enemies":"Blue Slaver","floor":14,"turns":1},{"damage":9,"enemies":"The Guardian","floor":16,"turns":3},{"damage":8,"enemies":"3 Byrds","floor":18,"turns":2},{"damage":0,"enemies":"Spheric Guardian","floor":20,"turns":2},{"damage":21,"enemies":"Snake Plant","floor":21,"turns":2},{"damage":0,"enemies":"Snecko","floor":22,"turns":2},{"damage":26,"enemies":"Slavers","floor":29,"turns":2},{"damage":9,"enemies":"Cultist and Chosen","floor":30,"turns":2},{"damage":9,"enemies":"Chosen and Byrds","floor":31,"turns":2},{"damage":39,"enemies":"Automaton","floor":33,"turns":5},{"damage":14,"enemies":"3 Darklings","floor":35,"turns":2},{"damage":9,"enemies":"Orb Walker","floor":36,"turns":2},{"damage":24,"enemies":"Maw","floor":37,"turns":3},{"damage":13,"enemies":"Jaw Worm Horde","floor":38,"turns":2},{"damage":14,"enemies":"3 Darklings","floor":39,"turns":2},{"damage":61,"enemies":"Nemesis","floor":40,"turns":3},{"damage":25,"enemies":"Reptomancer","floor":42,"turns":3},{"damage":0,"enemies":"Transient","floor":45,"turns":4},{"damage":17,"enemies":"Jaw Worm Horde","floor":46,"turns":2},{"damage":0,"enemies":"Maw","floor":47,"turns":2},{"damage":18,"enemies":"2 Orb Walkers","floor":48,"turns":2},{"damage":12,"enemies":"Time Eater","floor":50,"turns":3},{"damage":18,"enemies":"Shield and Spear","floor":54,"turns":3},{"damage":73,"enemies":"The Heart","floor":55,"turns":5}],"seed_played":"-8364138370728119778","potions_obtained":[{"floor":2,"key":"Fire Potion"},{"floor":3,"key":"Regen Potion"}],"is_trial":false,"path_per_floor":["M","M","M","M","M","R","M","M","T","R","$","E","?","M","R","B",null,"M","$","M","M","M","R","?","R","T","T","$","E","M","M","R","B",null,"M","M","M","M","M","E","R","E","T","R","M","M","M","?","R","B",null,"$","R","E","B",null],"character_chosen":"WATCHER","items_purchased":["Medical Kit","Bronze Scales","Prostrate","PathToVictory","Ice Cream","War Paint","BlessingOfTheForge","PathToVictory"],"campfire_rested":1,"item_purchase_floors":[0,0,0,0,0,0,0,11],"current_hp_per_floor":[49,57,67,77,86,96,106,111,121,131,141,151,161,171,181,182,256,258,268,278,267,277,287,223,233,243,253,263,249,252,255,385,358,431,427,430,418,417,415,366,376,363,373,383,395,390,402,396,406,406,601,611,621,613,566],"gold":1493,"neow_bonus":"","is_daily":false,"chose_seed":false,"campfire_upgraded":5,"win_rate":0.0,"timestamp":1609976478,"path_taken":["M","M","M","M","M","R","M","M","T","R","$","E","?","M","R","BOSS","M","$","?","M","M","R","?","R","T","?","$","E","M","M","R","BOSS","M","M","M","M","M","E","R","E","T","R","M","M","M","?","R","BOSS","$","R","E","BOSS"],"items_purchased_type":["Relic","Relic","Card","Card","Relic","Relic","Potion","Card"],"build_version":"2020-12-22","purchased_purges":13,"victory":true,"max_hp_per_floor":[96,106,116,126,136,146,156,166,176,186,196,206,216,226,236,246,256,266,276,286,296,306,316,331,341,351,361,371,381,391,401,411,421,431,441,451,461,471,481,491,501,511,521,531,541,551,561,571,581,591,601,611,621,631,641],"card_choices":[{"not_picked":["Evaluate","JustLucky"],"picked":"Prostrate","floor":1},{"not_picked":["ThirdEye","FlurryOfBlows"],"picked":"PathToVictory","floor":2},{"not_picked":["MasterReality","FlyingSleeves","SashWhip"],"picked":"SKIP","floor":3},{"not_picked":["BattleHymn","Halt"],"picked":"PathToVictory","floor":4},{"not_picked":["Evaluate","Consecrate","SignatureMove"],"picked":"SKIP","floor":5},{"not_picked":["FlyingSleeves","FlurryOfBlows","JustLucky"],"picked":"SKIP","floor":7},{"not_picked":["Swivel","Scrawl","Vengeance"],"picked":"SKIP","floor":8},{"not_picked":["ThirdEye","Evaluate","Conclude"],"picked":"SKIP","floor":12},{"not_picked":["Weave","Pray","CrushJoints"],"picked":"SKIP","floor":14},{"not_picked":["EmptyFist","Wallop+1","Sanctity"],"picked":"SKIP","floor":18},{"not_picked":["Indignation","BowlingBash","EmptyFist"],"picked":"SKIP","floor":20},{"not_picked":["Pray","Evaluate+1","Adaptation"],"picked":"SKIP","floor":21},{"not_picked":["FollowUp+1","InnerPeace+1","CutThroughFate"],"picked":"SKIP","floor":22},{"not_picked":["FlyingSleeves+1","SashWhip","Conclude"],"picked":"SKIP","floor":29},{"not_picked":["Prostrate","CutThroughFate","SashWhip"],"picked":"SKIP","floor":30},{"not_picked":["CrushJoints+1","Crescendo","Halt+1"],"picked":"SKIP","floor":31},{"not_picked":["Evaluate+1","Wallop+1","FearNoEvil+1"],"picked":"SKIP","floor":35},{"not_picked":["Halt","WheelKick+1","DeceiveReality"],"picked":"SKIP","floor":36},{"not_picked":["Consecrate+1","Protect+1","JustLucky"],"picked":"SKIP","floor":37},{"not_picked":["Worship+1","Wireheading+1","Swivel+1"],"picked":"SKIP","floor":38},{"not_picked":["SignatureMove+1","ClearTheMind+1","JustLucky+1"],"picked":"SKIP","floor":39},{"not_picked":["EmptyFist","Tantrum+1","Halt"],"picked":"SKIP","floor":40},{"not_picked":["Conclude","WindmillStrike"],"picked":"PathToVictory","floor":42},{"not_picked":["Halt+1","Weave","FollowUp+1","FlurryOfBlows+1"],"picked":"SKIP","floor":45},{"not_picked":["Perseverance+1","EmptyFist+1","Weave","ThirdEye"],"picked":"SKIP","floor":46},{"not_picked":["Wallop+1","InnerPeace+1","MasterReality","Nirvana"],"picked":"SKIP","floor":47},{"not_picked":["ConjureBlade","EmptyFist","Study+1","BattleHymn+1"],"picked":"SKIP","floor":54}],"player_experience":293934,"relics_obtained":[{"floor":12,"key":"Tiny Chest"},{"floor":26,"key":"Blood Vial"},{"floor":27,"key":"CloakClasp"},{"floor":29,"key":"CeramicFish"},{"floor":40,"key":"Orichalcum"},{"floor":42,"key":"Darkstone Periapt"},{"floor":43,"key":"Question Card"},{"floor":48,"key":"TungstenRod"},{"floor":54,"key":"Bird Faced Urn"}],"event_choices":[{"damage_healed":0,"gold_gain":0,"player_choice":"Got Potions","damage_taken":0,"max_hp_gain":0,"max_hp_loss":0,"event_name":"Lab","floor":13,"gold_loss":0},{"damage_healed":0,"gold_gain":0,"player_choice":"Shed Blood","damage_taken":79,"max_hp_gain":5,"max_hp_loss":0,"event_name":"Forgotten Altar","floor":24,"gold_loss":0},{"damage_healed":0,"gold_gain":0,"player_choice":"Fight","damage_taken":0,"max_hp_gain":0,"max_hp_loss":0,"event_name":"Mysterious Sphere","floor":48,"gold_loss":0}],"is_beta":false,"boss_relics":[{"not_picked":["Sozu","Busted Crown"],"picked":"SlaversCollar"},{"not_picked":["Pandora\u0027s Box","Calling Bell"],"picked":"Coffee Dripper"}],"items_purged_floors":[0,0,11,11,11,11,11,11,11,11,11,11,11],"is_endless":false,"potions_floor_spawned":[2,3,5,12,16,18,29,31,37,39,40,45,47,54],"ascension_level":0}}