{"host":"640uue19m79c7wbt","time":1609894346,"event":{"mods":["BaseMod","Colored Map","Googly Eyes","Highlight Path","Minty Spire (QoL Compilation)","Quick Restart","StSLib"],"gold_per_floor":[115,128,31,31,31,58,58,68,68,83,109,42,42,60,60,159,209,222,25,42,58,158,158,174,18,18,47,66,13,40,40,40,40,40],"floor_reached":33,"playtime":1327,"items_purged":[],"score":473,"play_id":"58c47003-5f27-47de-b52c-2b7f3ff523d0","local_time":"20210105195226","is_ascension_mode":true,"campfire_choices":[{"data":"Prepared","floor":7.0,"key":"SMITH"},{"data":"Eviscerate","floor":13.0,"key":"SMITH"},{"data":"Choke","floor":15.0,"key":"SMITH"},{"floor":23.0,"key":"REST"},{"floor":32,"key":"REST"}],"circlet_count":0,"master_deck":["Strike_G","Strike_G","Strike_G","Strike_G","Strike_G+1","Defend_G","Defend_G","Defend_G","Defend_G","Defend_G","Survivor","Neutralize","Skewer","Underhanded Strike","Prepared+1","Eviscerate+1","Acrobatics","Eviscerate","Choke+1","Night Terror","Dagger Throw","Panache","Underhanded Strike","Prepared","Tactician","PiercingWail+1","Blade Dance"],"relics":["Ring of the Snake","NeowsBlessing","Ice Cream","Matryoshka","Juzu Bracelet","Kunai","Ninja Scroll","Tiny House","Lee\u0027s Waffle","Molten Egg 2","Meat on the Bone","White Beast Statue","Ornamental Fan","Nilry\u0027s Codex"],"acts_visited":["Exordium","TheCity"],"potions_floor_usage":[30,33],"damage_taken":[{"damage":0.0,"enemies":"Jaw Worm","floor":1.0,"turns":1.0},{"damage":0.0,"enemies":"Small Slimes","floor":2.0,"turns":1.0},{"damage":0.0,"enemies":"3 Sentries","floor":6.0,"turns":2.0},{"damage":1.0,"enemies":"Cultist","floor":8.0,"turns":3.0},{"damage":1.0,"enemies":"Blue Slaver","floor":10.0,"turns":3.0},{"damage":1.0,"enemies":"Lagavulin","floor":11.0,"turns":3.0},{"damage":2.0,"enemies":"3 Louse","floor":14.0,"turns":3.0},{"damage":36.0,"enemies":"Slime Boss","floor":16.0,"turns":7.0},{"damage":19.0,"enemies":"Shell Parasite","floor":18.0,"turns":3.0},{"damage":19.0,"enemies":"2 Thieves","floor":20.0,"turns":3.0},{"damage":0.0,"enemies":"Snake Plant","floor":21.0,"turns":1.0},{"damage":24.0,"enemies":"Sentry and Sphere","floor":24.0,"turns":4.0},{"damage":16.0,"enemies":"Gremlin Leader","floor":27.0,"turns":4.0},{"damage":14.0,"enemies":"Chosen and Byrds","floor":28.0,"turns":5.0},{"damage":25,"enemies":"Slavers","floor":30,"turns":5},{"damage":55,"enemies":"Collector","floor":33,"turns":8}],"seed_played":"-8268200453961155672","potions_obtained":[{"floor":2.0,"key":"FearPotion"},{"floor":8.0,"key":"SmokeBomb"},{"floor":10.0,"key":"DistilledChaos"},{"floor":11.0,"key":"Weak Potion"},{"floor":17.0,"key":"DistilledChaos"},{"floor":20.0,"key":"LiquidBronze"},{"floor":21.0,"key":"BlessingOfTheForge"},{"floor":28.0,"key":"Strength Potion"},{"floor":30,"key":"Dexterity Potion"}],"is_trial":false,"path_per_floor":["M","M","$","?","?","E","R","M","T","M","E","$","R","M","R","B",null,"M","$","M","M","?","R","M","$","T","E","M","$","E","?","R","B"],"character_chosen":"THE_SILENT","items_purchased":["Prepared","Eviscerate","Eviscerate","Panache","Lee\u0027s Waffle","Blade Dance"],"campfire_rested":2,"item_purchase_floors":[3,3,12,19,25,29],"current_hp_per_floor":[63,63,63,68,61,61,61,60,60,59,58,58,58,56,56,20,66,47,47,28,28,28,52,28,87,87,71,57,57,44,28,54,0,0],"gold":40,"neow_bonus":"THREE_ENEMY_KILL","is_daily":false,"chose_seed":false,"campfire_upgraded":3,"win_rate":0.0,"timestamp":1609894346,"path_taken":["M","M","$","?","?","E","R","M","T","M","E","$","R","M","R","BOSS","M","$","M","M","?","R","M","$","T","E","M","?","E","?","R","BOSS"],"items_purchased_type":["Card","Card","Card","Card","Relic","Card"],"build_version":"2020-12-22","purchased_purges":0,"victory":false,"max_hp_per_floor":[70,70,70,75,75,75,75,75,75,75,75,75,75,75,75,75,80,80,80,80,80,80,80,80,87,87,87,87,87,87,87,87,87,87],"card_choices":[{"not_picked":["Underhanded Strike","Masterful Stab"],"picked":"Skewer","floor":1.0},{"not_picked":["Backflip","Outmaneuver"],"picked":"Underhanded Strike","floor":2.0},{"not_picked":["Flying Knee","Dodge and Roll","Heel Hook"],"picked":"SKIP","floor":6.0},{"not_picked":["Backflip","Slice","Sucker Punch"],"picked":"SKIP","floor":8.0},{"not_picked":["Prepared","Riddle With Holes"],"picked":"Acrobatics","floor":10.0},{"not_picked":["Dodge and Roll","Quick Slash","Slice"],"picked":"SKIP","floor":11.0},{"not_picked":["Distraction","Blade Dance"],"picked":"Choke","floor":14.0},{"not_picked":["Bullet Time","Adrenaline"],"picked":"Night Terror","floor":16.0},{"not_picked":["Masterful Stab","Footwork"],"picked":"Dagger Throw","floor":17.0},{"not_picked":["Skewer","Dodge and Roll+1","Sucker Punch"],"picked":"SKIP","floor":18.0},{"not_picked":["Deflect+1","Setup"],"picked":"Underhanded Strike","floor":20.0},{"not_picked":["Deflect","Quick Slash"],"picked":"Prepared","floor":21.0},{"not_picked":["Cloak And Dagger","Flying Knee"],"picked":"Tactician","floor":24.0},{"not_picked":["Poisoned Stab+1","Dash+1"],"picked":"PiercingWail+1","floor":27.0},{"not_picked":["Bane+1","Dodge and Roll","Deadly Poison"],"picked":"SKIP","floor":28.0},{"not_picked":["Dodge and Roll+1","Catalyst","Doppelganger"],"picked":"SKIP","floor":30}],"player_experience":573728,"relics_obtained":[{"floor":6.0,"key":"Matryoshka"},{"floor":9.0,"key":"Juzu Bracelet"},{"floor":9.0,"key":"Kunai"},{"floor":11.0,"key":"Ninja Scroll"},{"floor":26.0,"key":"Molten Egg 2"},{"floor":26.0,"key":"Meat on the Bone"},{"floor":27.0,"key":"White Beast Statue"},{"floor":30,"key":"Ornamental Fan"},{"floor":31,"key":"Nilry\u0027s Codex"}],"event_choices":[{"damage_healed":0.0,"max_hp_gain":5.0,"max_hp_loss":0.0,"gold_gain":0.0,"event_name":"Big Fish","player_choice":"Donut","floor":4.0,"gold_loss":0.0,"damage_taken":0.0},{"damage_healed":0.0,"max_hp_gain":0.0,"max_hp_loss":0.0,"gold_gain":0.0,"event_name":"Scrap Ooze","player_choice":"Success","floor":5.0,"gold_loss":0.0,"damage_taken":7.0,"relics_obtained":["Ice Cream"]},{"damage_healed":0.0,"max_hp_gain":0.0,"max_hp_loss":0.0,"gold_gain":100.0,"event_name":"Golden Shrine","player_choice":"Pray","floor":22.0,"gold_loss":0.0,"damage_taken":0.0},{"damage_healed":0,"gold_gain":0,"player_choice":"Obtained Book","damage_taken":16,"max_hp_gain":0,"max_hp_loss":0,"event_name":"Cursed Tome","floor":31,"gold_loss":0}],"is_beta":false,"boss_relics":[{"not_picked":["Fusion Hammer","Cursed Key"],"picked":"Tiny House"}],"items_purged_floors":[],"is_endless":false,"potions_floor_spawned":[2,8,10,11,20,21,28,30],"killed_by":"Collector","ascension_level":8}}