{"host":"i0boqj7z83tzxoi1","time":1609938061,"event":{"mods":["BaseMod","Minty Spire (QoL Compilation)","Replay The Spire","StSLib","The Construct"],"gold_per_floor":[113,46,146,165,165,203,203,203,228,272,286,306,306,324,324,455,455,480,480,395,87,87,87,108,108,156,156,11,11,11,44,44,96,96,217,217,232,257,306,306,639,666,666,214,260,285,285,36,0,18,18,18],"floor_reached":53,"playtime":2166,"items_purged":[],"score":948,"play_id":"32ef1b4e-e5d8-4fde-b8f0-4aa3236774ce","local_time":"20210106210101","is_ascension_mode":true,"campfire_choices":[{"floor":8,"key":"REST"},{"data":"Alpha","floor":13,"key":"SMITH"},{"floor":15,"key":"REST"},{"floor":23,"key":"REST"},{"floor":25,"key":"REST"},{"floor":27,"key":"REST"},{"floor":34,"key":"REST"},{"floor":43,"key":"REST"},{"floor":51,"key":"REST"}],"circlet_count":0,"master_deck":["Strike_P","Strike_P","Strike_P","Strike_P","Defend_P","Defend_P","Defend_P+1","Defend_P","Eruption","Vigilance+1","Prostrate","TalkToTheHand+1","FollowUp","Alpha+1","CutThroughFate","Replay:ManipulateFuture","PathToVictory","Judgement+1","InnerPeace+1","Necronomicurse","Omniscience","RitualDagger","Alpha","Weave","PathToVictory","Replay:Cycle+1","TalkToTheHand","Panache+1","Specialist+1","PathToVictory+1","DevaForm+1"],"relics":["PureWater","NeowsBlessing","Meat on the Bone","Ring of Misfortune","Ring of Fury","Replay:Mystery Machine","Bottled Flame","Black Star","Necronomicon","Matryoshka","ClockworkSouvenir","Pet Ghost","Juzu Bracelet","Smiling Mask","Guide Book","Quantum Egg","Frozen Egg 2","Replay:WaspNest","Nunchaku","construct:WeddingRing","Divine Protection","Bag of Marbles","OrangePellets","War Paint","Vajra","Gremlin Food","Boot","PreservedInsect","BargainBundle","Red Mask","BranchBurnRelic"],"acts_visited":["Exordium","TheCity","TheBeyond"],"potions_floor_usage":[10,16,24,35,42,52,52],"damage_taken":[{"damage":0,"enemies":"Jaw Worm","floor":1,"turns":1},{"damage":0,"enemies":"Cultist","floor":4,"turns":1},{"damage":0,"enemies":"3 Sentries","floor":6,"turns":1},{"damage":7,"enemies":"Lagavulin","floor":10,"turns":5},{"damage":0,"enemies":"Small Slimes","floor":11,"turns":3},{"damage":6,"enemies":"2 Fungi Beasts","floor":12,"turns":4},{"damage":18,"enemies":"Exordium Thugs","floor":14,"turns":4},{"damage":8,"enemies":"Fading Forest","floor":16,"turns":11},{"damage":29,"enemies":"Shell Parasite","floor":18,"turns":4},{"damage":26,"enemies":"2 Thieves","floor":24,"turns":4},{"damage":41,"enemies":"Book of Stabbing","floor":31,"turns":5},{"damage":21,"enemies":"Champ","floor":35,"turns":8},{"damage":23,"enemies":"3 Shapes","floor":37,"turns":4},{"damage":8,"enemies":"Orb Walker","floor":38,"turns":4},{"damage":27,"enemies":"Giant Head","floor":42,"turns":6},{"damage":0,"enemies":"R_Hoarder","floor":46,"turns":5},{"damage":9,"enemies":"3 Darklings","floor":50,"turns":3},{"damage":22,"enemies":"Donu and Deca","floor":52,"turns":5}],"seed_played":"2937976379645254229","potions_obtained":[{"floor":4,"key":"SkillPotion"},{"floor":10,"key":"PowerPotion"},{"floor":16,"key":"FairyPotion"},{"floor":18,"key":"Reflective Coating"},{"floor":31,"key":"FearPotion"},{"floor":38,"key":"AttackPotion"},{"floor":42,"key":"LiquidBronze"},{"floor":46,"key":"Weak Potion"}],"is_trial":false,"path_per_floor":["M","$","?","M","?","E","?","R","T","E","M","M","R","M","R","B",null,"M","?","?","$","?","R","M","R","T","R","$","PTL","PTL","E","?","T","R","B",null,"M","M","?","$","?","E","R","$","T","E","?","$","?","M","R","B",null],"character_chosen":"WATCHER","items_purchased":["TalkToTheHand","ClockworkSouvenir","Pet Ghost","Guide Book","OrangePellets","War Paint","Vajra","BargainBundle","PathToVictory","DevaForm+1","Adrenaline Potion"],"campfire_rested":8,"item_purchase_floors":[2,21,21,28,44,44,44,48,48,48,48],"current_hp_per_floor":[72,72,72,72,54,54,54,72,72,65,65,59,59,41,62,72,72,43,27,27,27,21,42,28,49,49,70,70,70,70,41,35,35,56,47,72,49,41,41,41,41,26,47,47,47,47,42,42,42,45,66,59],"gold":18,"neow_bonus":"THREE_ENEMY_KILL","is_daily":false,"chose_seed":false,"campfire_upgraded":1,"win_rate":0.0,"timestamp":1609938061,"path_taken":["M","$","?","?","?","E","?","R","T","E","M","?","R","M","R","BOSS","M","?","?","$","?","R","?","R","T","R","$","PTL","PTL","E","?","?","R","BOSS","M","M","?","$","?","E","R","?","T","E","?","$","?","M","R","BOSS"],"items_purchased_type":["Card","Relic","Relic","Relic","Relic","Relic","Relic","Relic","Card","Card","Potion"],"build_version":"2020-12-22","purchased_purges":0,"victory":true,"max_hp_per_floor":[72,72,72,72,72,72,72,72,72,72,72,72,72,72,72,72,72,72,72,72,72,72,72,72,72,72,72,72,72,72,72,72,72,72,72,72,72,72,72,72,72,72,72,72,72,72,72,72,72,72,72,72],"card_choices":[{"not_picked":["ThirdEye","Consecrate"],"picked":"Prostrate","floor":1},{"not_picked":["Perseverance","Replay:ManipulateFuture"],"picked":"FollowUp","floor":4},{"not_picked":["ThirdEye","Nirvana"],"picked":"Alpha","floor":6},{"not_picked":["Replay:Cycle","Replay:Hum"],"picked":"CutThroughFate","floor":10},{"not_picked":["CutThroughFate","WaveOfTheHand"],"picked":"Replay:ManipulateFuture","floor":11},{"not_picked":["EmptyFist","Perseverance"],"picked":"PathToVictory","floor":12},{"not_picked":["Prostrate","LikeWater","FlurryOfBlows"],"picked":"SKIP","floor":14},{"not_picked":["DevaForm","Replay:LoomingThreat"],"picked":"Judgement","floor":16},{"not_picked":["Adaptation","CutThroughFate+1"],"picked":"InnerPeace+1","floor":18},{"not_picked":["FollowUp","Perseverance","EmptyFist"],"picked":"SKIP","floor":24},{"not_picked":["Replay:ManipulateFuture","ClearTheMind"],"picked":"Omniscience","floor":31},{"not_picked":["Brilliance","Blasphemy"],"picked":"Alpha","floor":35},{"not_picked":["EmptyFist+1","Worship"],"picked":"Weave","floor":37},{"not_picked":["Wireheading+1","CrushJoints"],"picked":"PathToVictory","floor":38},{"not_picked":["EmptyMind","Prostrate"],"picked":"Replay:Cycle+1","floor":39},{"not_picked":["EmptyMind+1","EmptyBody+1","FollowUp+1"],"picked":"SKIP","floor":42},{"not_picked":["BattleHymn+1","LikeWater+1"],"picked":"TalkToTheHand","floor":46},{"not_picked":["Forethought","Replay:BasicMightCard+1"],"picked":"Panache+1","floor":47},{"not_picked":["Purity","Chrysalis"],"picked":"Specialist+1","floor":47},{"not_picked":["FearNoEvil+1","FlyingSleeves","CrushJoints+1"],"picked":"SKIP","floor":50}],"player_experience":142665,"relics_obtained":[{"floor":6,"key":"Meat on the Bone"},{"floor":7,"key":"Ring of Misfortune"},{"floor":7,"key":"Ring of Fury"},{"floor":9,"key":"Replay:Mystery Machine"},{"floor":10,"key":"Bottled Flame"},{"floor":19,"key":"Necronomicon"},{"floor":26,"key":"Juzu Bracelet"},{"floor":26,"key":"Smiling Mask"},{"floor":31,"key":"Quantum Egg"},{"floor":31,"key":"Frozen Egg 2"},{"floor":33,"key":"Replay:WaspNest"},{"floor":33,"key":"Nunchaku"},{"floor":39,"key":"Dead Branch"},{"floor":42,"key":"Divine Protection"},{"floor":42,"key":"Bag of Marbles"},{"floor":45,"key":"Gremlin Food"},{"floor":46,"key":"Boot"},{"floor":46,"key":"PreservedInsect"}],"event_choices":[{"damage_healed":0,"gold_gain":100,"player_choice":"Gold","damage_taken":0,"max_hp_gain":0,"max_hp_loss":0,"event_name":"Wheel of Change","floor":3,"gold_loss":0},{"damage_healed":0,"gold_gain":0,"player_choice":"Take Damage","damage_taken":18,"relics_obtained":["Golden Idol"],"max_hp_gain":0,"max_hp_loss":0,"event_name":"Golden Idol","floor":5,"gold_loss":0},{"damage_healed":0,"gold_gain":0,"player_choice":"Obtained Book","damage_taken":16,"max_hp_gain":0,"max_hp_loss":0,"event_name":"Cursed Tome","floor":19,"gold_loss":0},{"damage_healed":0,"gold_gain":0,"player_choice":"Obtained Relic","damage_taken":0,"relics_obtained":["Matryoshka"],"max_hp_gain":0,"max_hp_loss":0,"event_name":"Addict","floor":20,"gold_loss":85},{"damage_healed":0,"gold_gain":0,"player_choice":"","damage_taken":6,"max_hp_gain":0,"max_hp_loss":0,"event_name":"Knowing Skull","floor":22,"potions_obtained":[],"gold_loss":0,"cards_obtained":[]},{"damage_healed":0,"gold_gain":0,"player_choice":"Joined the Cult","damage_taken":6,"max_hp_gain":0,"max_hp_loss":0,"event_name":"Nest","floor":32,"gold_loss":0,"cards_obtained":["RitualDagger"]},{"damage_healed":0,"gold_gain":333,"player_choice":"Gave Idol","damage_taken":0,"max_hp_gain":0,"max_hp_loss":0,"event_name":"The Moai Head","floor":41,"relics_lost":["Golden Idol"],"gold_loss":0},{"damage_healed":0,"gold_gain":0,"player_choice":"Memory 2","damage_taken":5,"max_hp_gain":0,"max_hp_loss":0,"event_name":"SensoryStone","floor":47,"gold_loss":0},{"damage_healed":0,"gold_gain":0,"player_choice":"Paid","damage_taken":0,"relics_obtained":["Red Mask"],"max_hp_gain":0,"max_hp_loss":0,"event_name":"Tomb of Lord Red Mask","floor":49,"gold_loss":36}],"is_beta":false,"boss_relics":[{"not_picked":["Fusion Hammer","Empty Cage"],"picked":"Black Star"},{"not_picked":["Busted Crown","ReplayTheSpireMod:DimensionalGlitch"],"picked":"construct:WeddingRing"}],"items_purged_floors":[],"is_endless":false,"potions_floor_spawned":[4,10,16,18,31,38,42,46],"ascension_level":1}}