{"host":"hca6liskeo7s99fa","time":1609976355,"event":{"mods":["BaseMod","Downfall","Hermit","Minty Spire (QoL Compilation)","Replay The Spire","StSLib","The Cursed","The Dragon Tamer","The Servant 0.9.4"],"gold_per_floor":[116,181,181,197,222,222,245,245,290,292,292,332,213,236,236,244,244],"floor_reached":16,"playtime":2070,"items_purged":[],"score":102,"play_id":"ee734b3c-5097-4be3-877d-9d52e1ce13f1","local_time":"20210106183915","is_ascension_mode":false,"campfire_choices":[{"data":"TheCursedMod:ForbiddenAlchemy","floor":6,"key":"SMITH"},{"data":"TheCursedMod:LuckyCharm","floor":8,"key":"SMITH"},{"data":"TheCursedMod:Grudge","floor":11,"key":"SMITH"},{"floor":15,"key":"REST"}],"circlet_count":0,"master_deck":["TheCursedMod:Strike_TheCursed","TheCursedMod:Strike_TheCursed","TheCursedMod:Defend_TheCursed","TheCursedMod:Defend_TheCursed","TheCursedMod:Defend_TheCursed","TheCursedMod:Defend_TheCursed","TheCursedMod:CursedWand","TheCursedMod:CleanUpWorkshop","TheCursedMod:Dregs","Doubt","TheCursedMod:AshesToAshes","TheCursedMod:SoulCrush","TheCursedMod:LuckyCharm+1","ReplayTheSpireMod:Splinters","TheCursedMod:Grudge+1","TheCursedMod:WearCloak","TheCursedMod:ForbiddenAlchemy+1","TheCursedMod:FleshFromBone","TheCursedMod:Wield","Pot Of Greed","Pot Of Greed","TheCursedMod:CursedAmulet"],"relics":["TheCursedMod:BlackMagic101","Replay:Bandana","Nunchaku","Grinning Jar"],"acts_visited":["Exordium"],"potions_floor_usage":[7,10,12,12,12,12,12,16,16,16,16,16,16,16,16],"damage_taken":[{"damage":0,"enemies":"2 Louse","floor":1,"turns":3},{"damage":7,"enemies":"Small Slimes","floor":4,"turns":5},{"damage":0,"enemies":"Cultist","floor":5,"turns":6},{"damage":3,"enemies":"Exordium Thugs","floor":7,"turns":6},{"damage":0,"enemies":"Gremlin Gang","floor":10,"turns":2},{"damage":22,"enemies":"3 Sentries","floor":12,"turns":14},{"damage":2,"enemies":"Blue Slaver","floor":14,"turns":6},{"damage":45,"enemies":"Hexaghost","floor":16,"turns":16}],"seed_played":"-5021101013861199073","potions_obtained":[{"floor":2,"key":"Fire Potion"},{"floor":2,"key":"SmokeBomb"},{"floor":2,"key":"Languid Potion"}],"is_trial":false,"path_per_floor":["M","?","?","M","M","R","M","R","T","M","R","E","?","M","R","B"],"character_chosen":"THE_CURSED","items_purchased":[],"campfire_rested":1,"item_purchase_floors":[],"current_hp_per_floor":[75,75,42,35,35,35,32,32,32,32,32,10,10,8,30,0,0],"gold":244,"neow_bonus":"TRANSFORM_TWO_CARDS","is_daily":false,"chose_seed":false,"campfire_upgraded":3,"win_rate":0.0,"timestamp":1609976355,"path_taken":["M","?","?","M","M","R","M","R","T","M","R","E","?","M","R","BOSS"],"items_purchased_type":[],"build_version":"2020-12-22","purchased_purges":0,"victory":false,"max_hp_per_floor":[75,75,75,75,75,75,75,75,75,75,75,75,75,75,75,75,75],"card_choices":[{"not_picked":["TheCursedMod:Stigma","TheCursedMod:CircleOfFlame"],"picked":"TheCursedMod:LuckyCharm","floor":1},{"not_picked":["TheCursedMod:DoubleShield","TheCursedMod:Torture"],"picked":"TheCursedMod:Grudge","floor":2},{"not_picked":["TheCursedMod:CircleOfWindfury","TheCursedMod:FuryStrike"],"picked":"TheCursedMod:WearCloak","floor":4},{"not_picked":["TheCursedMod:CircleOfFlame","TheCursedMod:Grudge"],"picked":"TheCursedMod:ForbiddenAlchemy","floor":5},{"not_picked":["TheCursedMod:SmokeScreen","TheCursedMod:RavingStaff"],"picked":"TheCursedMod:FleshFromBone","floor":7},{"not_picked":["TheCursedMod:CircleOfWindfury","TheCursedMod:TacticalStrike"],"picked":"TheCursedMod:Wield","floor":12},{"not_picked":["TheCursedMod:Grudge","TheCursedMod:CursedArmor"],"picked":"TheCursedMod:CursedAmulet","floor":14}],"player_experience":239791,"relics_obtained":[{"floor":12,"key":"Nunchaku"}],"event_choices":[{"damage_healed":0,"gold_gain":0,"player_choice":"Success","damage_taken":33,"relics_obtained":["Replay:Bandana"],"max_hp_gain":0,"max_hp_loss":0,"event_name":"Scrap Ooze","floor":3,"gold_loss":0},{"damage_healed":0,"gold_gain":0,"player_choice":"Paid Gold","damage_taken":0,"relics_obtained":["Grinning Jar"],"max_hp_gain":0,"max_hp_loss":0,"event_name":"WeMeetAgain","floor":13,"gold_loss":119}],"is_beta":false,"boss_relics":[],"items_purged_floors":[],"is_endless":false,"potions_floor_spawned":[5,7,10],"killed_by":"Hexaghost","ascension_level":0}}