{"host":"68ypu360vyldwzrz","time":1609959176,"event":{"mods":["Act Like it!","BaseMod","Better Third Choice","Better Vampires","BetterRewards","CapriCore","Downfall","Friendly Minions","GifTheSpireLib","Hermit","Hubris","Jorbs\u0027s Wanderer Trilogy","Luminous","Marisa????????","Minty Spire (QoL Compilation)","Quick Restart","Relic Stats","Remilia??????","Shade Mod","Shop Mod","StSLib","Td1madao Mod","The Administrix","The Alterego","The Cursed","The Hierophant","The Immortal","The Necromancer","The Senshi","The Servant 0.9.4","TheVacant","Wandering Minibosses"],"gold_per_floor":[99,115,16,26,26,26,26,40,40,40,40,54,54,54,71,169,169,169,185,270,287,42,55,55,55,55,67,67,83,103,116,126,224,224,74,85,85,99,116,116,116,116,116],"floor_reached":42,"playtime":3247,"items_purged":[],"score":594,"play_id":"a9c60e02-f4d0-4a75-ba57-78a1ad2d24cf","local_time":"20210106125256","is_ascension_mode":false,"campfire_choices":[{"data":"Hellfire","floor":1.0,"key":"SMITH"},{"data":"Summon_Undead","floor":6.0,"key":"SMITH"},{"floor":11.0,"key":"RECALL"},{"data":"Spectral_Walk","floor":13.0,"key":"SMITH"},{"data":"Summon_Vampire_Lady","floor":18.0,"key":"SMITH"},{"data":"Summon_Lich","floor":25.0,"key":"SMITH"},{"data":"Summon_Undead_Army","floor":35.0,"key":"SMITH"}],"circlet_count":0,"master_deck":["Negative_Energy_Arrows","Bone_Wall","Hellfire+1","Shade_Step","Summon_Undead+1","Spectral_Walk+1","Toxic_Smoke_Screen","Negative_Energy_Sphere","Life_Tap","Corrupt","Shade_Step","Toxic_Smoke_Screen","Summon_Vampire_Lady+1","Life_Tap","Epidemic","Shade_Step","Exploit","Negative_Energy_Burst","Vampiric_Strike","Negative_Energy_Shield","Bone_Armor+1","Bone_Bullets","Skeleton_Dragon","Summon_Lich","Spectral_Walk","Blood_Is_Power","Blood_Curse","Toxic_Smoke_Screen","Blood_for_Blood+1","Summon_Lich+1","Negative_Energy_Sphere","Bone_Bullets","Spectral_Armor","Blood_Shield","Summon_Undead_Army+1","Grasp_Heart","Bone_Shift+1","Finger_Of_Death+1","Negative_Energy_Mist+1","Summon_Undead"],"relics":["Vampire_Amulet","Pandora\u0027s Box","Orrery","Oddly Smooth Stone","downfall:KnowingSkull","Black Star","downfall:HeartBlessingRed","downfall:HeartBlessingBlue","Potion Belt"],"acts_visited":["Exordium","TheCity","TheBeyond"],"potions_floor_usage":[],"damage_taken":[{"damage":1.0,"enemies":"2 Louse","floor":2.0,"turns":3.0},{"damage":0.0,"enemies":"downfall:FleeingMerchant","floor":3.0,"turns":4.0},{"damage":5.0,"enemies":"Jaw Worm","floor":4.0,"turns":4.0},{"damage":0.0,"enemies":"Small Slimes","floor":8.0,"turns":2.0},{"damage":1.0,"enemies":"3 Louse","floor":12.0,"turns":3.0},{"damage":5.0,"enemies":"Blue Slaver","floor":15.0,"turns":3.0},{"damage":17.0,"enemies":"downfall:Watcher","floor":16.0,"turns":9.0},{"damage":18.0,"enemies":"Shell Parasite","floor":19.0,"turns":4.0},{"damage":13.0,"enemies":"Centurion and Healer","floor":21.0,"turns":7.0},{"damage":0.0,"enemies":"downfall:FleeingMerchant","floor":22.0,"turns":4.0},{"damage":22.0,"enemies":"3 Cultists","floor":23.0,"turns":5.0},{"damage":0.0,"enemies":"Sentry and Sphere","floor":26.0,"turns":1.0},{"damage":38.0,"enemies":"Snake Plant","floor":27.0,"turns":3.0},{"damage":13.0,"enemies":"Centurion and Healer","floor":29.0,"turns":7.0},{"damage":12.0,"enemies":"Snecko","floor":30.0,"turns":5.0},{"damage":18.0,"enemies":"Chosen and Byrds","floor":31.0,"turns":7.0},{"damage":19.0,"enemies":"Centurion and Healer","floor":32.0,"turns":7.0},{"damage":33.0,"enemies":"downfall:Silent","floor":33.0,"turns":10.0},{"damage":13.0,"enemies":"Orb Walker","floor":36.0,"turns":4.0},{"damage":27.0,"enemies":"3 Shapes","floor":38.0,"turns":3.0},{"damage":46.0,"enemies":"Transient","floor":39.0,"turns":5.0},{"damage":50,"enemies":"Sphere and 2 Shapes","floor":42,"turns":3}],"seed_played":"5803676365406864060","potions_obtained":[{"floor":8.0,"key":"Explosive Potion"},{"floor":12.0,"key":"Ancient Potion"},{"floor":15.0,"key":"Regen Potion"},{"floor":21.0,"key":"SmokeBomb"},{"floor":23.0,"key":"AttackPotion"},{"floor":32.0,"key":"SpeedPotion"},{"floor":39.0,"key":"AttackPotion"}],"is_trial":false,"path_per_floor":["R","M","$","M","?","R","T","M","?","?","R","M","R","?","M","B",null,"R","M","?","M","$","M","T","R","M","M","?","M","M","M","M","B",null,"R","M","?","M","M","?","T","M"],"character_chosen":"NECROMANCER","items_purchased":["Spectral_Walk","Toxic_Smoke_Screen","Summon_Lich","Orrery"],"campfire_rested":0,"item_purchase_floors":[3,3,22,22],"current_hp_per_floor":[75,75,75,72,72,72,72,75,75,75,75,75,75,80,80,74,80,80,73,65,80,80,78,78,78,78,50,46,52,45,49,58,48,80,90,87,87,75,48,48,48,0,0],"gold":116,"neow_bonus":"ONE_RANDOM_RARE_CARD","is_daily":false,"chose_seed":false,"campfire_upgraded":6,"win_rate":0.0,"timestamp":1609959176,"path_taken":["R","M","$","M","?","R","T","M","?","?","R","?","R","?","M","BOSS","R","M","?","M","$","M","T","R","M","M","?","?","M","M","M","BOSS","R","M","?","M","?","?","T","M"],"items_purchased_type":["Card","Card","Card","Relic"],"build_version":"2020-12-22","purchased_purges":0,"victory":false,"max_hp_per_floor":[75,75,75,75,75,75,75,75,75,75,75,75,75,80,80,80,80,80,80,80,80,80,80,80,80,80,80,80,80,80,80,80,80,80,90,90,90,90,90,90,90,90,90],"relic_stats":{"counters":[22,103],"Pandora\u0027s Box":["Life_Tap","Epidemic","Shade_Step","Exploit","Negative_Energy_Burst","Vampiric_Strike","Negative_Energy_Shield"],"Black Star":0,"obtain_stats":[{"Potion Belt":41,"downfall:BrokenWingStatue":9,"downfall:HeartBlessingRed":35,"downfall:HeartBlessingBlue":35,"Orrery":22,"Oddly Smooth Stone":24,"Pandora\u0027s Box":17,"downfall:KnowingSkull":28,"Vampire_Amulet":0,"Black Star":34},{"Potion Belt":21,"downfall:BrokenWingStatue":4,"downfall:HeartBlessingRed":18,"downfall:HeartBlessingBlue":18,"Orrery":10,"Oddly Smooth Stone":11,"Pandora\u0027s Box":7,"downfall:KnowingSkull":13,"Vampire_Amulet":0,"Black Star":18},{"Potion Belt":100,"downfall:BrokenWingStatue":13,"downfall:HeartBlessingRed":88,"downfall:HeartBlessingBlue":88,"Orrery":43,"Oddly Smooth Stone":48,"Pandora\u0027s Box":28,"downfall:KnowingSkull":52,"Vampire_Amulet":0,"Black Star":88}]},"card_choices":[{"not_picked":["Scare","Bone_Shift"],"picked":"Shade_Step","floor":2.0},{"not_picked":["Plague_Bolt","Bones_to_Steel"],"picked":"Summon_Undead","floor":3.0},{"not_picked":["Thousand_Bone_Knives","Negative_Energy_Javelin"],"picked":"Negative_Energy_Sphere","floor":4.0},{"not_picked":["Chill_Blood","Blood_Whip"],"picked":"Life_Tap","floor":8.0},{"not_picked":["Strike_from_Beyond","Blood_Curse"],"picked":"Shade_Step","floor":12.0},{"not_picked":["Consume_Illness","Bone_Armor"],"picked":"Toxic_Smoke_Screen","floor":15.0},{"not_picked":["Reap_The_Weak","Detonate_Bones"],"picked":"Summon_Vampire_Lady","floor":16.0},{"not_picked":["Blood_Whip+1","Shackles_Of_Pain"],"picked":"Bone_Armor+1","floor":19.0},{"not_picked":["Corrupt","Life_Tap+1"],"picked":"Bone_Bullets","floor":21.0},{"not_picked":["Spectral_Walk+1","Death_Coil"],"picked":"Skeleton_Dragon","floor":22.0},{"not_picked":["Necrotic_Claws","Exploit"],"picked":"Spectral_Walk","floor":22.0},{"not_picked":["Pandemic","Epidemic"],"picked":"Blood_Is_Power","floor":22.0},{"not_picked":["Necromantic_Selection","Detonate_Bones"],"picked":"Blood_Curse","floor":22.0},{"not_picked":["Consume_Illness","Bone_Bullets+1"],"picked":"Toxic_Smoke_Screen","floor":22.0},{"not_picked":["Bone_Bullets","Violent_Necrosis+1"],"picked":"Blood_for_Blood+1","floor":22.0},{"not_picked":["Thousand_Bone_Knives","Blood_Whip"],"picked":"Summon_Lich","floor":23.0},{"not_picked":["Death_March_Dance","Finger_Of_Death"],"picked":"Negative_Energy_Sphere","floor":27.0},{"not_picked":["Corrupt","Scare+1"],"picked":"Bone_Bullets","floor":29.0},{"not_picked":["Blood_Whip","Bone_Spikes"],"picked":"Spectral_Armor","floor":30.0},{"not_picked":["Blood_for_Blood","Blood_Magic"],"picked":"Blood_Shield","floor":31.0},{"not_picked":["Bone_Bullets","Bone_Shift"],"picked":"Summon_Undead_Army","floor":32.0},{"not_picked":["Negative_Energy_Bomb","Requiem"],"picked":"Grasp_Heart","floor":33.0},{"not_picked":["Scare","Necromantic_Selection"],"picked":"Bone_Shift+1","floor":36.0},{"not_picked":["Death_March_Dance","Blood_Whip+1"],"picked":"Finger_Of_Death+1","floor":38.0},{"not_picked":["Blood_Whip","Deaths_Shadow+1"],"picked":"Negative_Energy_Mist+1","floor":39.0}],"player_experience":365647,"relics_obtained":[{"floor":24.0,"key":"Oddly Smooth Stone"},{"floor":41.0,"key":"Potion Belt"}],"event_choices":[{"damage_healed":0.0,"max_hp_gain":0.0,"max_hp_loss":0.0,"gold_gain":0.0,"cards_transformed":["Strike_W"],"event_name":"Living Wall","player_choice":"Change","floor":10.0,"gold_loss":0.0,"damage_taken":0.0,"cards_obtained":["Corrupt"]},{"damage_healed":0.0,"max_hp_gain":5.0,"max_hp_loss":0.0,"gold_gain":0.0,"event_name":"Big Fish","player_choice":"Donut","floor":14.0,"gold_loss":0.0,"damage_taken":0.0},{"damage_healed":0.0,"max_hp_gain":0.0,"max_hp_loss":0.0,"gold_gain":0.0,"event_name":"NoteForYourself","player_choice":"Ignored","floor":37.0,"gold_loss":0.0,"damage_taken":0.0}],"is_beta":false,"boss_relics":[{"not_picked":["downfall:Hecktoplasm","Sozu"],"picked":"Pandora\u0027s Box"},{"not_picked":["Empty Cage","Cursed Key"],"picked":"Black Star"}],"items_purged_floors":[],"is_endless":false,"potions_floor_spawned":[8,12,15,21,23,26,32,39],"killed_by":"Sphere and 2 Shapes","ascension_level":0}}