{"host":"d9tpyi6mde8z2n96","time":1609968154,"event":{"mods":["100% Spire Juice","2.2 Compatiblity","AchievementEnabler","Act Like it!","AlwaysNeverKeys","Aspiration","BaseMod","Beaked The Cultist","Better Altar","Better Note","CapriCore","Challenge The Spire","Colored Map","Colored Powertips","Conspire","Defuse TimeMaze Blight","Dota2Spire","Downfall","Elementarium","Energized Spire","Evolution","Friendly Minions","Gensokyo","GifTheSpireLib","Gold Saver","GungeonMod","Halation","Hermit","HololiveMod","Hubris","Hyrulean Relics","Infinite Spire","Jess\u0027s Bottle","Jorbs\u0027s Wanderer Trilogy","Marisa????????","Melee Mod","Minty Spire (QoL Compilation)","MostiFishMod","Pale of the Ancients","Permanent Neow","Potionbrewer","Quick Restart","Railgun Mod","Replay The Spire","Robot Space Explorer","RumiaBox-????????","Shop Mod","Spikes Relics","StSLib","TestMod","The Alterego","The Blue Laboratory","The Death Knight","The Factory","The Fake Hero","The Marked","The Spell Scribe","Trackpad","Transform Curses","Virulent Crown","Waifu the Spire","Wandering Minibosses","WarShipGirlsR/????R mod","Yakumo Yukari mod"],"gold_per_floor":[119,119,138,66,66,66,66,66,66,87,113,127,156,104,104,215,215,239,239,119,155,155,155,189,208,232,268,268],"floor_reached":27,"playtime":969,"items_purged":[],"score":238,"play_id":"cc1bde79-198e-4329-8a55-1fb1484021b5","local_time":"20210106162234","is_ascension_mode":false,"campfire_choices":[{"data":"Moonworks:EvilSpyWorkPreparation","floor":6,"key":"SMITH"},{"data":"Moonworks:MiracleRedBeanIceCream","floor":8,"key":"SMITH"},{"data":"Moonworks:EvilSpyWorkPreparation","floor":15,"key":"SMITH"},{"data":"Moonworks:CloudOfSeagulls","floor":23,"key":"SMITH"}],"circlet_count":0,"master_deck":["Moonworks:CloudOfSeagulls","Moonworks:CloudOfSeagulls","Moonworks:CloudOfSeagulls+1","Moonworks:Defend","Moonworks:Defend","Moonworks:Defend","Moonworks:MiracleRedBeanIceCream+1","Moonworks:EvilSpyWorkPreparation+1","Moonworks:RedAndBlue","Moonworks:RedAndBlue","Moonworks:EvilSpyWorkPreparation+1","Moonworks:EvilSpyWorkPreparation","Moonworks:WindyEnchantment","Shame","Moonworks:JonathanRush","Perseverance","Moonworks:SakisCookie+1","Moonworks:JonathanRush"],"relics":["Moonworks:BrokenBomb","Moonworks:Homemark","EVO:Axolotl","testmod-TestBox","DaveBox","testmod-TheFather","Lizard Tail","SynthV:TestCard","hubris:SlimyHat","SnailShell","infinitespire:Midas Blood","Dota2Spire:HandOfMidas"],"acts_visited":["Exordium","TheCity"],"potions_floor_usage":[],"damage_taken":[{"damage":16,"enemies":"conspire:RoseBush","floor":1,"turns":4},{"damage":0,"enemies":"Jaw Worm","floor":3,"turns":3},{"damage":8,"enemies":"2 Louse","floor":10,"turns":2},{"damage":0,"enemies":"Lots of Slimes","floor":11,"turns":1},{"damage":0,"enemies":"2 Fungi Beasts","floor":12,"turns":2},{"damage":0,"enemies":"Replay:BlueRogue","floor":13,"turns":3},{"damage":41,"enemies":"Hexaghost","floor":16,"turns":6},{"damage":10,"enemies":"Shell Parasite","floor":18,"turns":7},{"damage":6,"enemies":"3 Byrds","floor":21,"turns":3},{"damage":34,"enemies":"Snake Plant","floor":24,"turns":6},{"damage":7,"enemies":"conspire:HollyBat","floor":25,"turns":7},{"damage":19,"enemies":"Chosen and Byrds","floor":27,"turns":4}],"seed_played":"8863697011809296173","potions_obtained":[{"floor":11,"key":"Strength Potion"},{"floor":13,"key":"potionbrewer:NoxiousPotion"},{"floor":25,"key":"Venom Potion"}],"is_trial":false,"path_per_floor":["M","?","M","$","?","R","?","R","T","M","M","M","E","$","R","B",null,"M","?","?","M","?","R","M","M","T","M"],"character_chosen":"THE_STARBREAKER","items_purchased":["Moonworks:RedAndBlue","Moonworks:EvilSpyWorkPreparation"],"campfire_rested":0,"item_purchase_floors":[4,14],"current_hp_per_floor":[38,43,43,43,43,43,43,43,43,35,35,35,35,35,35,21,54,44,44,44,38,38,38,4,1,1,0,0],"gold":268,"neow_bonus":"REMOVE_TWO","is_daily":false,"chose_seed":false,"campfire_upgraded":4,"win_rate":0.0,"timestamp":1609968154,"path_taken":["M","?","M","?","?","R","?","R","T","M","M","?","E","$","R","BOSS","M","?","?","M","?","R","M","?","T","M"],"items_purchased_type":["Card","Card"],"build_version":"2020-12-22","purchased_purges":0,"victory":false,"max_hp_per_floor":[54,54,54,54,54,54,54,54,54,54,54,54,54,54,54,54,54,54,54,54,54,54,54,54,54,54,54,54],"card_choices":[{"not_picked":["Moonworks:IndiscriminateFireSupport","Moonworks:CompletionReward"],"picked":"Moonworks:MiracleRedBeanIceCream","floor":1},{"not_picked":["Moonworks:ImOnFire","Moonworks:AngelHand","Moonworks:CloudOfSeagulls","Moonworks:SelfDestruct"],"picked":"Moonworks:EvilSpyWorkPreparation","floor":3},{"not_picked":["Moonworks:BigMagnum","Moonworks:Accelerator","Moonworks:FinalSurgery","Moonworks:BeyondHell"],"picked":"Moonworks:RedAndBlue","floor":10},{"not_picked":["Moonworks:IndiscriminateFireSupport","Moonworks:CloudOfSeagulls","Moonworks:Assault","Moonworks:LulusLuckyEgg","Moonworks:LuckyCharm"],"picked":"SKIP","floor":11},{"not_picked":["Moonworks:WeAreWaruda","Moonworks:CloudOfSeagulls","Moonworks:WindyEnchantment","Moonworks:ImOnFire"],"picked":"Moonworks:EvilSpyWorkPreparation","floor":12},{"not_picked":["Moonworks:AwakeningOfTalent","Moonworks:ImOnFire","Moonworks:PlushieMaster","Moonworks:CloudOfSeagulls","Moonworks:Poppoformation"],"picked":"SKIP","floor":13},{"not_picked":["Moonworks:ImOnFire","Moonworks:CloudOfSeagulls+1","Moonworks:EvilSpyWorkPreparation","Moonworks:ExtendedPhotonRifle+1"],"picked":"Moonworks:WindyEnchantment","floor":18},{"not_picked":["Moonworks:WindyEnchantment","Moonworks:SakisCookie","Moonworks:LulusLuckyEgg+1","Moonworks:SelfDestruct"],"picked":"Moonworks:JonathanRush","floor":21},{"not_picked":["Moonworks:AwakeningOfTalent","Moonworks:Poppoformation","Moonworks:NicePresent+1","Moonworks:SelfDestruct"],"picked":"Moonworks:SakisCookie+1","floor":24},{"not_picked":["Moonworks:DeployBits","Moonworks:BigMagnum","Moonworks:IndiscriminateFireSupport","Moonworks:CloudOfSeagulls"],"picked":"Moonworks:JonathanRush","floor":25}],"player_experience":1172393,"relics_obtained":[{"floor":1,"key":"SynthV:TestCard"},{"floor":9,"key":"hubris:SlimyHat"},{"floor":13,"key":"SnailShell"},{"floor":26,"key":"Dota2Spire:HandOfMidas"}],"event_choices":[{"cards_removed":["Moonworks:CloudOfSeagulls"],"damage_healed":5,"gold_gain":0,"player_choice":"Offered Common","damage_taken":0,"max_hp_gain":0,"max_hp_loss":0,"event_name":"Bonfire Elementals","floor":2,"gold_loss":0},{"cards_removed":["Moonworks:CloudOfSeagulls"],"damage_healed":5,"gold_gain":0,"player_choice":"Offered Special","damage_taken":0,"max_hp_gain":0,"max_hp_loss":0,"event_name":"Bonfire Elementals","floor":2,"gold_loss":0},{"cards_removed":["Moonworks:RedAndBlue"],"damage_healed":0,"gold_gain":0,"player_choice":"Give","damage_taken":0,"max_hp_gain":0,"max_hp_loss":0,"event_name":"betterNote:BetterNote","floor":7,"gold_loss":0,"cards_obtained":["wanderingMiniBosses:FinaleOfPromise"]},{"damage_healed":0,"gold_gain":0,"player_choice":"Stole Relic","damage_taken":0,"relics_obtained":["infinitespire:Midas Blood"],"max_hp_gain":0,"max_hp_loss":0,"event_name":"Addict","floor":20,"gold_loss":0,"cards_obtained":["Shame"]},{"damage_healed":0,"gold_gain":0,"player_choice":"Read","damage_taken":0,"max_hp_gain":0,"max_hp_loss":0,"event_name":"The Library","floor":22,"gold_loss":0,"cards_obtained":["Perseverance"]}],"is_beta":false,"boss_relics":[{"not_picked":[]}],"items_purged_floors":[],"is_endless":false,"potions_floor_spawned":[11,13,21,25],"killed_by":"Chosen and Byrds","ascension_level":0}}