{"host":"rgcz6yx3duq0lh14","time":1609946073,"event":{"mods":["ATMod(à¢‡ıMod)","AchievementEnabler","Act Like it!","Aspiration","Astrologer","BaseMod","CapriCore","Chen","Colored Map","Decade(â§è¨ñæ)","Friendly Minions","Gensokyo","GungeonMod","Hallownest","Hermit","Jedi Mod","KinomotoSakuraMod(ñÿîVñ{?)","Koishi","Mari Mod (Legacy)","Mari\u0027s V1 Patch","MarisaÅiñ∂âJÅ@ñÇóùçπÅj","Minty Spire (QoL Compilation)","MostiFishMod","Pale of the Ancients","Permanent Neow","Potionbrewer","Prisma Mod","Quick Restart","ReimuÅiîé??öÎÅj","Replay The Spire","Robot Space Explorer","RumiaBox-òIïƒ?ìIê_îÈ·¥éq","Spicy Shops","StSLib","The Alterego","The Animator","The Bug Knight","The Cursed","The Dragon Tamer","The Forsaken","The Gatherer","The Immortal","The Marked","The Mystic","The Poker Player","The Runesmith","The Servant 0.9.4","TheWitcher","Yakumo Yukari mod","YoumuÅiç∞ÈÆódöÎÅj","Åy?ï®?îvÅzREMEMod"],"gold_per_floor":[119,49,49,49,119,145,145,160,238,272,284,300,300,331,331,430,430,449,449,449,469,480,480,506,506,506,506,506],"floor_reached":27,"playtime":1531,"items_purged":[],"score":285,"play_id":"df907e25-c152-4034-b278-dc4f39b88252","local_time":"20210106231433","is_ascension_mode":true,"campfire_choices":[{"data":"Gatherer:Bulldoze","floor":7,"key":"SMITH"},{"data":"theMarked:SoldierOfQuellstein","floor":13,"key":"SMITH"},{"data":"theMarked:EternalStudent","floor":15,"key":"SMITH"},{"data":"theMarked:SoldierForm","floor":23,"key":"SMITH"},{"floor":25,"key":"REST"}],"circlet_count":0,"master_deck":["theMarked:Strike","theMarked:Strike","theMarked:Strike","theMarked:Strike+1","theMarked:Defend+1","theMarked:Defend","theMarked:Defend","theMarked:Defend+1","theMarked:SoldierOfQuellstein+1","Gatherer:Bulldoze+1","Gensokyo:CrescentMoonSlash","theMarked:MuscleMemory","theMarked:RogueSparks","theMarked:Parry","theMarked:Overcharge+1","theMarked:EternalStudent+1","theMarked:SoldierForm+1","theMarked:Indomitable+1","theForsaken:PlagueCurse","theMarked:AttractMetal","theMarked:TwofoldDefense+1"],"relics":["theMarked:ArtifactOfAir","AT_ATBox","DaveBox","REME_ComplimentaryCards","SynthV:TestCard","SynthV:C4","Shuriken","Iron Hammer","Peace Pipe","War Paint","jedi:paperlyon","theForsaken:PlagueMask","AT_ArchangelStaff","theForsaken:ScaryMask","DemoMod:VorpalBullet","Frozen Eye"],"acts_visited":["Exordium","Gensokyo:Gensokyo"],"potions_floor_usage":[6,10,16,16,24,24,27],"damage_taken":[{"damage":0,"enemies":"Gensokyo:3_Fairies","floor":1,"turns":3},{"damage":18,"enemies":"Gensokyo:Cirno","floor":6,"turns":6},{"damage":0,"enemies":"Gensokyo:2_Kodama","floor":8,"turns":1},{"damage":3,"enemies":"Gensokyo:Mamizou","floor":10,"turns":6},{"damage":6,"enemies":"Gensokyo:Python","floor":11,"turns":3},{"damage":0,"enemies":"Gensokyo:LivingMonolith","floor":12,"turns":3},{"damage":0,"enemies":"Gensokyo:Cirno","floor":14,"turns":4},{"damage":26,"enemies":"Gensokyo:Kokoro","floor":16,"turns":12},{"damage":5,"enemies":"Gensokyo:Chomper","floor":18,"turns":3},{"damage":2,"enemies":"Gensokyo:CosmicMonolith","floor":21,"turns":4},{"damage":13,"enemies":"Gensokyo:Wraith","floor":22,"turns":3},{"damage":37,"enemies":"Gensokyo:Reisen","floor":24,"turns":4},{"damage":36,"enemies":"Gensokyo:Koishi","floor":27,"turns":4}],"seed_played":"-1111578554636557876","potions_obtained":[{"floor":1,"key":"potionbrewer:FreezingPotion"},{"floor":6,"key":"Dexterity Potion"},{"floor":14,"key":"potionbrewer:SplittingPotion"},{"floor":18,"key":"potionbrewer:AcidPotion"},{"floor":22,"key":"jedi:StrikingPotion"},{"floor":24,"key":"potionbrewer:MidasPotion"}],"is_trial":false,"path_per_floor":["M","?","?","?","T","E","R","M","T","E","M","M","R","E","R","B",null,"M","?","?","M","M","R","E","R","T","E"],"character_chosen":"THE_DEFAULT","items_purchased":[],"campfire_rested":1,"item_purchase_floors":[],"current_hp_per_floor":[70,70,60,67,67,49,49,49,49,46,40,40,40,40,40,14,77,72,72,57,55,42,42,5,28,28,0,0],"gold":506,"neow_bonus":"REMOVE_CARD","is_daily":false,"chose_seed":false,"campfire_upgraded":4,"win_rate":0.0,"timestamp":1609946073,"path_taken":["M","?","?","?","?","E","R","M","T","E","M","?","R","E","R","BOSS","M","?","?","?","M","R","E","R","T","E"],"items_purchased_type":[],"build_version":"2020-12-22","purchased_purges":0,"victory":false,"max_hp_per_floor":[70,70,70,77,77,77,77,77,77,77,77,77,77,77,77,77,77,77,77,77,77,77,77,77,77,77,77,77],"card_choices":[{"not_picked":["theMarked:BanishingStrike","theMarked:Static","theMarked:WastefulDefense"],"picked":"SKIP","floor":1},{"not_picked":["theMarked:BanishingStrike","theMarked:Static","theMarked:WastefulDefense"],"picked":"SKIP","floor":1},{"not_picked":["theMarked:Reabsorb","theMarked:ResourceFulStrike","theMarked:WardOff","theMarked:ContemptForTheProud"],"picked":"theMarked:MuscleMemory","floor":6},{"not_picked":["theMarked:GodGivenPower","theMarked:Improvise","theMarked:Panic","theMarked:WastefulDefense"],"picked":"theMarked:RogueSparks","floor":8},{"not_picked":["theMarked:WastefulAttack","theMarked:MaelstromOfLightning","theMarked:DeterminationOfTheMarked","theMarked:BanishingStrike","theMarked:Parkour"],"picked":"SKIP","floor":10},{"not_picked":["theMarked:WastefulDefense","theMarked:LightningStrikesTwice","theMarked:Aftermath","theMarked:WardOff"],"picked":"theMarked:Parry","floor":11},{"not_picked":["theMarked:GodGivenPower","theMarked:WastefulDefense","theMarked:Aftermath","theMarked:Seal"],"picked":"theMarked:Overcharge","floor":12},{"not_picked":["theMarked:MaelstromOfLightning","theMarked:WardOff","theMarked:EmpowerWeapon","theMarked:Improvise"],"picked":"theMarked:EternalStudent","floor":14},{"not_picked":["theMarked:FavorableWinds","theMarked:MagicAdept","theMarked:SuspiciousRaven","theMarked:SummonStrength"],"picked":"theMarked:SoldierForm","floor":16},{"not_picked":["theMarked:GodGivenPower","theMarked:ChainLightning+1","theMarked:Aftermath","theMarked:HeightenedSenses"],"picked":"theMarked:Indomitable+1","floor":18},{"not_picked":["theMarked:ElectricStrings","theMarked:LightningStrikesTwice","theMarked:HeightenedSenses","theMarked:BanishingStrike"],"picked":"theMarked:AttractMetal","floor":21},{"not_picked":["theMarked:Electrify+1","theMarked:Parkour","theMarked:ElementalBlade","theMarked:Convert+1"],"picked":"theMarked:TwofoldDefense+1","floor":22},{"not_picked":["theMarked:Defy","theMarked:SwordAndMagic","theMarked:HeightenedSenses+1","theMarked:Overcharge","theMarked:ChainLightning"],"picked":"SKIP","floor":24}],"player_experience":936654,"relics_obtained":[{"floor":1,"key":"SynthV:TestCard"},{"floor":5,"key":"Shuriken"},{"floor":6,"key":"Iron Hammer"},{"floor":10,"key":"Peace Pipe"},{"floor":14,"key":"War Paint"},{"floor":24,"key":"theForsaken:ScaryMask"},{"floor":26,"key":"DemoMod:VorpalBullet"}],"event_choices":[{"damage_healed":0,"gold_gain":0,"player_choice":"Obtain Plague Curse","damage_taken":0,"max_hp_gain":0,"max_hp_loss":0,"event_name":"Plague Doctor","floor":19,"gold_loss":0,"cards_obtained":["theForsaken:PlagueCurse"]}],"is_beta":false,"boss_relics":[{"not_picked":["NightmareShop","Runesmith:UraniumAnvil"],"picked":"jedi:paperlyon"}],"items_purged_floors":[],"is_endless":false,"potions_floor_spawned":[1,6,14,18,22,24],"killed_by":"Gensokyo:Koishi","ascension_level":1}}