{"host":"uflv0e3ja7hvnij7","time":1609956399,"event":{"mods":["BaseMod","Better Altar","Better Match","Better Note","Better Sensory Stone","Better Skull","Better Third Choice","Minty Spire (QoL Compilation)","Permanent Neow","Replay The Spire","StSLib"],"gold_per_floor":[119,44,57,57,57,82,82,98,98,127,127,127,155,165,165,269,369,379,379,379,392,402,402,402],"floor_reached":23,"playtime":1008,"items_purged":["Strike_R"],"score":316,"play_id":"7c2d2248-5b13-46f6-8de1-8263840666ad","local_time":"20210106130639","is_ascension_mode":true,"campfire_choices":[{"data":"Eruption","floor":12,"key":"SMITH"},{"floor":15,"key":"REST"}],"circlet_count":0,"master_deck":["Strike_R","Strike_R","Strike_R","Strike_R","Defend_R","Defend_R","Disarm","Iron Wave","Eruption+1","Sickly","Twin Strike","Halt","Cleave","Sword Boomerang","Halt","Demon Form","Infernal Blade","LessonLearned","Reckless Charge+1","Pommel Strike+1"],"relics":["Unceasing Top","Replay:M_SmolderingBlood","Ring of Fury","Pear","Divine Protection","ReplayFunnel","Red Skull","Replay:Wanted Poster"],"acts_visited":["Exordium","TheCity"],"potions_floor_usage":[13,18],"damage_taken":[{"damage":11,"enemies":"Jaw Worm","floor":1,"turns":4},{"damage":0,"enemies":"Small Slimes","floor":3,"turns":3},{"damage":16,"enemies":"Gremlin Nob","floor":6,"turns":3},{"damage":11,"enemies":"2 Louse","floor":8,"turns":3},{"damage":18,"enemies":"Lagavulin","floor":10,"turns":6},{"damage":0,"enemies":"3 Sentries","floor":13,"turns":2},{"damage":0,"enemies":"Blue Slaver","floor":14,"turns":2},{"damage":50,"enemies":"The Guardian","floor":16,"turns":7},{"damage":19,"enemies":"2 Thieves","floor":18,"turns":4},{"damage":16,"enemies":"Shell Parasite","floor":21,"turns":2},{"damage":5,"enemies":"Snake Plant","floor":22,"turns":3},{"damage":1,"enemies":"Gremlin Leader","floor":23,"turns":2}],"seed_played":"-3657582415305746701","potions_obtained":[{"floor":10,"key":"Explosive Potion"},{"floor":13,"key":"Fire Potion"},{"floor":21,"key":"Reflective Coating"},{"floor":22,"key":"Strength Potion"}],"is_trial":false,"path_per_floor":["M","$","M","?","?","E","?","M","T","E","?","R","E","M","R","B",null,"M","?","?","M","M","E"],"character_chosen":"IRONCLAD","items_purchased":[],"campfire_rested":1,"item_purchase_floors":[],"current_hp_per_floor":[67,67,72,72,72,66,71,60,60,42,42,42,42,42,68,18,70,51,51,51,35,30,29,29],"gold":402,"neow_bonus":"ONE_RARE_RELIC","is_daily":false,"chose_seed":false,"campfire_upgraded":1,"win_rate":0.0,"timestamp":1609956399,"path_taken":["M","$","M","?","?","E","?","M","T","E","?","R","E","M","R","BOSS","M","?","?","M","?","E"],"items_purchased_type":[],"build_version":"2020-12-22","purchased_purges":1,"victory":false,"max_hp_per_floor":[72,72,72,72,72,82,87,87,87,87,87,87,87,87,87,87,87,87,87,87,87,87,87,87],"card_choices":[{"not_picked":["Armaments","Flex"],"picked":"Disarm","floor":1},{"not_picked":["Heavy Blade","Perfected Strike"],"picked":"Iron Wave","floor":3},{"not_picked":["BowlingBash","Armaments"],"picked":"Twin Strike","floor":6},{"not_picked":["Metallicize","Shrug It Off"],"picked":"Halt","floor":8},{"not_picked":["CrushJoints","Anger"],"picked":"Cleave","floor":10},{"not_picked":["Run Through","Cleave"],"picked":"Sword Boomerang","floor":13},{"not_picked":["FlyingSleeves","Perfected Strike"],"picked":"Halt","floor":14},{"not_picked":["Reaper","Offering"],"picked":"Demon Form","floor":16},{"not_picked":["Rupture","Thunderclap"],"picked":"Infernal Blade","floor":18},{"not_picked":["Sever Soul","Clash"],"picked":"Reckless Charge+1","floor":21},{"not_picked":["True Grit","ReplayTheSpireMod:Strike From Hell"],"picked":"Pommel Strike+1","floor":22}],"player_experience":502479,"relics_obtained":[{"floor":5,"key":"Ring of Fury"},{"floor":6,"key":"Pear"},{"floor":9,"key":"Divine Protection"},{"floor":10,"key":"ReplayFunnel"},{"floor":13,"key":"Red Skull"}],"event_choices":[{"damage_healed":0,"gold_gain":0,"player_choice":"Donut","damage_taken":0,"max_hp_gain":5,"max_hp_loss":0,"event_name":"Big Fish","floor":7,"gold_loss":0},{"cards_removed":["Demon Form"],"damage_healed":0,"gold_gain":0,"player_choice":"Take \u0026 Give","damage_taken":0,"max_hp_gain":0,"max_hp_loss":0,"event_name":"betterNote:BetterNote","floor":19,"gold_loss":0,"cards_obtained":["LessonLearned"]},{"cards_removed":["Defend_R"],"damage_healed":0,"gold_gain":0,"player_choice":"Offered Basic","damage_taken":0,"max_hp_gain":0,"max_hp_loss":0,"event_name":"Bonfire Elementals","floor":20,"gold_loss":0}],"is_beta":false,"boss_relics":[{"not_picked":["SacredBark","Calling Bell"],"picked":"Replay:Wanted Poster"}],"items_purged_floors":[2],"is_endless":false,"potions_floor_spawned":[10,13,21,22],"killed_by":"Gremlin Leader","ascension_level":7}}