{"host":"65bhxfoqsqjg61le","time":1609907476,"event":{"mods":["2.2 Compatiblity","AchievementEnabler","BaseMod","Better Third Choice","Colored Map","Colored Powertips","Conspire","Curses Come First","DeckTracker","Downfall","Energized Spire","Evolution","GifTheSpireLib","Googly Eyes","Hubris","Infinite Spire","Minty Spire (QoL Compilation)","Quick Restart","RRrroohrrRGHHhhh!!","Random Character Button","Rare Cards Sparkle","Replay The Spire","Shade Mod","StSLib","Stuff the Spire","The IronCluck","The Jungle","Wandering Minibosses","egg","everything is the same but u backflip on backflip","slay the spire mod where everything is the same but ironclad has a cowboy hat","thorton"],"gold_per_floor":[116,131,147,147,147,147,189,223,223,223,223,223,235,255,275,293,293,388,388,408,428,353,306,306,306,325,325,325],"floor_reached":27,"playtime":976,"items_purged":["Strike_R"],"score":360,"play_id":"7257d25b-50aa-43a4-9df0-6aef4744da60","local_time":"20210105233116","is_ascension_mode":true,"campfire_choices":[{"floor":10,"key":"REST"},{"data":"Rampage","floor":12,"key":"SMITH"}],"circlet_count":0,"master_deck":["Strike_R","Strike_R","Strike_R","Defend_R","Defend_R","Defend_R","Defend_R","Bash+1","Thunderclap","Twin Strike","infinitespire:Oblivion","Rampage+1","Double Tap+1","Flex","infinitespire:OneForAll","Cleave","Dropkick"],"relics":["Burning Blood","EVO:Axolotl","Kunai","StuffTheSpire:CocoNut","Snack Pack","energizedSpire:DecayingSkull"],"acts_visited":["Exordium","Exordium"],"potions_floor_usage":[7,8,18,27],"damage_taken":[{"damage":13,"enemies":"infinitespire:Voidling","floor":1,"turns":4},{"damage":6,"enemies":"Cultist","floor":2,"turns":3},{"damage":7,"enemies":"2 Louse","floor":3,"turns":3},{"damage":23,"enemies":"conspire:MimicChest","floor":7,"turns":5},{"damage":16,"enemies":"3 Sentries","floor":8,"turns":7},{"damage":0,"enemies":"Blue Slaver","floor":13,"turns":2},{"damage":16,"enemies":"Lots of Slimes","floor":14,"turns":3},{"damage":11,"enemies":"Looter","floor":15,"turns":2},{"damage":7,"enemies":"Exordium Wildlife","floor":16,"turns":2},{"damage":0,"enemies":"Slime Boss","floor":18,"turns":7},{"damage":12,"enemies":"theJungle:GiantWrat","floor":20,"turns":4},{"damage":18,"enemies":"theJungle:MUSHROOMGANG","floor":21,"turns":3},{"damage":24,"enemies":"theJungle:Snecko_Cultist_And_Trap","floor":23,"turns":6},{"damage":41,"enemies":"Snake Plant","floor":26,"turns":3},{"damage":43,"enemies":"theJungle:MamaSnecko","floor":27,"turns":4}],"seed_played":"1205067638473346743","potions_obtained":[{"floor":2,"key":"Energy Potion"},{"floor":7,"key":"DistilledChaos"},{"floor":8,"key":"Venom Potion"},{"floor":16,"key":"SkillPotion"},{"floor":23,"key":"Swift Potion"}],"is_trial":false,"path_per_floor":["M","M","M","?","PTL","PTL","?","E","?","R","T","R","M","M","M","M","R_BF","B",null,"M","M","$","M","PTL","PTL","M","E"],"character_chosen":"IRONCLAD","items_purchased":[],"campfire_rested":1,"item_purchase_floors":[],"current_hp_per_floor":[65,65,64,45,45,45,28,25,25,51,51,51,59,51,46,47,73,87,87,83,73,73,61,61,61,28,0,0],"gold":325,"neow_bonus":"UPGRADE_CARD","is_daily":false,"chose_seed":false,"campfire_upgraded":1,"win_rate":0.0,"timestamp":1609907476,"path_taken":["M","M","?","?","PTL","PTL","?","E","?","R","T","R","M","M","M","M","R_BF","BOSS","M","M","?","M","PTL","PTL","?","E"],"items_purchased_type":[],"build_version":"2020-12-22","purchased_purges":1,"victory":false,"max_hp_per_floor":[80,80,80,80,80,80,80,87,87,87,87,87,87,87,87,87,87,87,87,87,87,87,87,87,87,87,87,87],"card_choices":[{"not_picked":["Cleave","Power Through"],"picked":"Thunderclap","floor":1},{"not_picked":["Sword Boomerang","Clothesline"],"picked":"Twin Strike","floor":2},{"not_picked":["Intimidate","ReplayTheSpireMod:Strike From Hell","Heavy Blade"],"picked":"SKIP","floor":3},{"not_picked":["ReplayTheSpireMod:Echoes of Time","infinitespire:Starlight"],"picked":"infinitespire:Oblivion","floor":4},{"not_picked":["Twin Strike","StuffTheSpire:Slingshot"],"picked":"Rampage","floor":8},{"not_picked":["Perfected Strike","Run Through"],"picked":"Flex","floor":13},{"not_picked":["Thunderclap","Blood for Blood","Armaments"],"picked":"SKIP","floor":14},{"not_picked":["StuffTheSpire:Incineration","Heavy Blade","Evolve"],"picked":"SKIP","floor":15},{"not_picked":["StuffTheSpire:Slingshot","Armaments"],"picked":"infinitespire:OneForAll","floor":16},{"not_picked":["Thunderclap","ReplayTheSpireMod:Limb From Limb+1"],"picked":"Cleave","floor":20},{"not_picked":["Second Wind+1","ReplayTheSpireMod:Strike From Hell","Rupture"],"picked":"SKIP","floor":21},{"not_picked":["hubris:ReadiedAction","Replay:Undeath\u0027s Touch+1","StuffTheSpire:Resist"],"picked":"SKIP","floor":23},{"not_picked":["Infernal Blade","Shrug It Off"],"picked":"Dropkick","floor":26}],"player_experience":1064664,"relics_obtained":[{"floor":7,"key":"Kunai"},{"floor":8,"key":"StuffTheSpire:CocoNut"},{"floor":11,"key":"Snack Pack"}],"event_choices":[{"damage_healed":0,"gold_gain":0,"cards_transformed":["Strike_R"],"player_choice":"Transformed","damage_taken":0,"max_hp_gain":0,"max_hp_loss":0,"event_name":"Transmorgrifier","floor":9,"gold_loss":0,"cards_obtained":["Double Tap"]}],"is_beta":false,"boss_relics":[{"not_picked":["conspire:SlowCooker","infinitespire:Cupcake"],"picked":"energizedSpire:DecayingSkull"}],"items_purged_floors":[22],"is_endless":false,"potions_floor_spawned":[2,7,8,16,23],"killed_by":"theJungle:MamaSnecko","ascension_level":7}}