{"host":"ikjt6v4q6zrcj3if","time":1609891477,"event":{"mods":["BaseMod","CapriCore","Colored Map","Downfall","Luminous","Minty Spire (QoL Compilation)","Permanent Neow","Quick Restart","Replay The Spire","Robot Space Explorer","Somnambulant","Spicy Shops","StSLib","SuperFastMode","The Exalted","The Marked","The Runesmith","TheSwordswoman","WarShipGirlsR/??è≠èóR mod"],"gold_per_floor":[112,126,126,72,72,72,72,72],"floor_reached":7,"playtime":659,"items_purged":[],"score":41,"play_id":"062d78e0-9e2f-4728-81b4-942f540feb52","local_time":"20210106090437","daily_mods":["Draft"],"is_ascension_mode":true,"campfire_choices":[{"data":"somnambulantmod: PillowFort","floor":6,"key":"SMITH"}],"circlet_count":0,"master_deck":["somnambulantmod: AllForNothing","somnambulantmod: PillowFort+1","somnambulantmod: Repression","somnambulantmod: Hush","somnambulantmod: Nosebleed","somnambulantmod: Repression","somnambulantmod: SnuggleUp","somnambulantmod: TrepanningBlow","somnambulantmod: RacingThoughts","somnambulantmod: Unknow","somnambulantmod: RacingThoughts","somnambulantmod: HeadSmack","somnambulantmod: SickeningSwathe","somnambulantmod: Pinch","somnambulantmod: Relive","somnambulantmod: Hush","somnambulantmod: Hush"],"relics":["somnambulantmod: DreamJournal"],"acts_visited":["Exordium"],"potions_floor_usage":[],"damage_taken":[{"damage":0,"enemies":"Small Slimes","floor":1,"turns":4},{"damage":0,"enemies":"2 Louse","floor":2,"turns":3},{"damage":2,"enemies":"Gremlin Nob","floor":7,"turns":3}],"seed_played":"145469410297362229","potions_obtained":[],"is_trial":true,"path_per_floor":["M","M","?","$","?","R","E"],"character_chosen":"THE_SOMNAMBULANT","items_purchased":["somnambulantmod: Hush"],"campfire_rested":0,"item_purchase_floors":[4],"current_hp_per_floor":[70,70,70,70,70,70,68,68],"gold":72,"neow_bonus":"","is_daily":false,"chose_seed":false,"campfire_upgraded":1,"win_rate":0.0,"timestamp":1609891477,"path_taken":["M","M","?","$","?","R","E"],"items_purchased_type":["Card"],"build_version":"2020-12-22","purchased_purges":0,"victory":false,"max_hp_per_floor":[70,70,70,70,70,70,70,70],"card_choices":[{"not_picked":["somnambulantmod: LeechFears","somnambulantmod: MindWave"],"picked":"somnambulantmod: AllForNothing","floor":0},{"not_picked":["somnambulantmod: DeeperSleep","somnambulantmod: LeechFears"],"picked":"somnambulantmod: PillowFort","floor":0},{"not_picked":["somnambulantmod: Sleepyhead","somnambulantmod: HorrificThought"],"picked":"somnambulantmod: Repression","floor":0},{"not_picked":["somnambulantmod: MindWave","somnambulantmod: BadIdea"],"picked":"somnambulantmod: Harden","floor":0},{"not_picked":["somnambulantmod: SnuggleUp","somnambulantmod: Trauma"],"picked":"somnambulantmod: Hush","floor":0},{"not_picked":["somnambulantmod: RecurringDream","somnambulantmod: Reject"],"picked":"somnambulantmod: Nosebleed","floor":0},{"not_picked":["somnambulantmod: AllForNothing","somnambulantmod: RecurringDream"],"picked":"somnambulantmod: Repression","floor":0},{"not_picked":["somnambulantmod: MindWave","somnambulantmod: SleepingBody"],"picked":"somnambulantmod: SnuggleUp","floor":0},{"not_picked":["somnambulantmod: Cower","somnambulantmod: Stumble"],"picked":"somnambulantmod: TrepanningBlow","floor":0},{"not_picked":["somnambulantmod: Repression","somnambulantmod: Sleepyhead"],"picked":"somnambulantmod: RacingThoughts","floor":0},{"not_picked":["somnambulantmod: Harden","somnambulantmod: Blink"],"picked":"somnambulantmod: Unknow","floor":0},{"not_picked":["somnambulantmod: OpeningUp","somnambulantmod: Bloom"],"picked":"somnambulantmod: RacingThoughts","floor":0},{"not_picked":["somnambulantmod: DreamBig","somnambulantmod: Repression"],"picked":"somnambulantmod: HeadSmack","floor":0},{"not_picked":["somnambulantmod: TimeCompression","somnambulantmod: RecurringDream"],"picked":"somnambulantmod: SickeningSwathe","floor":0},{"not_picked":["somnambulantmod: Trauma","somnambulantmod: Stimulus"],"picked":"somnambulantmod: Pinch","floor":0},{"not_picked":["somnambulantmod: Nosebleed","somnambulantmod: Blink"],"picked":"somnambulantmod: Relive","floor":1},{"not_picked":["somnambulantmod: AllForNothing","somnambulantmod: Unmake","somnambulantmod: SickeningSwathe"],"picked":"SKIP","floor":2}],"player_experience":366994,"relics_obtained":[],"event_choices":[{"damage_healed":0,"gold_gain":0,"player_choice":"Ignored","damage_taken":0,"max_hp_gain":0,"max_hp_loss":0,"event_name":"Liars Game","floor":3,"gold_loss":0},{"cards_removed":["somnambulantmod: Harden"],"damage_healed":0,"gold_gain":0,"player_choice":"Forget","damage_taken":0,"max_hp_gain":0,"max_hp_loss":0,"event_name":"Living Wall","floor":5,"gold_loss":0}],"is_beta":false,"boss_relics":[],"items_purged_floors":[],"is_endless":false,"potions_floor_spawned":[],"killed_by":"Gremlin Nob","ascension_level":1}}