{"host":"hjw1ay65n7jm40lc","time":1609910848,"event":{"mods":["AchievementEnabler","BaseMod","Block Reminder","Colored Map","Colored Powertips","Curses Come First","Googly Eyes","Hermit","Highlight Path","Minty Spire (QoL Compilation)","Quick Restart","Relic Stats","StSLib"],"gold_per_floor":[114,65,65,76,95,95,125,125,125,159,234,234,85,111,111,214,264,277,277,291,291,291,291,291,291],"floor_reached":24,"playtime":1841,"items_purged":[],"score":288,"play_id":"3a63473d-ebdd-45be-bbe9-9369412c6d24","local_time":"20210106002728","is_ascension_mode":true,"campfire_choices":[{"data":"hermit:Dive","floor":6.0,"key":"SMITH"},{"data":"hermit:Combo","floor":8.0,"key":"SMITH"},{"data":"1","floor":15.0,"key":"LIFT"},{"data":"2","floor":23,"key":"LIFT"}],"circlet_count":0,"master_deck":["hermit:Strike_Hermit","hermit:Strike_Hermit","hermit:Defend_Hermit","hermit:Defend_Hermit","hermit:Defend_Hermit","hermit:Defend_Hermit+1","hermit:Snapshot","hermit:Covet","hermit:HighCaliber","hermit:Dive+1","hermit:Combo+1","hermit:GhostlyPresence+1"],"relics":["hermit:Momento","Matryoshka","InkBottle","Mummified Hand","Girya","Medical Kit","Nunchaku","Tiny House"],"acts_visited":["Exordium","TheCity"],"potions_floor_usage":[20,24,24],"damage_taken":[{"damage":7.0,"enemies":"Jaw Worm","floor":1.0,"turns":3.0},{"damage":0.0,"enemies":"2 Louse","floor":4.0,"turns":3.0},{"damage":1.0,"enemies":"Small Slimes","floor":5.0,"turns":4.0},{"damage":6.0,"enemies":"Gremlin Nob","floor":7.0,"turns":3.0},{"damage":7.0,"enemies":"Lagavulin","floor":10.0,"turns":9.0},{"damage":19.0,"enemies":"3 Sentries","floor":14.0,"turns":7.0},{"damage":5.0,"enemies":"Hexaghost","floor":16.0,"turns":8.0},{"damage":0.0,"enemies":"Shell Parasite","floor":18.0,"turns":8.0},{"damage":4,"enemies":"2 Thieves","floor":20,"turns":5},{"damage":55,"enemies":"Gremlin Leader","floor":24,"turns":7}],"seed_played":"-482726329517845090","potions_obtained":[{"floor":5.0,"key":"DistilledChaos"},{"floor":7.0,"key":"SkillPotion"},{"floor":16.0,"key":"SteroidPotion"},{"floor":17.0,"key":"Ancient Potion"}],"is_trial":false,"path_per_floor":["M","$","?","M","M","R","E","R","T","E","?","?","$","E","R","B",null,"M","?","M","?","?","R","E"],"character_chosen":"HERMIT","items_purchased":["AttackPotion","Medical Kit"],"campfire_rested":0,"item_purchase_floors":[2,13],"current_hp_per_floor":[75,75,75,75,74,74,68,68,68,61,50,50,50,31,31,26,73,73,56,52,52,52,52,0,0],"gold":291,"neow_bonus":"TEN_PERCENT_HP_BONUS","is_daily":false,"chose_seed":false,"campfire_upgraded":2,"win_rate":0.0,"timestamp":1609910848,"path_taken":["M","$","?","M","M","R","E","R","T","E","?","?","?","E","R","BOSS","M","?","M","?","?","R","E"],"items_purchased_type":["Potion","Relic"],"build_version":"2020-12-22","purchased_purges":0,"victory":false,"max_hp_per_floor":[82,82,82,82,82,82,82,82,82,82,82,82,82,82,82,82,87,87,92,92,92,92,92,92,92],"relic_stats":{"Nunchaku":[5],"counters":[10,57],"Mummified Hand":[6],"Medical Kit":[9],"obtain_stats":[{"Girya":10,"Nunchaku":14,"Matryoshka":7,"Tiny House":17,"Mummified Hand":9,"Medical Kit":13,"hermit:Momento":0,"InkBottle":9},{"Girya":5,"Nunchaku":6,"Matryoshka":4,"Tiny House":7,"Mummified Hand":4,"Medical Kit":5,"hermit:Momento":0,"InkBottle":4},{"Girya":22,"Nunchaku":29,"Matryoshka":13,"Tiny House":37,"Mummified Hand":13,"Medical Kit":22,"hermit:Momento":0,"InkBottle":13}],"InkBottle":[19]},"card_choices":[{"not_picked":["hermit:Roulette","hermit:BodyArmor"],"picked":"hermit:HighCaliber","floor":1.0},{"not_picked":["hermit:Dive","hermit:HoleUp","hermit:Roulette"],"picked":"SKIP","floor":4.0},{"not_picked":["hermit:LowProfile","hermit:Malice"],"picked":"hermit:Combo","floor":5.0},{"not_picked":["hermit:Grudge","hermit:BigShot"],"picked":"hermit:GhostlyPresence","floor":7.0},{"not_picked":["hermit:Snipe","hermit:NoHoldsBarred","hermit:Ricochet"],"picked":"SKIP","floor":10.0},{"not_picked":["hermit:Feint","hermit:CalledShot","hermit:Manifest"],"picked":"SKIP","floor":14.0},{"not_picked":["hermit:Quickdraw","hermit:Combo","hermit:Snipe"],"picked":"SKIP","floor":18.0},{"not_picked":["hermit:Desperado","hermit:Grudge","hermit:CalledShot+1"],"picked":"SKIP","floor":20}],"player_experience":435772,"relics_obtained":[{"floor":7.0,"key":"Matryoshka"},{"floor":9.0,"key":"InkBottle"},{"floor":9.0,"key":"Mummified Hand"},{"floor":10.0,"key":"Girya"},{"floor":14.0,"key":"Nunchaku"}],"event_choices":[{"damage_healed":0.0,"max_hp_gain":0.0,"max_hp_loss":0.0,"gold_gain":0.0,"cards_transformed":["hermit:Strike_Hermit"],"event_name":"Living Wall","player_choice":"Change","floor":3.0,"gold_loss":0.0,"damage_taken":0.0,"cards_obtained":["hermit:Dive"]},{"damage_healed":0.0,"max_hp_gain":0.0,"max_hp_loss":0.0,"gold_gain":75.0,"event_name":"World of Goop","player_choice":"Gather Gold","floor":11.0,"gold_loss":0.0,"damage_taken":11.0},{"damage_healed":0.0,"max_hp_gain":0.0,"max_hp_loss":0.0,"gold_gain":0.0,"event_name":"Liars Game","player_choice":"Ignored","floor":12.0,"gold_loss":0.0,"damage_taken":0.0},{"damage_healed":0.0,"max_hp_gain":5.0,"max_hp_loss":0.0,"gold_gain":0.0,"event_name":"Forgotten Altar","player_choice":"Shed Blood","floor":19.0,"gold_loss":0.0,"damage_taken":22.0},{"cards_removed":["hermit:Strike_Hermit"],"damage_healed":0,"gold_gain":0,"player_choice":"Elegance","damage_taken":0,"max_hp_gain":0,"max_hp_loss":0,"event_name":"Back to Basics","floor":21,"gold_loss":0},{"damage_healed":0,"gold_gain":0,"player_choice":"Upgraded","damage_taken":0,"max_hp_gain":0,"max_hp_loss":0,"event_name":"Upgrade Shrine","floor":22,"gold_loss":0,"cards_upgraded":["hermit:GhostlyPresence"]}],"is_beta":false,"boss_relics":[{"not_picked":["SlaversCollar","Runic Dome"],"picked":"Tiny House"}],"items_purged_floors":[],"is_endless":false,"potions_floor_spawned":[5,7,16,18],"killed_by":"Gremlin Leader","ascension_level":5}}