{"host":"w3q5ijqu8eoknil3","time":1609935678,"event":{"mods":["AchievementEnabler","BaseMod","Block Reminder","Colored Map","Colored Powertips","Curses Come First","Minty Spire (QoL Compilation)","Quick Restart","Relic Stats","StSLib","ojb\u0027s Better Paths Mod","ojb\u0027s Info Mod","slay the spire mod where everything is the same but ironclad has a cowboy hat"],"gold_per_floor":[117,117,131,131,131,162,178,178,178,253,279,295,54,72,72,143,143,158,174,194,205,12,40,40,40,40],"floor_reached":25,"playtime":783,"items_purged":["Strike_G"],"score":502,"play_id":"dafe8e63-e3e9-44ee-93f8-e534ab921bbc","local_time":"20210106122118","is_ascension_mode":true,"campfire_choices":[{"data":"After Image","floor":8,"key":"SMITH"},{"data":"Blade Dance","floor":15,"key":"SMITH"},{"data":"Storm of Steel","floor":24,"key":"SMITH"}],"circlet_count":0,"master_deck":["AscendersBane","Strike_G","Strike_G","Strike_G","Defend_G","Defend_G","Defend_G","Defend_G","Defend_G","Survivor","Neutralize","Blade Dance+1","PiercingWail","After Image+1","Dagger Spray","Eviscerate","Terror","Backstab","Storm of Steel+1","Corpse Explosion","Cloak And Dagger","Caltrops+1","Noxious Fumes","Outmaneuver+1","Blur","Infinite Blades","Venomology"],"relics":["Ring of the Snake","NeowsBlessing","White Beast Statue","Pear","Shuriken","Centennial Puzzle","OrangePellets","Coffee Dripper","Tingsha"],"acts_visited":["Exordium","TheCity"],"potions_floor_usage":[11,16,18,18,21,21,23,24,25],"damage_taken":[{"damage":0,"enemies":"Jaw Worm","floor":1,"turns":1},{"damage":0,"enemies":"Cultist","floor":3,"turns":1},{"damage":0,"enemies":"3 Sentries","floor":6,"turns":1},{"damage":0,"enemies":"2 Louse","floor":7,"turns":3},{"damage":10,"enemies":"Lagavulin","floor":11,"turns":6},{"damage":0,"enemies":"Looter","floor":12,"turns":3},{"damage":0,"enemies":"2 Fungi Beasts","floor":14,"turns":2},{"damage":16,"enemies":"Hexaghost","floor":16,"turns":6},{"damage":3,"enemies":"2 Thieves","floor":18,"turns":3},{"damage":9,"enemies":"Chosen","floor":19,"turns":3},{"damage":21,"enemies":"Centurion and Healer","floor":20,"turns":3},{"damage":3,"enemies":"Snecko","floor":21,"turns":5},{"damage":28,"enemies":"Gremlin Leader","floor":23,"turns":7},{"damage":12,"enemies":"Sentry and Sphere","floor":25,"turns":3}],"seed_played":"-4147367457131991161","potions_obtained":[{"floor":1,"key":"CunningPotion"},{"floor":3,"key":"SmokeBomb"},{"floor":11,"key":"Energy Potion"},{"floor":14,"key":"AttackPotion"},{"floor":16,"key":"Swift Potion"},{"floor":18,"key":"SmokeBomb"},{"floor":19,"key":"Swift Potion"},{"floor":20,"key":"Block Potion"},{"floor":21,"key":"Strength Potion"},{"floor":23,"key":"Fruit Juice"}],"is_trial":false,"path_per_floor":["M","?","M","?","?","E","M","R","T","?","E","M","$","M","R","B",null,"M","M","M","M","$","E","R","M"],"character_chosen":"THE_SILENT","items_purchased":["OrangePellets","Backstab","Blur","Infinite Blades"],"campfire_rested":0,"item_purchase_floors":[13,13,22,22],"current_hp_per_floor":[59,59,59,48,53,63,63,63,63,52,42,42,42,42,42,26,67,64,55,34,31,31,3,8,0,0],"gold":40,"neow_bonus":"THREE_ENEMY_KILL","is_daily":false,"chose_seed":false,"campfire_upgraded":3,"win_rate":0.0,"timestamp":1609935678,"path_taken":["M","?","?","?","?","E","M","R","T","?","E","M","$","M","R","BOSS","M","M","M","M","$","E","R","M"],"items_purchased_type":["Relic","Card","Card","Card"],"build_version":"2020-12-22","purchased_purges":1,"victory":false,"max_hp_per_floor":[66,66,66,66,71,81,81,81,81,81,81,81,81,81,81,81,81,81,81,81,81,81,81,86,86,86],"relic_stats":{"OrangePellets":[1],"Centennial Puzzle":[21],"counters":[14,47],"Shuriken":[25],"Tingsha":[6],"obtain_stats":[{"OrangePellets":13,"Centennial Puzzle":11,"Pear":6,"NeowsBlessing":0,"Shuriken":9,"Tingsha":23,"Coffee Dripper":17,"White Beast Statue":4,"Ring of the Snake":0},{"OrangePellets":6,"Centennial Puzzle":5,"Pear":3,"NeowsBlessing":0,"Shuriken":4,"Tingsha":13,"Coffee Dripper":8,"White Beast Statue":2,"Ring of the Snake":0},{"OrangePellets":15,"Centennial Puzzle":12,"Pear":3,"NeowsBlessing":0,"Shuriken":6,"Tingsha":44,"Coffee Dripper":23,"White Beast Statue":2,"Ring of the Snake":0}],"Ring of the Snake":[28]},"card_choices":[{"not_picked":["Well Laid Plans","Sucker Punch"],"picked":"Blade Dance","floor":1},{"not_picked":["Quick Slash","Bane"],"picked":"PiercingWail","floor":3},{"not_picked":["Dash","Dagger Spray"],"picked":"After Image","floor":6},{"not_picked":["Slice","Outmaneuver"],"picked":"Dagger Spray","floor":7},{"not_picked":["Dodge and Roll","Flying Knee"],"picked":"Eviscerate","floor":11},{"not_picked":["Eviscerate","Dagger Spray"],"picked":"Terror","floor":12},{"not_picked":["Dagger Throw","Blade Dance"],"picked":"Storm of Steel","floor":14},{"not_picked":["Wraith Form v2","Malaise"],"picked":"Corpse Explosion","floor":16},{"not_picked":["Well Laid Plans+1","All Out Attack"],"picked":"Cloak And Dagger","floor":18},{"not_picked":["Flying Knee","Crippling Poison"],"picked":"Caltrops+1","floor":19},{"not_picked":["Dodge and Roll","Distraction"],"picked":"Noxious Fumes","floor":20},{"not_picked":["Slice","Heel Hook+1"],"picked":"Outmaneuver+1","floor":21},{"not_picked":["Acrobatics","Distraction"],"picked":"Venomology","floor":23}],"player_experience":947785,"relics_obtained":[{"floor":6,"key":"Pear"},{"floor":9,"key":"Shuriken"},{"floor":11,"key":"Centennial Puzzle"},{"floor":23,"key":"Tingsha"}],"event_choices":[{"cards_removed":["Strike_G"],"damage_healed":0,"gold_gain":0,"player_choice":"Purged","damage_taken":0,"max_hp_gain":0,"max_hp_loss":0,"event_name":"Purifier","floor":2,"gold_loss":0},{"damage_healed":0,"gold_gain":0,"player_choice":"Success","damage_taken":11,"relics_obtained":["White Beast Statue"],"max_hp_gain":0,"max_hp_loss":0,"event_name":"Scrap Ooze","floor":4,"gold_loss":0},{"damage_healed":0,"gold_gain":0,"player_choice":"Donut","damage_taken":0,"max_hp_gain":5,"max_hp_loss":0,"event_name":"Big Fish","floor":5,"gold_loss":0},{"damage_healed":0,"gold_gain":75,"player_choice":"Gather Gold","damage_taken":11,"max_hp_gain":0,"max_hp_loss":0,"event_name":"World of Goop","floor":10,"gold_loss":0}],"is_beta":false,"boss_relics":[{"not_picked":["Tiny House","HoveringKite"],"picked":"Coffee Dripper"}],"items_purged_floors":[22],"is_endless":false,"potions_floor_spawned":[1,3,6,7,11,12,14,16,18,19,20,21,23],"killed_by":"Sentry and Sphere","ascension_level":17}}