{"host":"hve1dyh1ly81yl9f","time":1609950654,"event":{"mods":["BaseMod","Colored Map","DeckTracker","Highlight Path","Keyboard Shortcuts","Minty Spire (QoL Compilation)","Permanent Neow","StSLib","SuperFastMode"],"gold_per_floor":[116,129,129,204,216,248,248,277,328,328,328,109,9,26,26,125,125,142,157,173,98,197,232,244,244,315,315,315],"floor_reached":27,"playtime":726,"items_purged":["Parasite","Decay"],"score":241,"play_id":"3aadcdb0-07bb-4d15-8a56-95d779eacf01","local_time":"20210107013054","is_ascension_mode":false,"campfire_choices":[{"floor":7.0,"key":"REST"},{"floor":15.0,"key":"REST"},{"floor":25,"key":"REST"}],"circlet_count":0,"master_deck":["Strike_B+1","Strike_B","Strike_B","Strike_B","Defend_B","Defend_B","Defend_B","Zap","Dualcast+1","Apotheosis","Gash","Rebound","Hologram","Gash","Reboot","Rebound+1","Go for the Eyes","Scrape"],"relics":["Cracked Core","Kunai","Juzu Bracelet","Turnip","Bag of Preparation","Toy Ornithopter","Sozu","Toxic Egg 2"],"acts_visited":["Exordium","TheCity"],"potions_floor_usage":[20,24,27],"damage_taken":[{"damage":0.0,"enemies":"2 Louse","floor":1.0,"turns":1.0},{"damage":0.0,"enemies":"Small Slimes","floor":2.0,"turns":3.0},{"damage":13.0,"enemies":"Jaw Worm","floor":5.0,"turns":4.0},{"damage":32.0,"enemies":"3 Sentries","floor":6.0,"turns":5.0},{"damage":20.0,"enemies":"Lagavulin","floor":8.0,"turns":6.0},{"damage":7.0,"enemies":"3 Louse","floor":14.0,"turns":2.0},{"damage":22,"enemies":"The Guardian","floor":16,"turns":9},{"damage":5,"enemies":"Shell Parasite","floor":18,"turns":3},{"damage":10,"enemies":"3 Byrds","floor":19,"turns":3},{"damage":19,"enemies":"Shelled Parasite and Fungi","floor":20,"turns":4},{"damage":15,"enemies":"Book of Stabbing","floor":23,"turns":4},{"damage":14,"enemies":"3 Cultists","floor":24,"turns":4},{"damage":45,"enemies":"Slavers","floor":27,"turns":4}],"seed_played":"8823942210039643422","potions_obtained":[{"floor":1.0,"key":"SkillPotion"},{"floor":8.0,"key":"SneckoOil"},{"floor":16,"key":"AttackPotion"}],"is_trial":false,"path_per_floor":["M","M","?","?","M","E","R","E","T","?","?","$","$","M","R","B",null,"M","M","M","?","?","E","M","R","T","E"],"character_chosen":"DEFECT","items_purchased":["Toy Ornithopter"],"campfire_rested":3,"item_purchase_floors":[12],"current_hp_per_floor":[75,75,72,61,48,16,38,18,18,3,21,21,21,14,35,13,72,67,57,43,43,43,28,19,40,40,0,0],"gold":315,"neow_bonus":"RANDOM_COLORLESS_2","is_daily":false,"chose_seed":false,"campfire_upgraded":0,"win_rate":0.0,"timestamp":1609950654,"path_taken":["M","M","?","?","M","E","R","E","T","?","?","?","$","M","R","BOSS","M","M","M","?","?","E","M","R","T","E"],"items_purchased_type":["Relic"],"build_version":"2020-12-22","purchased_purges":2,"victory":false,"max_hp_per_floor":[75,75,75,75,75,75,75,75,75,75,75,72,72,72,72,72,72,72,72,72,72,72,72,72,72,72,72,72],"card_choices":[{"not_picked":["The Bomb","Secret Weapon"],"picked":"Apotheosis","floor":0.0},{"not_picked":["Rebound","Chill"],"picked":"Gash","floor":1.0},{"not_picked":["Cold Snap","Darkness","Static Discharge"],"picked":"SKIP","floor":2.0},{"not_picked":["Steam","Streamline"],"picked":"Rebound","floor":5.0},{"not_picked":["Aggregate","Static Discharge","Undo"],"picked":"SKIP","floor":6.0},{"not_picked":["Self Repair","Chill"],"picked":"Hologram","floor":8.0},{"not_picked":["Conserve Battery","Fusion"],"picked":"Gash","floor":14.0},{"not_picked":["Machine Learning","Seek"],"picked":"Reboot","floor":16},{"not_picked":["Conserve Battery","Compile Driver","Static Discharge+1"],"picked":"SKIP","floor":18},{"not_picked":["Go for the Eyes+1","Ball Lightning"],"picked":"Rebound+1","floor":19},{"not_picked":["Genetic Algorithm","Barrage"],"picked":"Go for the Eyes","floor":20},{"not_picked":["Cold Snap","Recycle+1"],"picked":"Scrape","floor":23},{"not_picked":["Doom and Gloom","Fusion+1","Tempest+1"],"picked":"SKIP","floor":24}],"player_experience":280728,"relics_obtained":[{"floor":6.0,"key":"Juzu Bracelet"},{"floor":8.0,"key":"Turnip"},{"floor":9.0,"key":"Bag of Preparation"},{"floor":23,"key":"Toxic Egg 2"}],"event_choices":[{"damage_healed":0.0,"max_hp_gain":0.0,"max_hp_loss":0.0,"gold_gain":0.0,"event_name":"Scrap Ooze","player_choice":"Success","floor":3.0,"gold_loss":0.0,"damage_taken":3.0,"relics_obtained":["Kunai"]},{"damage_healed":0.0,"max_hp_gain":0.0,"max_hp_loss":0.0,"gold_gain":75.0,"event_name":"World of Goop","player_choice":"Gather Gold","floor":4.0,"gold_loss":0.0,"damage_taken":11.0},{"damage_healed":0.0,"max_hp_gain":0.0,"max_hp_loss":0.0,"gold_gain":0.0,"event_name":"Shining Light","player_choice":"Entered Light","floor":10.0,"gold_loss":0.0,"damage_taken":15.0,"cards_upgraded":["Dualcast","Strike_B"]},{"damage_healed":18.0,"max_hp_gain":0.0,"max_hp_loss":0.0,"gold_gain":0.0,"event_name":"Mushrooms","player_choice":"Healed and dodged fight","floor":11.0,"gold_loss":0.0,"damage_taken":0.0,"cards_obtained":["Parasite"]},{"cards_removed":["Defend_B"],"damage_healed":0,"gold_gain":0,"player_choice":"Gave Gold","damage_taken":0,"max_hp_gain":0,"max_hp_loss":0,"event_name":"Beggar","floor":21,"gold_loss":75},{"damage_healed":0,"gold_gain":99,"player_choice":"Stole From Cult","damage_taken":0,"max_hp_gain":0,"max_hp_loss":0,"event_name":"Nest","floor":22,"gold_loss":0}],"is_beta":false,"boss_relics":[{"not_picked":["Calling Bell","Cursed Key"],"picked":"Sozu"}],"items_purged_floors":[12,13],"is_endless":false,"potions_floor_spawned":[1,8,16,23,24],"killed_by":"Slavers","ascension_level":0}}