{"host":"msmkw03x1o7nq45i","time":1609926079,"event":{"mods":["BaseMod","Bestiary","Colored Powertips","GifTheSpireLib","Highlight Path","Minty Spire (QoL Compilation)","Random Character Button","StSLib","everything is the same but u backflip on backflip"],"gold_per_floor":[20,38,38,38,38,38,65,15,15,32,32,60,60,76,76,173,173,185,100,100,120,130,165,176,176,253,264,299,299,312,328,328,428,428,442,201,201,217,276,310,324,338,338,350,350,73,84,118,118,118],"floor_reached":51,"playtime":4831,"items_purged":["Poisoned Stab"],"score":1248,"play_id":"85919296-0845-4f6a-a6f1-a8d9ac756f44","local_time":"20210106114119","is_ascension_mode":true,"campfire_choices":[{"data":"Dagger Throw","floor":6,"key":"SMITH"},{"data":"Glass Knife","floor":11,"key":"SMITH"},{"data":"Noxious Fumes","floor":15,"key":"SMITH"},{"data":"Tools of the Trade","floor":29,"key":"SMITH"},{"data":"Distraction","floor":32,"key":"SMITH"},{"floor":45,"key":"REST"},{"data":"Calculated Gamble","floor":49,"key":"SMITH"}],"circlet_count":0,"master_deck":["Survivor+1","Neutralize","Dagger Throw+1","Crippling Poison","Tools of the Trade+1","Glass Knife+1","Poisoned Stab","Noxious Fumes+1","Corpse Explosion","Distraction+1","Calculated Gamble+1","Heel Hook","Outmaneuver","Die Die Die","PiercingWail","Cloak And Dagger+1","Corpse Explosion","PiercingWail+1","Eviscerate","Escape Plan","Bullet Time","Catalyst+1","Reflex","Tactician","Backflip+1","Venomology","Blur+1","Prepared+1","Adrenaline"],"relics":["Ring of the Snake","Ginger","Bag of Marbles","Incense Burner","HornCleat","Pandora\u0027s Box","TungstenRod","Dead Branch","Bottled Lightning","MealTicket","SlaversCollar","Toolbox","Lantern","InkBottle","Bag of Preparation","Eternal Feather"],"acts_visited":["Exordium","TheCity","TheBeyond"],"potions_floor_usage":[16,23,28,35,39,40,42,42,47,48,50,50,50],"damage_taken":[{"damage":0.0,"enemies":"2 Louse","floor":1.0,"turns":2.0},{"damage":0.0,"enemies":"Jaw Worm","floor":2.0,"turns":3.0},{"damage":11,"enemies":"3 Sentries","floor":7,"turns":13},{"damage":0,"enemies":"Small Slimes","floor":10,"turns":2},{"damage":7,"enemies":"Lagavulin","floor":12,"turns":5},{"damage":0,"enemies":"Looter","floor":14,"turns":2},{"damage":0,"enemies":"Hexaghost","floor":16,"turns":7},{"damage":0,"enemies":"Chosen","floor":18,"turns":4},{"damage":7,"enemies":"2 Thieves","floor":21,"turns":2},{"damage":8,"enemies":"Chosen and Byrds","floor":22,"turns":5},{"damage":0,"enemies":"Slavers","floor":23,"turns":1},{"damage":21,"enemies":"Snake Plant","floor":24,"turns":4},{"damage":0,"enemies":"Snecko","floor":27,"turns":3},{"damage":6,"enemies":"Book of Stabbing","floor":28,"turns":5},{"damage":0,"enemies":"3 Cultists","floor":30,"turns":2},{"damage":0,"enemies":"Sentry and Sphere","floor":31,"turns":3},{"damage":4,"enemies":"Automaton","floor":33,"turns":6},{"damage":0,"enemies":"3 Darklings","floor":35,"turns":3},{"damage":0,"enemies":"Orb Walker","floor":38,"turns":2},{"damage":29,"enemies":"Sphere and 2 Shapes","floor":39,"turns":5},{"damage":0,"enemies":"Nemesis","floor":40,"turns":3},{"damage":0,"enemies":"4 Shapes","floor":41,"turns":2},{"damage":31,"enemies":"Writhing Mass","floor":42,"turns":4},{"damage":0,"enemies":"Sphere and 2 Shapes","floor":44,"turns":3},{"damage":0,"enemies":"Maw","floor":47,"turns":4},{"damage":0,"enemies":"Reptomancer","floor":48,"turns":5},{"damage":5,"enemies":"Awakened One","floor":50,"turns":10}],"seed_played":"2130959561069619813","potions_obtained":[{"floor":2.0,"key":"FearPotion"},{"floor":10,"key":"DuplicationPotion"},{"floor":12,"key":"FearPotion"},{"floor":13,"key":"EssenceOfSteel"},{"floor":21,"key":"LiquidMemories"},{"floor":22,"key":"DuplicationPotion"},{"floor":24,"key":"Regen Potion"},{"floor":27,"key":"DistilledChaos"},{"floor":33,"key":"ColorlessPotion"},{"floor":40,"key":"PowerPotion"},{"floor":41,"key":"CultistPotion"},{"floor":47,"key":"Fruit Juice"}],"is_trial":false,"path_per_floor":["M","M","?","?","?","R","E","?","T","M","R","E","?","M","R","B",null,"M","?","?","M","M","E","M","?","T","M","E","R","M","M","R","B",null,"M","$","?","M","M","E","M","M","T","M","R","$","M","E","R","B",null],"character_chosen":"THE_SILENT","items_purchased":["Reflex","Toolbox","Weak Potion","Bag of Preparation","Weak Potion"],"campfire_rested":1,"item_purchase_floors":[36,36,36,46,46],"current_hp_per_floor":[63,63,63,68,53,53,42,42,42,42,42,35,35,35,35,35,65,65,65,65,58,50,50,29,29,29,29,38,38,38,38,38,34,65,65,75,75,75,46,46,46,15,15,15,37,52,52,57,72,67],"gold":118,"neow_bonus":"ONE_RARE_RELIC","is_daily":false,"chose_seed":false,"campfire_upgraded":6,"win_rate":0.0,"timestamp":1609926079,"path_taken":["M","M","?","?","?","R","E","?","T","M","R","E","?","?","R","BOSS","M","?","?","M","M","E","M","?","T","M","E","R","M","?","R","BOSS","M","$","?","?","M","E","M","M","T","M","R","$","M","E","R","BOSS"],"items_purchased_type":["Card","Relic","Potion","Relic","Potion"],"build_version":"2020-12-22","purchased_purges":1,"victory":true,"max_hp_per_floor":[70,70,70,75,75,75,75,75,75,75,75,75,75,75,75,75,75,75,75,75,75,75,75,75,75,75,75,75,75,75,75,75,75,75,75,75,75,75,75,75,75,75,75,75,75,75,75,80,80,80],"card_choices":[{"not_picked":["Flying Knee","Dodge and Roll"],"picked":"Dagger Throw","floor":1.0},{"not_picked":["Outmaneuver","PiercingWail"],"picked":"Crippling Poison","floor":2.0},{"not_picked":["Acrobatics","Cloak And Dagger"],"picked":"Glass Knife","floor":7},{"not_picked":["Eviscerate","Backstab","Slice"],"picked":"SKIP","floor":10},{"not_picked":["Setup","PiercingWail"],"picked":"Poisoned Stab","floor":12},{"not_picked":["Sucker Punch","Cloak And Dagger"],"picked":"Noxious Fumes","floor":14},{"not_picked":["Glass Knife","Malaise"],"picked":"Corpse Explosion","floor":16},{"not_picked":["Dash","All Out Attack","Slice"],"picked":"SKIP","floor":18},{"not_picked":["Slice","Deadly Poison","Distraction"],"picked":"SKIP","floor":21},{"not_picked":["A Thousand Cuts","Skewer"],"picked":"Cloak And Dagger+1","floor":22},{"not_picked":["Blade Dance+1","Flechettes","Riddle With Holes"],"picked":"SKIP","floor":23},{"not_picked":["Bouncing Flask","Poisoned Stab","Dagger Spray+1"],"picked":"SKIP","floor":24},{"not_picked":["Envenom","Slice"],"picked":"PiercingWail+1","floor":27},{"not_picked":["Noxious Fumes","Cloak And Dagger"],"picked":"Eviscerate","floor":28},{"not_picked":["Slice","Dagger Spray"],"picked":"Escape Plan","floor":30},{"not_picked":["Poisoned Stab","Masterful Stab","Envenom"],"picked":"SKIP","floor":31},{"not_picked":["Storm of Steel","Unload"],"picked":"Bullet Time","floor":33},{"not_picked":["Quick Slash+1","Poisoned Stab+1"],"picked":"Catalyst+1","floor":35},{"not_picked":["Dagger Throw+1","Deflect+1"],"picked":"Tactician","floor":38},{"not_picked":["Quick Slash","Dagger Spray+1"],"picked":"Backflip+1","floor":39},{"not_picked":["Accuracy+1","Outmaneuver+1","Acrobatics"],"picked":"SKIP","floor":40},{"not_picked":["Finisher","Blade Dance"],"picked":"Venomology","floor":41},{"not_picked":["Riddle With Holes+1","Dodge and Roll","Blade Dance+1"],"picked":"SKIP","floor":42},{"not_picked":["Flying Knee","Quick Slash"],"picked":"Blur+1","floor":44},{"not_picked":["Quick Slash+1","Blade Dance+1"],"picked":"Prepared+1","floor":47},{"not_picked":["Dodge and Roll","Blur"],"picked":"Adrenaline","floor":48}],"player_experience":339534,"relics_obtained":[{"floor":7,"key":"Bag of Marbles"},{"floor":9,"key":"Incense Burner"},{"floor":12,"key":"HornCleat"},{"floor":23,"key":"Dead Branch"},{"floor":26,"key":"Bottled Lightning"},{"floor":28,"key":"MealTicket"},{"floor":40,"key":"Lantern"},{"floor":43,"key":"InkBottle"},{"floor":48,"key":"Eternal Feather"}],"event_choices":[{"damage_healed":0,"gold_gain":0,"cards_transformed":["Strike_G"],"player_choice":"Change","damage_taken":0,"max_hp_gain":0,"max_hp_loss":0,"event_name":"Living Wall","floor":3,"gold_loss":0,"cards_obtained":["Tools of the Trade"]},{"damage_healed":0,"gold_gain":0,"player_choice":"Donut","damage_taken":0,"max_hp_gain":5,"max_hp_loss":0,"event_name":"Big Fish","floor":4,"gold_loss":0},{"damage_healed":0,"gold_gain":0,"player_choice":"Entered Light","damage_taken":15,"max_hp_gain":0,"max_hp_loss":0,"event_name":"Shining Light","floor":5,"gold_loss":0,"cards_upgraded":["Defend_G","Survivor"]},{"cards_removed":["Strike_G"],"damage_healed":0,"gold_gain":0,"player_choice":"Card Removal","damage_taken":0,"max_hp_gain":0,"max_hp_loss":0,"event_name":"The Cleric","floor":8,"gold_loss":50},{"damage_healed":0,"gold_gain":0,"player_choice":"Got Potions","damage_taken":0,"max_hp_gain":0,"max_hp_loss":0,"event_name":"Lab","floor":13,"gold_loss":0},{"damage_healed":0,"gold_gain":0,"player_choice":"Obtained Relic","damage_taken":0,"relics_obtained":["TungstenRod"],"max_hp_gain":0,"max_hp_loss":0,"event_name":"Addict","floor":19,"gold_loss":85},{"damage_healed":0,"gold_gain":0,"player_choice":"Ignored","damage_taken":0,"max_hp_gain":0,"max_hp_loss":0,"event_name":"Vampires","floor":20,"gold_loss":0},{"damage_healed":0,"gold_gain":0,"player_choice":"Copied","damage_taken":0,"max_hp_gain":0,"max_hp_loss":0,"event_name":"Duplicator","floor":25,"gold_loss":0,"cards_obtained":["Corpse Explosion"]},{"cards_removed":["Flying Knee"],"damage_healed":0,"gold_gain":0,"player_choice":"Purged","damage_taken":0,"max_hp_gain":0,"max_hp_loss":0,"event_name":"Purifier","floor":37,"gold_loss":0}],"is_beta":false,"boss_relics":[{"not_picked":["Sozu","Black Star"],"picked":"Pandora\u0027s Box"},{"not_picked":["Calling Bell","Astrolabe"],"picked":"SlaversCollar"}],"items_purged_floors":[46],"is_endless":false,"potions_floor_spawned":[2,10,12,21,22,24,27,33,40,41,47],"ascension_level":9}}