{"host":"kig4ty9d1aubg29s","time":1609938180,"event":{"mods":["BaseMod","Minty Spire (QoL Compilation)","READ ME - Guardian Mod","READ ME - Snecko Mod","StSLib","The Cursed","The Gatherer","The Hierophant","The Runesmith"],"gold_per_floor":[117,133,233,244,254,279,279,310,357,357,134,160,160,174,174,251,251,268,16,29,46,60,60,60,60],"floor_reached":24,"playtime":885,"items_purged":[],"score":436,"play_id":"d040e93e-e35f-4fa8-b44e-c1b42b0a409f","local_time":"20210106220300","is_ascension_mode":true,"campfire_choices":[{"floor":7,"key":"REST"},{"floor":10,"key":"REST"},{"floor":13,"key":"REST"},{"floor":15,"key":"REST"},{"floor":23,"key":"REST"}],"circlet_count":0,"master_deck":["AscendersBane","Strike_B","Strike_B","Strike_B","Strike_B","Defend_B","Defend_B","Defend_B","Defend_B","Zap","Dualcast","Cold Snap","FTL","Redo","Gash","Loop","Gash","Gash","Coolheaded","Ball Lightning","Electrodynamics","Sunder","Storm","Rebound","Compile Driver","Glacier"],"relics":["Cracked Core","NeowsBlessing","Orichalcum","White Beast Statue","Potion Belt","ClockworkSouvenir","Nunchaku","Fusion Hammer","Happy Flower"],"acts_visited":["Exordium","TheCity"],"potions_floor_usage":[5,6,12,16,21,21,21,22,22,24],"damage_taken":[{"damage":0,"enemies":"2 Louse","floor":1,"turns":1},{"damage":0,"enemies":"Cultist","floor":2,"turns":1},{"damage":0,"enemies":"Small Slimes","floor":4,"turns":1},{"damage":23,"enemies":"Gremlin Gang","floor":5,"turns":4},{"damage":26,"enemies":"Gremlin Nob","floor":6,"turns":4},{"damage":14,"enemies":"3 Sentries","floor":8,"turns":7},{"damage":10,"enemies":"Gremlin Nob","floor":12,"turns":4},{"damage":30,"enemies":"Large Slime","floor":14,"turns":4},{"damage":24,"enemies":"Hexaghost","floor":16,"turns":8},{"damage":9,"enemies":"3 Byrds","floor":18,"turns":4},{"damage":1,"enemies":"Spheric Guardian","floor":20,"turns":3},{"damage":19,"enemies":"Shelled Parasite and Fungi","floor":21,"turns":3},{"damage":23,"enemies":"Snake Plant","floor":22,"turns":4},{"damage":35,"enemies":"Book of Stabbing","floor":24,"turns":3}],"seed_played":"142087049134377320","potions_obtained":[{"floor":1,"key":"FocusPotion"},{"floor":4,"key":"Energy Potion"},{"floor":8,"key":"SneckoOil"},{"floor":12,"key":"SteroidPotion"},{"floor":14,"key":"SpeedPotion"},{"floor":16,"key":"LiquidMemories"},{"floor":18,"key":"AttackPotion"},{"floor":20,"key":"ColorlessPotion"},{"floor":21,"key":"BlessingOfTheForge"},{"floor":22,"key":"BlessingOfTheForge"}],"is_trial":false,"path_per_floor":["M","M","?","M","M","E","R","E","T","R","$","E","R","M","R","B",null,"M","$","M","M","M","R","E"],"character_chosen":"DEFECT","items_purchased":["ClockworkSouvenir","Gash","Storm","Happy Flower"],"campfire_rested":5,"item_purchase_floors":[11,11,19,19],"current_hp_per_floor":[64,64,64,64,41,15,36,22,22,43,43,33,54,24,45,21,59,50,50,49,30,7,28,0,0],"gold":60,"neow_bonus":"THREE_ENEMY_KILL","is_daily":false,"chose_seed":false,"campfire_upgraded":0,"win_rate":0.0,"timestamp":1609938180,"path_taken":["M","M","?","M","?","E","R","E","T","R","$","E","R","M","R","BOSS","M","?","M","M","?","R","E"],"items_purchased_type":["Relic","Card","Card","Relic"],"build_version":"2020-12-22","purchased_purges":0,"victory":false,"max_hp_per_floor":[71,71,71,71,71,71,71,71,71,71,71,71,71,71,71,71,71,71,71,71,71,71,71,71,71],"card_choices":[{"not_picked":["Chaos","Steam"],"picked":"Cold Snap","floor":1},{"not_picked":["Coolheaded","Barrage"],"picked":"FTL","floor":2},{"not_picked":["Double Energy","Hologram"],"picked":"Redo","floor":4},{"not_picked":["Sweeping Beam","Rebound"],"picked":"Gash","floor":5},{"not_picked":["Glacier","Coolheaded"],"picked":"Loop","floor":6},{"not_picked":["Genetic Algorithm","Coolheaded"],"picked":"Gash","floor":8},{"not_picked":["Amplify","Fusion"],"picked":"Coolheaded","floor":12},{"not_picked":["Rebound","Compile Driver"],"picked":"Ball Lightning","floor":14},{"not_picked":["Buffer","Reboot"],"picked":"Electrodynamics","floor":16},{"not_picked":["Cold Snap","Double Energy"],"picked":"Sunder","floor":18},{"not_picked":["Leap","Compile Driver"],"picked":"Rebound","floor":20},{"not_picked":["Chaos","Reprogram"],"picked":"Compile Driver","floor":21},{"not_picked":["Reinforced Body","Redo"],"picked":"Glacier","floor":22}],"player_experience":1915263,"relics_obtained":[{"floor":6,"key":"Orichalcum"},{"floor":8,"key":"White Beast Statue"},{"floor":9,"key":"Potion Belt"},{"floor":12,"key":"Nunchaku"}],"event_choices":[{"damage_healed":0,"gold_gain":100,"player_choice":"Gold","damage_taken":0,"max_hp_gain":0,"max_hp_loss":0,"event_name":"Wheel of Change","floor":3,"gold_loss":0}],"is_beta":false,"boss_relics":[{"not_picked":["Philosopher\u0027s Stone","Busted Crown"],"picked":"Fusion Hammer"}],"items_purged_floors":[],"is_endless":false,"potions_floor_spawned":[1,4,8,12,14,16,18,20,21,22],"killed_by":"Book of Stabbing","ascension_level":20}}