{"host":"wwmqne3dwir10erh","time":1609977236,"event":{"mods":["BaseMod","Better Note","Hubris","Mimic Mod","Minty Spire (QoL Compilation)","Replay The Spire","StSLib","The Bladedancer"],"gold_per_floor":[114,33,44,44,62,95,107,107,107,119,135,135,164,178,178,278,278,295,315,299,316,327,327,237,264,264,278,278,288,299,299,299,403,403,416,434,92,184,184,210,210,221,221,221,250,268,268,280,280,280],"floor_reached":51,"playtime":2930,"items_purged":["Strike_G","Defend_G"],"score":621,"play_id":"6044a14e-9cc0-4207-a4fb-af2638dd8cd7","local_time":"20210106185356","is_ascension_mode":true,"campfire_choices":[{"data":"Neutralize","floor":8.0,"key":"SMITH"},{"data":"ReplayTheSpireMod:Speed Training","floor":12.0,"key":"SMITH"},{"data":"Flechettes","floor":15.0,"key":"SMITH"},{"data":"ReplayTheSpireMod:Faulty Equipment","floor":23.0,"key":"SMITH"},{"data":"Prepared","floor":28.0,"key":"SMITH"},{"data":"Bane","floor":32.0,"key":"SMITH"},{"data":"Pot Of Greed","floor":41.0,"key":"SMITH"},{"data":"Blade Dance","floor":44.0,"key":"SMITH"},{"data":"Pot Of Greed","floor":47,"key":"SMITH"},{"data":"Pot Of Greed","floor":49,"key":"SMITH"}],"circlet_count":0,"master_deck":["Defend_G","Defend_G","Defend_G+1","Defend_G","Survivor","Neutralize+1","Prepared+1","Flash of Steel+1","ReplayTheSpireMod:The Works","ReplayTheSpireMod:Speed Training+1","Blade Dance+1","Flechettes+1","After Image","Tools of the Trade","Underhanded Strike+1","Poisoned Stab","Dagger Spray","Infinite Blades","Blade Dance+1","Deflect+1","Terror","Bane+1","Corpse Explosion","Masterful Stab+1","Finisher","Blade Dance+1","Well Laid Plans+1","Draining Mist+1","Pot Of Greed+1","Pot Of Greed+1","Pot Of Greed+1","hubris:Sniper","Adrenaline"],"relics":["Replay:Drink Me","PreservedInsect","hubris:BottledRain","StoneCalendar","Painkiller Herb","Frozen Egg 2","Gremlin Horn","Nloth\u0027s Gift","WristBlade","Eternal Feather","Grinning Jar","Blue Candle","hubris:BundleOfHerbs"],"acts_visited":["Exordium","TheCity","TheBeyond"],"potions_floor_usage":[50,50],"damage_taken":[{"damage":0.0,"enemies":"Cultist","floor":1.0,"turns":6.0},{"damage":0.0,"enemies":"Jaw Worm","floor":3.0,"turns":5.0},{"damage":0.0,"enemies":"2 Louse","floor":5.0,"turns":3.0},{"damage":8.0,"enemies":"Replay:BlueRogue","floor":6.0,"turns":11.0},{"damage":0.0,"enemies":"2 Fungi Beasts","floor":7.0,"turns":4.0},{"damage":1.0,"enemies":"3 Louse","floor":10.0,"turns":5.0},{"damage":1.0,"enemies":"Gremlin Gang","floor":11.0,"turns":4.0},{"damage":0.0,"enemies":"Gremlin Nob","floor":13.0,"turns":3.0},{"damage":0.0,"enemies":"2 Fungi Beasts","floor":14.0,"turns":3.0},{"damage":6.0,"enemies":"Fading Forest","floor":16.0,"turns":11.0},{"damage":0.0,"enemies":"Chosen","floor":18.0,"turns":5.0},{"damage":0.0,"enemies":"Spheric Guardian","floor":19.0,"turns":3.0},{"damage":9.0,"enemies":"Centurion and Healer","floor":21.0,"turns":4.0},{"damage":0.0,"enemies":"Cultist and Chosen","floor":22.0,"turns":7.0},{"damage":4.0,"enemies":"Replay:Snechameleon","floor":25.0,"turns":4.0},{"damage":3.0,"enemies":"Snake Plant","floor":27.0,"turns":4.0},{"damage":0.0,"enemies":"Snecko","floor":29.0,"turns":3.0},{"damage":2.0,"enemies":"Centurion and Healer","floor":30.0,"turns":4.0},{"damage":9.0,"enemies":"Collector","floor":33.0,"turns":6.0},{"damage":9.0,"enemies":"Orb Walker","floor":35.0,"turns":3.0},{"damage":0.0,"enemies":"3 Shapes","floor":36.0,"turns":1.0},{"damage":2.0,"enemies":"Giant Head","floor":40.0,"turns":4.0},{"damage":12.0,"enemies":"Spire Growth","floor":42.0,"turns":2.0},{"damage":7,"enemies":"Nemesis","floor":45,"turns":3},{"damage":0,"enemies":"Transient","floor":46,"turns":5},{"damage":3,"enemies":"4 Shapes","floor":48,"turns":2},{"damage":0,"enemies":"Replay:Hell Engine","floor":50,"turns":4}],"seed_played":"-4708905310398840008","potions_obtained":[{"floor":3.0,"key":"Poison Potion"},{"floor":7.0,"key":"Regen Potion"},{"floor":13.0,"key":"SpeedPotion"},{"floor":14.0,"key":"Weak Potion"},{"floor":16.0,"key":"Flashbang"},{"floor":18.0,"key":"CunningPotion"},{"floor":25.0,"key":"Explosive Potion"},{"floor":30.0,"key":"AttackPotion"},{"floor":35.0,"key":"Ancient Potion"},{"floor":36.0,"key":"PowerPotion"},{"floor":45,"key":"BlessingOfTheForge"}],"is_trial":false,"path_per_floor":["M","$","M","?","M","E","M","R","T","M","M","R","E","M","R","B",null,"?","?","T","?","?","T","?","E","T","?","T","?","?","?","T","B",null,"?","?","T","?","T","E","T","?","T","T","E","?","T","?","T","B",null],"character_chosen":"THE_SILENT","items_purchased":["Flash of Steel","ReplayTheSpireMod:CursedCoin","Dagger Spray","Infinite Blades","Eternal Feather"],"campfire_rested":0,"item_purchase_floors":[2,20,20,20,37],"current_hp_per_floor":[53,53,53,42,42,34,34,34,34,33,32,32,41,41,41,35,53,53,53,53,44,44,44,44,40,40,37,37,37,35,35,35,26,53,44,44,44,31,31,29,47,35,35,53,46,46,53,50,53,53],"gold":280,"neow_bonus":"BOSS_RELIC","is_daily":false,"chose_seed":false,"campfire_upgraded":10,"win_rate":0.0,"timestamp":1609977236,"path_taken":["M","$","M","?","M","E","M","R","T","M","M","R","E","M","R","BOSS","?","?","T","?","?","T","?","E","T","?","T","?","?","?","T","BOSS","?","?","T","?","T","E","T","?","T","T","E","?","T","?","T","BOSS"],"items_purchased_type":["Card","Relic","Card","Card","Relic"],"build_version":"2020-12-22","purchased_purges":2,"victory":true,"max_hp_per_floor":[53,53,53,53,53,53,53,53,53,53,53,53,53,53,53,53,53,53,53,53,53,53,53,53,53,53,53,53,53,53,53,53,53,53,53,53,53,53,53,53,53,53,53,53,53,53,53,53,53,53],"card_choices":[{"not_picked":["Sucker Punch","Calculated Gamble"],"picked":"Prepared","floor":1.0},{"not_picked":["Tactician","Poisoned Stab","Quick Slash"],"picked":"SKIP","floor":3.0},{"not_picked":["Leg Sweep","Catalyst","Quick Slash"],"picked":"SKIP","floor":5.0},{"not_picked":["Deadly Poison","Outmaneuver"],"picked":"ReplayTheSpireMod:The Works","floor":6.0},{"not_picked":["ReplayTheSpireMod:From All Sides","Skewer"],"picked":"ReplayTheSpireMod:Speed Training","floor":7.0},{"not_picked":["Bane","Bouncing Flask"],"picked":"Blade Dance","floor":10.0},{"not_picked":["Outmaneuver","Bane"],"picked":"Flechettes","floor":11.0},{"not_picked":["hubris:TrickCloak","ReplayTheSpireMod:Tripwire","Catalyst"],"picked":"SKIP","floor":13.0},{"not_picked":["Slice","Sneak Up"],"picked":"After Image","floor":14.0},{"not_picked":["Replay:Bag of Tricks","Bullet Time"],"picked":"Tools of the Trade","floor":16.0},{"not_picked":["Quick Slash","Backflip"],"picked":"Underhanded Strike","floor":18.0},{"not_picked":["Sneak Up+1","ReplayTheSpireMod:The Works"],"picked":"Poisoned Stab","floor":19.0},{"not_picked":["Choke","Slice"],"picked":"Blade Dance+1","floor":21.0},{"not_picked":["Sucker Punch","PiercingWail"],"picked":"Deflect+1","floor":22.0},{"not_picked":["Blade Dance","Hidden Blade+1"],"picked":"Terror","floor":25.0},{"not_picked":["Outmaneuver+1","Sucker Punch+1","PiercingWail"],"picked":"SKIP","floor":27.0},{"not_picked":["Backflip","Outmaneuver+1"],"picked":"Bane","floor":29.0},{"not_picked":["Replay:Poison Smokescreen+1","Deflect+1","Toxin Wave+1"],"picked":"SKIP","floor":30.0},{"not_picked":["Glass Knife","Wraith Form v2+1"],"picked":"Corpse Explosion","floor":33.0},{"not_picked":["Underhanded Strike","PiercingWail+1"],"picked":"Masterful Stab+1","floor":35.0},{"not_picked":["Dagger Spray+1","Acrobatics"],"picked":"Finisher","floor":36.0},{"not_picked":["Bane+1","Cloak And Dagger+1"],"picked":"Blade Dance+1","floor":38.0},{"not_picked":["Hidden Blade+1","Cloak And Dagger"],"picked":"Well Laid Plans+1","floor":38.0},{"not_picked":["Doppelganger","Dodge and Roll"],"picked":"Draining Mist+1","floor":38.0},{"not_picked":["Doppelganger","Hidden Blade"],"picked":"hubris:Sniper","floor":40.0},{"not_picked":["Draining Mist+1","Dagger Spray+1","Bane"],"picked":"SKIP","floor":42.0},{"not_picked":["Dodge and Roll","Sucker Punch+1"],"picked":"Adrenaline","floor":45},{"not_picked":["Bane+1","Flechettes+1","Underhanded Strike"],"picked":"SKIP","floor":46},{"not_picked":["Dagger Spray","Dagger Throw","Quick Slash+1"],"picked":"SKIP","floor":48}],"player_experience":2256841,"relics_obtained":[{"floor":6.0,"key":"PreservedInsect"},{"floor":9.0,"key":"hubris:BottledRain"},{"floor":13.0,"key":"StoneCalendar"},{"floor":25.0,"key":"Frozen Egg 2"},{"floor":26.0,"key":"Gremlin Horn"},{"floor":40.0,"key":"Grinning Jar"},{"floor":43.0,"key":"Blue Candle"},{"floor":45,"key":"hubris:BundleOfHerbs"}],"event_choices":[{"damage_healed":0.0,"max_hp_gain":0.0,"max_hp_loss":0.0,"gold_gain":0.0,"event_name":"Shining Light","player_choice":"Entered Light","floor":4.0,"gold_loss":0.0,"damage_taken":11.0,"cards_upgraded":["Defend_G","Flash of Steel"]},{"cards_removed":["Strike_G"],"damage_healed":0.0,"max_hp_gain":0.0,"max_hp_loss":0.0,"gold_gain":0.0,"event_name":"Designer","player_choice":"Upgrade and Remove","floor":24.0,"gold_loss":90.0,"damage_taken":0.0,"cards_upgraded":["Underhanded Strike"]},{"damage_healed":0.0,"max_hp_gain":0.0,"max_hp_loss":0.0,"gold_gain":0.0,"event_name":"N\u0027loth","player_choice":"Traded Relic","floor":31.0,"relics_lost":["ReplayTheSpireMod:CursedCoin"],"gold_loss":0.0,"damage_taken":0.0,"relics_obtained":["Nloth\u0027s Gift"]}],"is_beta":false,"boss_relics":[{"not_picked":["hubris:BlackHole","hubris:Stopwatch"],"picked":"Painkiller Herb"},{"not_picked":["Replay:Bronze Core","Runic Pyramid"],"picked":"WristBlade"}],"items_purged_floors":[20,37],"is_endless":false,"potions_floor_spawned":[3,7,13,14,16,18,25,30,35,36,45],"ascension_level":1}}