{"host":"yp47u74hk6n79vj1","time":1609898628,"event":{"mods":["BaseMod","Colored Map","Highlight Path","Minty Spire (QoL Compilation)"],"gold_per_floor":[116,116,15,15,30,58,58,92,165,165,184,184,200,215,215,313,313,328,253,433,311,331,331,331,331,411,411,422,454,454,454,454,549,549,563,563,563],"floor_reached":36,"playtime":1467,"items_purged":["Strike_R","Strike_R"],"score":521,"play_id":"0d36b357-e088-4a0e-83f5-8c93b881b32e","local_time":"20210105210348","is_ascension_mode":true,"campfire_choices":[{"data":"Body Slam","floor":7,"key":"SMITH"},{"data":"True Grit","floor":10,"key":"SMITH"},{"data":"Shrug It Off","floor":12,"key":"SMITH"},{"data":"Shrug It Off","floor":15,"key":"SMITH"},{"data":"Entrench","floor":23,"key":"SMITH"},{"data":"Disarm","floor":25,"key":"SMITH"},{"data":"Berserk","floor":27,"key":"SMITH"},{"floor":32,"key":"RECALL"}],"circlet_count":0,"master_deck":["Strike_R","Defend_R","Defend_R","Defend_R","Defend_R+1","Bash","Body Slam+1","Shrug It Off+1","True Grit+1","Disarm+1","Shrug It Off+1","Berserk+1","Entrench+1","Shrug It Off","Iron Wave","Juggernaut"],"relics":["Burning Blood","NeowsBlessing","Potion Belt","Meat on the Bone","Empty Cage","Blue Candle","Orichalcum","Pocketwatch","SacredBark"],"acts_visited":["Exordium","TheCity","TheBeyond"],"potions_floor_usage":[8,8,18,24,24,29,31,31,31,31,31,36,36],"damage_taken":[{"damage":0,"enemies":"2 Louse","floor":1,"turns":1},{"damage":0,"enemies":"Cultist","floor":5,"turns":1},{"damage":0,"enemies":"Lagavulin","floor":6,"turns":3},{"damage":36,"enemies":"Gremlin Nob","floor":8,"turns":5},{"damage":0,"enemies":"Small Slimes","floor":11,"turns":4},{"damage":9,"enemies":"Exordium Thugs","floor":13,"turns":8},{"damage":8,"enemies":"Blue Slaver","floor":14,"turns":5},{"damage":33,"enemies":"The Guardian","floor":16,"turns":16},{"damage":7,"enemies":"Spheric Guardian","floor":18,"turns":8},{"damage":0,"enemies":"Shell Parasite","floor":22,"turns":7},{"damage":36,"enemies":"Gremlin Leader","floor":24,"turns":7},{"damage":0,"enemies":"Centurion and Healer","floor":28,"turns":8},{"damage":9,"enemies":"Book of Stabbing","floor":29,"turns":10},{"damage":0,"enemies":"Gremlin Leader","floor":31,"turns":6},{"damage":1,"enemies":"Automaton","floor":33,"turns":13},{"damage":0,"enemies":"Orb Walker","floor":35,"turns":4},{"damage":98,"enemies":"2 Orb Walkers","floor":36,"turns":8}],"seed_played":"3222669031019956199","potions_obtained":[{"floor":4,"key":"SmokeBomb"},{"floor":4,"key":"SpeedPotion"},{"floor":4,"key":"Swift Potion"},{"floor":6,"key":"SkillPotion"},{"floor":8,"key":"SteroidPotion"},{"floor":16,"key":"EssenceOfSteel"},{"floor":22,"key":"Explosive Potion"},{"floor":28,"key":"SneckoOil"},{"floor":29,"key":"EntropicBrew"},{"floor":33,"key":"Dexterity Potion"},{"floor":35,"key":"BlessingOfTheForge"}],"is_trial":false,"path_per_floor":["M","?","$","?","M","E","R","E","T","R","M","R","M","M","R","B",null,"M","$","?","$","M","R","E","R","T","R","M","E","T","E","R","B",null,"M","?"],"character_chosen":"IRONCLAD","items_purchased":["Body Slam","Shrug It Off","Shrug It Off"],"campfire_rested":0,"item_purchase_floors":[3,3,21],"current_hp_per_floor":[80,80,80,80,80,80,80,50,50,50,56,56,53,51,51,36,80,79,79,60,60,66,66,48,48,48,48,54,51,51,57,57,62,80,80,0,0],"gold":563,"neow_bonus":"THREE_ENEMY_KILL","is_daily":false,"chose_seed":false,"campfire_upgraded":7,"win_rate":0.0,"timestamp":1609898628,"path_taken":["M","?","?","?","M","E","R","E","T","R","M","R","M","?","R","BOSS","M","$","?","?","M","R","E","R","T","R","M","E","?","E","R","BOSS","M","?"],"items_purchased_type":["Card","Card","Card"],"build_version":"2020-12-22","purchased_purges":2,"victory":false,"max_hp_per_floor":[80,80,80,80,80,80,80,80,80,80,80,80,80,80,80,80,80,80,80,80,80,80,80,80,80,80,80,80,80,80,80,80,80,80,80,80,80],"card_choices":[{"not_picked":["Havoc","Heavy Blade","Anger"],"picked":"SKIP","floor":1},{"not_picked":["Clash","Wild Strike"],"picked":"True Grit","floor":5},{"not_picked":["Blood for Blood","Twin Strike"],"picked":"Disarm","floor":6},{"not_picked":["Twin Strike","Feel No Pain","Armaments"],"picked":"SKIP","floor":8},{"not_picked":["Shockwave","Sever Soul"],"picked":"Shrug It Off","floor":11},{"not_picked":["Anger","Hemokinesis","Shockwave"],"picked":"SKIP","floor":13},{"not_picked":["Thunderclap","Perfected Strike","Clash"],"picked":"SKIP","floor":14},{"not_picked":["Bludgeon","Limit Break"],"picked":"Berserk","floor":16},{"not_picked":["Iron Wave","Anger"],"picked":"Entrench","floor":18},{"not_picked":["True Grit+1","Anger+1","Feel No Pain"],"picked":"SKIP","floor":22},{"not_picked":["Wild Strike","Blood for Blood"],"picked":"Iron Wave","floor":28},{"not_picked":["True Grit+1","Flex","Immolate"],"picked":"SKIP","floor":29},{"not_picked":["Feed","Demon Form"],"picked":"Juggernaut","floor":33},{"not_picked":["Dropkick","Thunderclap","Flame Barrier+1"],"picked":"SKIP","floor":35}],"player_experience":598359,"relics_obtained":[{"floor":6,"key":"Potion Belt"},{"floor":8,"key":"Meat on the Bone"},{"floor":26,"key":"Blue Candle"},{"floor":29,"key":"Orichalcum"},{"floor":30,"key":"Pocketwatch"}],"event_choices":[{"damage_healed":0,"gold_gain":0,"player_choice":"Forge","damage_taken":0,"max_hp_gain":0,"max_hp_loss":0,"event_name":"Accursed Blacksmith","floor":2,"gold_loss":0,"cards_upgraded":["Defend_R"]},{"damage_healed":0,"gold_gain":0,"player_choice":"Got Potions","damage_taken":0,"max_hp_gain":0,"max_hp_loss":0,"event_name":"Lab","floor":4,"gold_loss":0},{"damage_healed":0,"gold_gain":180,"player_choice":"GOLD GOLD ","damage_taken":19,"max_hp_gain":0,"max_hp_loss":0,"event_name":"Knowing Skull","floor":20,"potions_obtained":[],"gold_loss":0,"cards_obtained":[]},{"damage_healed":0,"gold_gain":0,"player_choice":"Fight","damage_taken":0,"max_hp_gain":0,"max_hp_loss":0,"event_name":"Mysterious Sphere","floor":36,"gold_loss":0}],"is_beta":false,"boss_relics":[{"not_picked":["Astrolabe","Black Star"],"picked":"Empty Cage"},{"not_picked":["Pandora\u0027s Box","Snecko Eye"],"picked":"SacredBark"}],"items_purged_floors":[19,21],"is_endless":false,"potions_floor_spawned":[6,8,16,22,24,28,29,33,35],"killed_by":"2 Orb Walkers","ascension_level":3}}