{"host":"msmkw03x1o7nq45i","time":1609921182,"event":{"mods":["BaseMod","Bestiary","Colored Powertips","GifTheSpireLib","Highlight Path","Minty Spire (QoL Compilation)","Random Character Button","StSLib","everything is the same but u backflip on backflip"],"gold_per_floor":[117,117,117,117,130,130,156,156,183,183,202,220,220,252,264,379,391,416,37,33,44,44,44],"floor_reached":22,"playtime":1505,"items_purged":[],"score":267,"play_id":"917b3238-d23e-426b-84ea-373e77352893","local_time":"20210106101942","is_ascension_mode":true,"campfire_choices":[{"data":"Noxious Fumes","floor":6,"key":"SMITH"},{"data":"Poisoned Stab","floor":8,"key":"SMITH"},{"data":"Neutralize","floor":10,"key":"SMITH"},{"data":"Caltrops","floor":15,"key":"SMITH"}],"circlet_count":0,"master_deck":["Strike_G+1","Strike_G","Strike_G","Strike_G","Defend_G","Defend_G","Defend_G","Defend_G","Defend_G","Survivor","Neutralize+1","Noxious Fumes+1","Caltrops+1","Dagger Throw+1","Poisoned Stab+1","Skewer","Crippling Poison","Pain","Wraith Form v2","Dodge and Roll+1","Deflect+1","Leg Sweep+1"],"relics":["SacredBark","Potion Belt","Odd Mushroom","Whetstone","WarpedTongs","MawBank","Busted Crown","Question Card","Orrery"],"acts_visited":["Exordium","TheCity"],"potions_floor_usage":[7,16,18,21,22],"damage_taken":[{"damage":0,"enemies":"Cultist","floor":1,"turns":4},{"damage":0,"enemies":"2 Louse","floor":5,"turns":4},{"damage":8,"enemies":"The Mushroom Lair","floor":7,"turns":3},{"damage":12,"enemies":"Small Slimes","floor":11,"turns":4},{"damage":0,"enemies":"2 Fungi Beasts","floor":12,"turns":4},{"damage":22,"enemies":"Lagavulin","floor":14,"turns":6},{"damage":9,"enemies":"Hexaghost","floor":16,"turns":9},{"damage":15,"enemies":"3 Byrds","floor":18,"turns":2},{"damage":5,"enemies":"2 Thieves","floor":20,"turns":4},{"damage":27,"enemies":"Centurion and Healer","floor":21,"turns":5},{"damage":19,"enemies":"3 Cultists","floor":22,"turns":4}],"seed_played":"-2421478535123141536","potions_obtained":[{"floor":1,"key":"Swift Potion"},{"floor":5,"key":"AttackPotion"},{"floor":7,"key":"PowerPotion"},{"floor":14,"key":"Swift Potion"},{"floor":21,"key":"Swift Potion"}],"is_trial":false,"path_per_floor":["M","?","?","?","M","R","?","R","T","R","M","M","?","E","R","B",null,"M","$","M","M","M"],"character_chosen":"THE_SILENT","items_purchased":["Question Card","Orrery"],"campfire_rested":0,"item_purchase_floors":[19,19],"current_hp_per_floor":[63,68,68,61,61,61,53,53,53,53,41,41,41,19,19,10,59,44,44,39,12,0,0],"gold":44,"neow_bonus":"BOSS_RELIC","is_daily":false,"chose_seed":false,"campfire_upgraded":4,"win_rate":0.0,"timestamp":1609921182,"path_taken":["M","?","?","?","M","R","?","R","T","R","M","M","?","E","R","BOSS","M","$","M","M","M"],"items_purchased_type":["Relic","Relic"],"build_version":"2020-12-22","purchased_purges":0,"victory":false,"max_hp_per_floor":[70,75,75,75,75,75,75,75,75,75,75,75,75,75,75,75,75,75,75,75,75,75,75],"card_choices":[{"not_picked":["Concentrate","Prepared"],"picked":"Noxious Fumes","floor":1},{"not_picked":["Leg Sweep","Eviscerate"],"picked":"Dagger Throw","floor":5},{"not_picked":["Quick Slash","Dodge and Roll"],"picked":"Poisoned Stab","floor":7},{"not_picked":["Leg Sweep","Acrobatics"],"picked":"Skewer","floor":11},{"not_picked":["Prepared","Accuracy"],"picked":"Crippling Poison","floor":12},{"not_picked":["Dagger Throw","Skewer","Bane"],"picked":"SKIP","floor":14},{"not_picked":["Glass Knife","Bullet Time"],"picked":"Wraith Form v2","floor":16},{"not_picked":["Predator"],"picked":"SKIP","floor":18},{"not_picked":["Prepared"],"picked":"Dodge and Roll+1","floor":19},{"not_picked":["Sucker Punch"],"picked":"Deflect+1","floor":20},{"not_picked":["Dagger Spray"],"picked":"Leg Sweep+1","floor":21}],"player_experience":338029,"relics_obtained":[{"floor":7,"key":"Odd Mushroom"},{"floor":9,"key":"Whetstone"},{"floor":14,"key":"MawBank"}],"event_choices":[{"damage_healed":0,"gold_gain":0,"player_choice":"Donut","damage_taken":0,"max_hp_gain":5,"max_hp_loss":0,"event_name":"Big Fish","floor":2,"gold_loss":0},{"damage_healed":0,"gold_gain":0,"cards_transformed":["Strike_G"],"player_choice":"Change","damage_taken":0,"max_hp_gain":0,"max_hp_loss":0,"event_name":"Living Wall","floor":3,"gold_loss":0,"cards_obtained":["Caltrops"]},{"damage_healed":0,"gold_gain":0,"player_choice":"Success","damage_taken":7,"relics_obtained":["Potion Belt"],"max_hp_gain":0,"max_hp_loss":0,"event_name":"Scrap Ooze","floor":4,"gold_loss":0},{"damage_healed":0,"gold_gain":0,"player_choice":"Fought Mushrooms","damage_taken":0,"max_hp_gain":0,"max_hp_loss":0,"event_name":"Mushrooms","floor":7,"gold_loss":0},{"damage_healed":0,"gold_gain":0,"player_choice":"Rummage","damage_taken":0,"relics_obtained":["WarpedTongs"],"max_hp_gain":0,"max_hp_loss":0,"event_name":"Accursed Blacksmith","floor":13,"gold_loss":0,"cards_obtained":["Pain"]}],"is_beta":false,"boss_relics":[{"not_picked":["Runic Dome","Sozu"],"picked":"Busted Crown"}],"items_purged_floors":[],"is_endless":false,"potions_floor_spawned":[1,5,7,14,21],"killed_by":"3 Cultists","ascension_level":9}}