{"host":"c3lc60y5x60jlt1y","time":1609942826,"event":{"mods":["AchievementEnabler","BaseMod","Bestiary","Colored Map","Minty Spire (QoL Compilation)","Quick Restart","StSLib","ojb\u0027s Info Mod"],"gold_per_floor":[113,188,138,154,171,201,219,219,219],"floor_reached":8,"playtime":1948,"items_purged":[],"score":61,"play_id":"6d973772-a1ef-42c0-b31c-b0774c775ffc","local_time":"20210106162026","is_ascension_mode":true,"campfire_choices":[],"circlet_count":0,"master_deck":["Strike_B","Strike_B","Strike_B","Strike_B","Defend_B","Defend_B","Defend_B","Defend_B","Zap","Dualcast","Reinforced Body","Doom and Gloom","Capacitor","Coolheaded","Darkness"],"relics":["Cracked Core","Thread and Needle","Lantern"],"acts_visited":["Exordium"],"potions_floor_usage":[],"damage_taken":[{"damage":2,"enemies":"Jaw Worm","floor":1,"turns":5},{"damage":0,"enemies":"Small Slimes","floor":4,"turns":3},{"damage":0,"enemies":"2 Louse","floor":5,"turns":2},{"damage":10,"enemies":"Lagavulin","floor":6,"turns":8},{"damage":9,"enemies":"Lots of Slimes","floor":7,"turns":4},{"damage":58,"enemies":"Gremlin Nob","floor":8,"turns":4}],"seed_played":"-2143418651634921254","potions_obtained":[{"floor":4,"key":"SteroidPotion"},{"floor":5,"key":"Swift Potion"},{"floor":6,"key":"GamblersBrew"}],"is_trial":false,"path_per_floor":["M","?","?","M","M","E","M","E"],"character_chosen":"DEFECT","items_purchased":[],"campfire_rested":0,"item_purchase_floors":[],"current_hp_per_floor":[73,62,62,62,62,52,43,0,0],"gold":219,"neow_bonus":"ONE_RARE_RELIC","is_daily":false,"chose_seed":false,"campfire_upgraded":0,"win_rate":0.0,"timestamp":1609942826,"path_taken":["M","?","?","M","M","E","M","E"],"items_purchased_type":[],"build_version":"2020-12-22","purchased_purges":0,"victory":false,"max_hp_per_floor":[75,75,75,75,75,75,75,75,75],"card_choices":[{"not_picked":["Rip and Tear","Coolheaded"],"picked":"Reinforced Body","floor":1},{"not_picked":["Rebound","Heatsinks"],"picked":"Doom and Gloom","floor":4},{"not_picked":["Leap","Ball Lightning"],"picked":"Capacitor","floor":5},{"not_picked":["Undo","Go for the Eyes"],"picked":"Coolheaded","floor":6},{"not_picked":["Self Repair","Go for the Eyes"],"picked":"Darkness","floor":7}],"player_experience":7599698,"relics_obtained":[{"floor":6,"key":"Lantern"}],"event_choices":[{"damage_healed":0,"gold_gain":75,"player_choice":"Gather Gold","damage_taken":11,"max_hp_gain":0,"max_hp_loss":0,"event_name":"World of Goop","floor":2,"gold_loss":0},{"cards_removed":["Doubt"],"damage_healed":0,"gold_gain":0,"player_choice":"Card Removal","damage_taken":0,"max_hp_gain":0,"max_hp_loss":0,"event_name":"The Cleric","floor":3,"gold_loss":50}],"is_beta":false,"boss_relics":[],"items_purged_floors":[],"is_endless":false,"potions_floor_spawned":[4,5,6,7],"killed_by":"Gremlin Nob","ascension_level":1}}