{"host":"9som2zyqy2qnw00t","time":1609891242,"event":{"mods":["BaseMod","Colored Map","Colored Powertips","Downfall","Googly Eyes","Highlight Path","Minty Spire (QoL Compilation)","StSLib"],"gold_per_floor":[119,119,119,194,220,220,241,241,241,241,241,262,262,275,275,394,394,394,394],"floor_reached":18,"playtime":506,"items_purged":[],"score":170,"play_id":"b45e1f54-0aca-498c-a1f5-cde9898cbd35","local_time":"20210105180042","is_ascension_mode":true,"campfire_choices":[{"data":"Go for the Eyes","floor":6.0,"key":"SMITH"},{"data":"Zap","floor":8.0,"key":"SMITH"},{"data":"Beam Cell","floor":11.0,"key":"SMITH"},{"data":"Ball Lightning","floor":13.0,"key":"SMITH"},{"data":"Reinforced Body","floor":15.0,"key":"SMITH"}],"circlet_count":0,"master_deck":["Strike_B","Strike_B","Strike_B","Strike_B","Defend_B","Defend_B","Defend_B","Defend_B","Zap+1","Dualcast","Go for the Eyes+1","BootSequence","Beam Cell+1","Ball Lightning+1","Reinforced Body+1","Electrodynamics"],"relics":["Cracked Core","Sundial","Golden Idol","Omamori","Peace Pipe","Black Star"],"acts_visited":["Exordium","TheCity"],"potions_floor_usage":[],"damage_taken":[{"damage":0.0,"enemies":"Cultist","floor":1.0,"turns":4.0},{"damage":0.0,"enemies":"Small Slimes","floor":7.0,"turns":3.0},{"damage":0.0,"enemies":"2 Louse","floor":12.0,"turns":2.0},{"damage":9.0,"enemies":"Red Slaver","floor":14.0,"turns":3.0},{"damage":6.0,"enemies":"Slime Boss","floor":16.0,"turns":8.0},{"damage":0,"enemies":"3 Byrds","floor":18,"turns":1}],"seed_played":"3469362846180100379","potions_obtained":[{"floor":1.0,"key":"FocusPotion"},{"floor":12.0,"key":"BlessingOfTheForge"}],"is_trial":false,"path_per_floor":["M","T","?","?","T","R","M","R","T","?","R","M","R","M","R","B",null,"M"],"character_chosen":"DEFECT","items_purchased":[],"campfire_rested":0,"item_purchase_floors":[],"current_hp_per_floor":[75,75,57,46,46,46,46,46,46,64,64,64,64,55,55,49,75,75,75],"gold":394,"neow_bonus":"THREE_CARDS","is_daily":false,"chose_seed":false,"campfire_upgraded":5,"win_rate":0.0,"timestamp":1609891242,"path_taken":["M","?","?","?","?","R","?","R","T","?","R","M","R","M","R","BOSS","M"],"items_purchased_type":[],"build_version":"2020-12-22","purchased_purges":0,"victory":false,"max_hp_per_floor":[75,75,75,75,75,75,75,75,75,75,75,75,75,75,75,75,75,75,75],"card_choices":[{"not_picked":["Stack","Recycle"],"picked":"Go for the Eyes","floor":0.0},{"not_picked":["Coolheaded","Chaos"],"picked":"BootSequence","floor":1.0},{"not_picked":["Darkness","Steam Power"],"picked":"Beam Cell","floor":7.0},{"not_picked":["Steam","Genetic Algorithm"],"picked":"Ball Lightning","floor":12.0},{"not_picked":["Heatsinks","Hello World"],"picked":"Reinforced Body","floor":14.0},{"not_picked":["Buffer","Meteor Strike"],"picked":"Electrodynamics","floor":16.0}],"player_experience":253045,"relics_obtained":[{"floor":2.0,"key":"Sundial"},{"floor":5.0,"key":"Omamori"},{"floor":9.0,"key":"Peace Pipe"}],"event_choices":[{"damage_healed":0.0,"max_hp_gain":0.0,"max_hp_loss":0.0,"gold_gain":0.0,"event_name":"Golden Idol","player_choice":"Take Damage","floor":3.0,"gold_loss":0.0,"damage_taken":18.0,"relics_obtained":["Golden Idol"]},{"damage_healed":0.0,"max_hp_gain":0.0,"max_hp_loss":0.0,"gold_gain":75.0,"event_name":"World of Goop","player_choice":"Gather Gold","floor":4.0,"gold_loss":0.0,"damage_taken":11.0},{"damage_healed":18.0,"max_hp_gain":0.0,"max_hp_loss":0.0,"gold_gain":0.0,"event_name":"Mushrooms","player_choice":"Healed and dodged fight","floor":10.0,"gold_loss":0.0,"damage_taken":0.0,"cards_obtained":["Parasite"]}],"is_beta":false,"boss_relics":[{"not_picked":["Runic Dome","FrozenCore"],"picked":"Black Star"}],"items_purged_floors":[],"is_endless":false,"potions_floor_spawned":[1,12],"killed_by":"3 Byrds","ascension_level":3}}