{"host":"sbgxqx7mo4t572vt","time":1609967661,"event":{"mods":["AchievementEnabler","BaseMod","Googly Eyes","Minty Spire (QoL Compilation)","Replay The Spire","StSLib"],"gold_per_floor":[111,111,111,54,54,54,67,67,145,145,160,195,249,299,299,378,378,396,427,427,427],"floor_reached":20,"playtime":544,"items_purged":[],"score":336,"play_id":"30b3394a-7c4d-418b-943b-c738dabb58a0","local_time":"20210106231421","is_ascension_mode":true,"campfire_choices":[{"data":"Zap","floor":6,"key":"SMITH"},{"data":"Dualcast","floor":8,"key":"SMITH"},{"data":"Time Bomb","floor":15,"key":"SMITH"}],"circlet_count":0,"master_deck":["AscendersBane","Defend_B","Defend_B","Defend_B+1","Defend_B","Zap+1","Dualcast+1","Darkness+1","Coolheaded","Coolheaded","Time Bomb+1","Amnesia","Echo Form","Hyperbeam+1","Thunder Strike+1","Creative AI+1","Pain","Regret","Loop"],"relics":["Cracked Core","NeowsBlessing","Ancient Tea Set","Iron Hammer","Singing Bowl","Juzu Bracelet","Ring of Hypnosis","Ring of Greed","Replay:Wax Seal","The Courier","Astrolabe","Divine Protection"],"acts_visited":["Exordium","TheCity"],"potions_floor_usage":[],"damage_taken":[{"damage":0,"enemies":"Small Slimes","floor":1,"turns":1},{"damage":0,"enemies":"Jaw Worm","floor":7,"turns":1},{"damage":0,"enemies":"2 Louse","floor":11,"turns":1},{"damage":13,"enemies":"Lagavulin","floor":12,"turns":6},{"damage":14,"enemies":"Slime Boss","floor":16,"turns":7},{"damage":41,"enemies":"Spheric Guardian","floor":18,"turns":6},{"damage":31,"enemies":"Chosen","floor":20,"turns":5}],"seed_played":"1359355074316782443","potions_obtained":[{"floor":11,"key":"BlessingOfTheForge"},{"floor":12,"key":"Adrenaline Potion"}],"is_trial":false,"path_per_floor":["M","?","?","$","?","R","M","R","T","?","M","E","T","?","R","B",null,"M","?","M"],"character_chosen":"DEFECT","items_purchased":["Coolheaded"],"campfire_rested":0,"item_purchase_floors":[4],"current_hp_per_floor":[64,57,57,57,46,46,46,46,46,46,46,33,33,33,33,19,58,19,21,0,0],"gold":427,"neow_bonus":"THREE_ENEMY_KILL","is_daily":false,"chose_seed":false,"campfire_upgraded":3,"win_rate":0.0,"timestamp":1609967661,"path_taken":["M","?","?","$","?","R","?","R","T","?","M","E","?","?","R","BOSS","M","?","M"],"items_purchased_type":["Card"],"build_version":"2020-12-22","purchased_purges":0,"victory":false,"max_hp_per_floor":[71,71,71,71,71,71,71,71,71,71,71,71,71,71,71,71,71,73,75,75,75],"card_choices":[{"not_picked":["Compile Driver","Hologram"],"picked":"Darkness","floor":1},{"not_picked":["Leap","Turbo","Stack"],"picked":"SKIP","floor":7},{"not_picked":["Force Field","Scrape"],"picked":"Coolheaded","floor":11},{"not_picked":["Electrodynamics","Barrage"],"picked":"Time Bomb","floor":12},{"not_picked":["Creative AI","Rainbow"],"picked":"Echo Form","floor":16},{"not_picked":["Rebound","Steam Power","Darkness"],"picked":"Singing Bowl","floor":18},{"not_picked":["Hello World","Beam Cell","Force Field"],"picked":"Singing Bowl","floor":19},{"not_picked":["Blizzard","Coolheaded"],"picked":"Loop","floor":19}],"player_experience":293054,"relics_obtained":[{"floor":9,"key":"Iron Hammer"},{"floor":12,"key":"Singing Bowl"},{"floor":13,"key":"Juzu Bracelet"},{"floor":14,"key":"Ring of Hypnosis"},{"floor":14,"key":"Ring of Greed"},{"floor":14,"key":"Replay:Wax Seal"},{"floor":14,"key":"The Courier"},{"floor":19,"key":"Divine Protection"}],"event_choices":[{"cards_removed":["Strike_B"],"damage_healed":0,"gold_gain":0,"player_choice":"Card Removal","damage_taken":7,"max_hp_gain":0,"max_hp_loss":0,"event_name":"Golden Wing","floor":2,"gold_loss":0},{"damage_healed":0,"gold_gain":0,"player_choice":"Success","damage_taken":11,"relics_obtained":["Ancient Tea Set"],"max_hp_gain":0,"max_hp_loss":0,"event_name":"Scrap Ooze","floor":5,"gold_loss":0},{"damage_healed":0,"gold_gain":0,"player_choice":"Grow","damage_taken":0,"max_hp_gain":0,"max_hp_loss":0,"event_name":"Living Wall","floor":10,"gold_loss":0,"cards_upgraded":["Darkness"]}],"is_beta":false,"boss_relics":[{"not_picked":["ReplayTheSpireMod:DimensionalGlitch","Snecko Eye"],"picked":"Astrolabe"}],"items_purged_floors":[],"is_endless":false,"potions_floor_spawned":[11,12,16,18],"killed_by":"Chosen","ascension_level":20}}