{"host":"0fmi5fguj5lvt8pf","time":1609922120,"event":{"mods":["BaseMod","Colored Map","Curses Come First","Downfall","Minty Spire (QoL Compilation)","Permanent Neow","StSLib","Waifu the Spire"],"gold_per_floor":[349,359,379,399,399,399,476,487,503,519,519,519,619,329,340,444,444,444,455,474,574,594,611,679,679,689,707,732,732,745,758,778,877,877,877,891,941,493,508,508,508,283,314,314,340,340,360,88,105,105,105,130,15,15,15],"floor_reached":56,"playtime":4471,"items_purged":["Guardian:Strike_Guardian","Pride","Guardian:Defend_Guardian"],"score":1375,"play_id":"1ca46455-f23c-4016-b2f4-634a1c818c5b","local_time":"20210106003520","is_ascension_mode":false,"campfire_choices":[{"data":"Guardian:CurlUp","floor":1.0,"key":"SMITH"},{"data":"Guardian:ChargeCore","floor":6.0,"key":"SMITH"},{"data":"Guardian:StasisField","floor":18.0,"key":"SMITH"},{"data":"Guardian:Suspension","floor":35,"key":"SMITH"},{"floor":40,"key":"RECALL"},{"data":"Guardian:PiercingHide","floor":42,"key":"SMITH"},{"data":"Guardian:BronzeOrb","floor":54,"key":"SMITH"}],"circlet_count":0,"master_deck":["Guardian:Strike_Guardian","Guardian:Strike_Guardian+1","Guardian:Defend_Guardian","Guardian:Defend_Guardian","Guardian:CurlUp+1","Guardian:TwinSlam+1","Guardian:ChargeUp","Guardian:ChargeCore+1","Guardian:TemporalStrike","Guardian:DecasProtection+1","Guardian:Suspension+1","Guardian:BronzeOrb+1","Guardian:StasisField+1","CurseOfTheBell","Guardian:Recover+1","Guardian:PiercingHide+1","Guardian:RevengeProtocol","Guardian:BronzeOrb+1","Guardian:RevengeProtocol","Guardian:PolyBeam","Guardian:FloatingOrbs+1","Guardian:StasisEngine+1","Guardian:Clone+1","Guardian:FloatingOrbs+1","Guardian:TemporalShield+1"],"relics":["Guardian:ModeShifter","Pear","downfall:ShatteredFragment","champ:Barbells","Calling Bell","Pen Nib","The Courier","FossilizedHelix","StrikeDummy","SacredBark","StoneCalendar","Bag of Preparation","CaptainsWheel","Blue Candle","downfall:HeartBlessingRed","downfall:HeartBlessingGreen","downfall:HeartBlessingBlue","InkBottle","Eternal Feather","HornCleat","Toy Ornithopter","Kunai","Bag of Marbles","hexamod:BolsterEngine"],"acts_visited":["Exordium","TheCity","TheBeyond","TheEnding"],"potions_floor_usage":[33,38,48,55],"damage_taken":[{"damage":0.0,"enemies":"Jaw Worm","floor":2.0,"turns":5.0},{"damage":2.0,"enemies":"Cultist","floor":3.0,"turns":4.0},{"damage":0.0,"enemies":"Small Slimes","floor":4.0,"turns":3.0},{"damage":14.0,"enemies":"3 Louse","floor":8.0,"turns":3.0},{"damage":0.0,"enemies":"Large Slime","floor":9.0,"turns":5.0},{"damage":0.0,"enemies":"2 Fungi Beasts","floor":10.0,"turns":3.0},{"damage":0.0,"enemies":"downfall:FleeingMerchant","floor":14.0,"turns":4.0},{"damage":7.0,"enemies":"Gremlin Gang","floor":15.0,"turns":3.0},{"damage":11.0,"enemies":"downfall:Defect","floor":16.0,"turns":6.0},{"damage":0.0,"enemies":"Chosen","floor":19.0,"turns":4.0},{"damage":12.0,"enemies":"3 Cultists","floor":20.0,"turns":6.0},{"damage":2.0,"enemies":"Snake Plant","floor":22.0,"turns":5.0},{"damage":0.0,"enemies":"Shelled Parasite and Fungi","floor":23.0,"turns":5.0},{"damage":17.0,"enemies":"Sentry and Sphere","floor":26.0,"turns":7.0},{"damage":6.0,"enemies":"Chosen and Byrds","floor":27.0,"turns":6.0},{"damage":10.0,"enemies":"Book of Stabbing","floor":28.0,"turns":5.0},{"damage":0.0,"enemies":"Centurion and Healer","floor":30.0,"turns":7.0},{"damage":8,"enemies":"Snake Plant","floor":31,"turns":4},{"damage":5,"enemies":"Shelled Parasite and Fungi","floor":32,"turns":5},{"damage":14,"enemies":"downfall:Watcher","floor":33,"turns":10},{"damage":0,"enemies":"3 Shapes","floor":36,"turns":4},{"damage":0,"enemies":"Mind Bloom Boss Battle","floor":37,"turns":5},{"damage":0,"enemies":"downfall:FleeingMerchant","floor":38,"turns":4},{"damage":0,"enemies":"3 Darklings","floor":39,"turns":4},{"damage":0,"enemies":"Giant Head","floor":43,"turns":4},{"damage":0,"enemies":"Reptomancer","floor":45,"turns":4},{"damage":0,"enemies":"Spire Growth","floor":47,"turns":3},{"damage":0,"enemies":"downfall:FleeingMerchant","floor":48,"turns":3},{"damage":0,"enemies":"Writhing Mass","floor":49,"turns":4},{"damage":5,"enemies":"downfall:Silent","floor":50,"turns":4},{"damage":0,"enemies":"downfall:CharBossMerchant","floor":52,"turns":4},{"damage":5,"enemies":"downfall:NeowBoss","floor":55,"turns":11}],"seed_played":"-871629874576261831","potions_obtained":[{"floor":3.0,"key":"Dexterity Potion"},{"floor":9.0,"key":"BlessingOfTheForge"},{"floor":15.0,"key":"DistilledChaos"},{"floor":20.0,"key":"SkillPotion"},{"floor":26.0,"key":"sneckomod:MuddlingPotion"},{"floor":27.0,"key":"FearPotion"},{"floor":28.0,"key":"Block Potion"},{"floor":32,"key":"SneckoOil"},{"floor":43,"key":"Dexterity Potion"},{"floor":45,"key":"SkillPotion"},{"floor":49,"key":"Explosive Potion"}],"is_trial":false,"path_per_floor":["R","M","M","M","?","R","T","M","M","M","?","?","?","$","M","B",null,"R","M","M","?","M","M","T","?","M","M","E","?","M","M","M","B",null,"R","M","?","$","M","R","T","R","E","?","E","?","M","$","M","B",null,"E","$","R","B",null],"character_chosen":"GUARDIAN","items_purchased":["champ:Barbells","Weak Potion","Bag of Preparation","CaptainsWheel","HornCleat","Toy Ornithopter","Kunai","hexamod:BolsterEngine"],"campfire_rested":0,"item_purchase_floors":[14,14,38,38,48,48,48,53],"current_hp_per_floor":[56,56,54,54,54,54,64,50,50,50,26,26,26,26,19,8,90,90,90,78,78,76,76,76,76,59,53,43,43,43,35,30,16,90,90,90,90,90,90,90,90,100,100,100,100,100,100,100,100,95,100,100,100,100,95],"gold":15,"neow_bonus":"TWO_FIFTY_GOLD","is_daily":false,"chose_seed":false,"campfire_upgraded":6,"win_rate":0.0,"timestamp":1609922120,"path_taken":["R","M","M","M","?","R","T","M","?","M","?","?","?","$","M","BOSS","R","M","M","?","M","M","T","?","?","M","E","?","M","M","M","BOSS","R","M","?","$","M","R","T","R","E","?","E","?","M","$","M","BOSS","E","$","R","BOSS"],"items_purchased_type":["Relic","Potion","Relic","Relic","Relic","Relic","Relic","Relic"],"build_version":"2020-12-22","purchased_purges":3,"victory":true,"max_hp_per_floor":[80,80,80,80,80,80,90,90,90,90,90,90,90,90,90,90,90,90,90,90,90,90,90,90,90,90,90,90,90,90,90,90,90,90,90,90,90,90,90,90,90,100,100,100,100,100,100,100,100,100,100,100,100,100,100],"card_choices":[{"not_picked":["Guardian:PiercingHide","Guardian:Clone"],"picked":"Guardian:Gem_Purple","floor":2.0},{"not_picked":["Guardian:ChargeCore","Guardian:Suspension"],"picked":"Guardian:ChargeUp","floor":3.0},{"not_picked":["Guardian:TemporalShield","Guardian:CrystalBeam"],"picked":"Guardian:ChargeCore","floor":4.0},{"not_picked":["Guardian:Reroute","Guardian:ArmoredProtocol"],"picked":"Guardian:TemporalStrike","floor":8.0},{"not_picked":["Guardian:TemporalStrike","Guardian:CrystalBeam"],"picked":"Guardian:DecasProtection","floor":9.0},{"not_picked":["Guardian:Incinerate","Guardian:Gem_Green"],"picked":"Guardian:Suspension","floor":10.0},{"not_picked":["Guardian:Gem_Red","Guardian:Gem_Green"],"picked":"Guardian:Gem_Crimson","floor":14.0},{"not_picked":["Guardian:Planning","Guardian:WalkerClaw"],"picked":"Guardian:BronzeOrb","floor":15.0},{"not_picked":["Guardian:ExploitGems","Guardian:SphericShield"],"picked":"Guardian:StasisField","floor":16.0},{"not_picked":["Guardian:Reroute","Guardian:MultiBeam+1"],"picked":"Guardian:Recover+1","floor":19.0},{"not_picked":["Guardian:Recover","Guardian:Suspension"],"picked":"Guardian:PiercingHide","floor":20.0},{"not_picked":["Guardian:Gem_Green","Guardian:CrystalBeam"],"picked":"Guardian:RevengeProtocol","floor":22.0},{"not_picked":["Guardian:Incinerate","Guardian:Gem_Purple","Guardian:Reroute+1"],"picked":"SKIP","floor":23.0},{"not_picked":["Guardian:SentryBeam+1","Guardian:Gem_Lightblue"],"picked":"Guardian:Gem_White","floor":26.0},{"not_picked":["Guardian:Reroute","Guardian:TimeCapacitor","Guardian:ArmoredProtocol"],"picked":"SKIP","floor":27.0},{"not_picked":["Guardian:VentSteam+1","Guardian:PrimingBeam+1","Guardian:TimeCapacitor+1"],"picked":"SKIP","floor":28.0},{"not_picked":["Guardian:Harden","Guardian:SentryBeam+1"],"picked":"Guardian:Gem_White","floor":30},{"not_picked":["Guardian:ShieldCharger","Guardian:Gem_Cyan"],"picked":"Guardian:BronzeOrb+1","floor":31},{"not_picked":["Guardian:Suspension","Guardian:ConstructionForm","Guardian:EvasiveProtocol"],"picked":"SKIP","floor":32},{"not_picked":["Guardian:Gem_Synthetic","Guardian:SphericShield"],"picked":"Guardian:RevengeProtocol","floor":33},{"not_picked":["Guardian:ChargeCore","Guardian:CrystalBeam+1"],"picked":"Guardian:PolyBeam","floor":36},{"not_picked":["Guardian:Gem_Lightblue","Guardian:Incinerate+1"],"picked":"Guardian:FloatingOrbs+1","floor":37},{"not_picked":["Guardian:PrimingBeam+1","Guardian:ChargeUp+1"],"picked":"Guardian:StasisEngine","floor":38},{"not_picked":["Guardian:TimeBomb","Guardian:RefractedBeam"],"picked":"Guardian:Clone+1","floor":39},{"not_picked":["Guardian:RollAttack+1","Guardian:ShieldCharger+1"],"picked":"Guardian:FloatingOrbs+1","floor":43},{"not_picked":["Guardian:Incinerate","Guardian:RollAttack+1","Guardian:DecasProtection"],"picked":"SKIP","floor":45},{"not_picked":["Guardian:EvasiveProtocol","Guardian:SpikerProtocol","Guardian:Reroute"],"picked":"SKIP","floor":47},{"not_picked":["Guardian:CrystalBeam","Guardian:SpikerProtocol","Guardian:VentSteam+1"],"picked":"SKIP","floor":48},{"not_picked":["Guardian:Gem_Lightblue","Guardian:FloatingOrbs","Guardian:TemporalStrike+1"],"picked":"SKIP","floor":49},{"not_picked":["Guardian:Reroute","Guardian:RefractedBeam"],"picked":"Guardian:TemporalShield+1","floor":52}],"player_experience":1291716,"relics_obtained":[{"floor":7.0,"key":"Pear"},{"floor":17.0,"key":"Pen Nib"},{"floor":17.0,"key":"The Courier"},{"floor":17.0,"key":"FossilizedHelix"},{"floor":28.0,"key":"StrikeDummy"},{"floor":37,"key":"StoneCalendar"},{"floor":41,"key":"Blue Candle"},{"floor":43,"key":"InkBottle"},{"floor":45,"key":"Eternal Feather"},{"floor":52,"key":"Bag of Marbles"}],"event_choices":[{"cards_removed":["Guardian:Strike_Guardian"],"damage_healed":0.0,"max_hp_gain":0.0,"max_hp_loss":0.0,"gold_gain":0.0,"event_name":"Purifier","player_choice":"Purged","floor":5.0,"gold_loss":0.0,"damage_taken":0.0}],"is_beta":false,"boss_relics":[{"not_picked":["Sozu","Guardian:ModeShifterPlus"],"picked":"Calling Bell"},{"not_picked":["Velvet Choker","Cursed Key"],"picked":"SacredBark"}],"items_purged_floors":[14,38,48],"is_endless":false,"potions_floor_spawned":[3,9,15,20,26,27,28,32,43,45,49],"ascension_level":0}}