{"host":"s794kqxf2n1qz2yr","time":1609966958,"event":{"mods":["100% Spire Juice","2.2 Compatiblity","A Magickal Journey","AchievementEnabler","Aspiration","BaseMod","Downfall","Friendly Minions","Hermit","HololiveMod","Melee Mod","Minty Spire (QoL Compilation)","Permanent Neow","StSLib","The Disciple","The Edgeheg","The Marked"],"gold_per_floor":[119,119,119,131,131,162,177,136,189,224,238,255,255,266,266,362,362,373,393,393,447,462,490,490,405,405,430,430,445,457,473,473,577,627,639,239,250,263,263,173,185,185,209,209,225,239,271,287,287,287],"floor_reached":51,"playtime":7186,"items_purged":["Bash"],"score":815,"play_id":"b866cd78-919c-4a8d-81f5-c1821c4bfb32","local_time":"20210106210238","daily_mods":["Chimera","Diverse"],"is_ascension_mode":false,"campfire_choices":[{"data":"DeusExMachina","floor":13,"key":"SMITH"},{"data":"ExoVibe","floor":15,"key":"SMITH"},{"data":"sneckomod:UnknownRareSkill","floor":24,"key":"SMITH"},{"data":"Seek","floor":28,"key":"SMITH"},{"data":"sneckomod:UnknownUncommonPower","floor":32,"key":"SMITH"},{"data":"Chrysalis","floor":44,"key":"SMITH"},{"data":"Finesse","floor":49,"key":"SMITH"}],"circlet_count":0,"master_deck":["Survivor","Zap+1","Predator","Moonworks:WindyEnchantment","ExoVibe+53","Hololive_CallAkaiHaato","DeusExMachina+1","Hololive_FlyingPonyTail","Seek+1","Guardian:PiercingHide+1","sneckomod:UnknownClassGREEN","sneckomod:UnknownClassGREEN","sneckomod:UnknownUncommonPower+1","sneckomod:UnknownX+1","sneckomod:UnknownRareSkill+1","Slimebound:Prepare","After Image+1","meleeMod_Randall","theMarked:MysticalArsenal+1","Panache+1","Chrysalis+1","Panache+1","Finesse+1","Metallicize+1","A Thousand Cuts+1"],"relics":["sneckomod:SneckoSoul","aspiration:FetidBarrel","Pocketwatch","Oddly Smooth Stone","Lantern","Guardian:GemstoneGun","Sozu","Nunchaku","Frozen Egg 2","hexamod:BolsterEngine","Mango","Tiny House","Lee\u0027s Waffle","Vajra","Potion Belt","Guardian:PocketSentry"],"acts_visited":["Exordium","TheCity","TheBeyond"],"potions_floor_usage":[16,23,33],"damage_taken":[{"damage":2,"enemies":"Small Slimes","floor":1,"turns":4},{"damage":6,"enemies":"Jaw Worm","floor":4,"turns":3},{"damage":27,"enemies":"Gremlin Nob","floor":6,"turns":4},{"damage":0,"enemies":"Cultist","floor":7,"turns":4},{"damage":3,"enemies":"Lagavulin","floor":10,"turns":9},{"damage":0,"enemies":"Exordium Wildlife","floor":11,"turns":5},{"damage":0,"enemies":"Exordium Thugs","floor":12,"turns":7},{"damage":0,"enemies":"3 Louse","floor":14,"turns":2},{"damage":3,"enemies":"The Guardian","floor":16,"turns":20},{"damage":5,"enemies":"2 Thieves","floor":18,"turns":3},{"damage":0,"enemies":"Chosen","floor":19,"turns":4},{"damage":0,"enemies":"Snecko","floor":22,"turns":3},{"damage":7,"enemies":"Book of Stabbing","floor":23,"turns":6},{"damage":0,"enemies":"Centurion and Healer","floor":27,"turns":4},{"damage":0,"enemies":"Shelled Parasite and Fungi","floor":29,"turns":4},{"damage":0,"enemies":"Snecko","floor":30,"turns":4},{"damage":0,"enemies":"Centurion and Healer","floor":31,"turns":3},{"damage":0,"enemies":"Champ","floor":33,"turns":12},{"damage":38,"enemies":"3 Darklings","floor":35,"turns":3},{"damage":2,"enemies":"3 Shapes","floor":37,"turns":3},{"damage":0,"enemies":"Sphere and 2 Shapes","floor":38,"turns":4},{"damage":0,"enemies":"Maw","floor":41,"turns":6},{"damage":0,"enemies":"Jaw Worm Horde","floor":45,"turns":3},{"damage":0,"enemies":"Sphere and 2 Shapes","floor":46,"turns":3},{"damage":12,"enemies":"Nemesis","floor":47,"turns":9},{"damage":0,"enemies":"Spire Growth","floor":48,"turns":4},{"damage":0,"enemies":"Donu and Deca","floor":50,"turns":4}],"seed_played":"-2552388119895621146","potions_obtained":[{"floor":4,"key":"EntropicBrew"},{"floor":6,"key":"sneckomod:MuddlingPotion"},{"floor":7,"key":"Energy Potion"},{"floor":11,"key":"LiquidMemories"}],"is_trial":true,"path_per_floor":["M","?","T","M","?","E","M","$","T","E","M","M","R","M","R","B",null,"M","M","?","T","M","E","R","?","T","M","R","M","M","M","R","B",null,"M","$","M","M","?","?","M","T","T","R","M","M","E","M","R","B",null],"character_chosen":"THE_SNECKO","items_purchased":["Hololive_CallAkaiHaato","Panache+1","Lee\u0027s Waffle"],"campfire_rested":0,"item_purchase_floors":[8,36,36],"current_hp_per_floor":[88,88,88,82,81,54,54,54,54,51,51,51,51,51,51,48,90,85,85,91,91,91,84,84,84,98,98,98,98,98,98,98,98,115,77,122,120,120,110,110,110,110,110,110,110,110,98,98,98,102],"gold":287,"neow_bonus":"","is_daily":false,"chose_seed":false,"campfire_upgraded":7,"win_rate":0.0,"timestamp":1609966958,"path_taken":["M","?","?","M","?","E","M","?","T","E","M","M","R","M","R","BOSS","M","M","?","?","M","E","R","?","T","?","R","M","M","M","R","BOSS","M","$","M","M","?","?","?","?","T","R","M","M","E","M","R","BOSS"],"items_purchased_type":["Card","Card","Relic"],"build_version":"2020-12-22","purchased_purges":1,"victory":true,"max_hp_per_floor":[90,90,90,90,90,90,90,90,90,90,90,90,90,90,90,90,90,90,90,96,96,96,96,96,96,110,110,110,110,110,110,110,110,115,115,122,122,122,122,122,122,122,122,122,122,122,122,122,122,122],"card_choices":[{"not_picked":["meleeMod_CommandGrab","theEdgeheg:Shotgun","hexamod:GhostShield"],"picked":"SKIP","floor":1},{"not_picked":["Guardian:FastForward","sneckomod:UnknownUncommonSkill"],"picked":"Moonworks:WindyEnchantment","floor":4},{"not_picked":["theMarked:TwofoldDefense","Slimebound:LeechEnergy"],"picked":"ExoVibe","floor":6},{"not_picked":["Conserve Battery","FormalWear","Hololive_CallYogiri"],"picked":"SKIP","floor":7},{"not_picked":["theMarked:MuscleMemory","theMarked:Parkour","sneckomod:UnknownBlock"],"picked":"SKIP","floor":10},{"not_picked":["MentalFortress","Slimebound:ComboTackle","True Grit"],"picked":"SKIP","floor":11},{"not_picked":["EmptyBody","hermit:HighCaliber"],"picked":"DeusExMachina","floor":12},{"not_picked":["theMarked:Indomitable","theMarked:WastefulAttack"],"picked":"Hololive_FlyingPonyTail","floor":14},{"not_picked":["theMarked:FavorableWinds","Moonworks:SinkOrSwim"],"picked":"Seek","floor":16},{"not_picked":["hexamod:CatchUp+1","Magicka:MuscleMemoryCard"],"picked":"Guardian:PiercingHide+1","floor":18},{"not_picked":["Slimebound:LeechingTouch","Moonworks:BindingChains","theMarked:ChainLightning"],"picked":"SKIP","floor":19},{"not_picked":["theMarked:ContemptForTheProud+1","Moonworks:DeployBits","Tactician"],"picked":"SKIP","floor":22},{"not_picked":["CarveReality","hexamod:RecurringNightmare","theEdgeheg:SupersonicSpeed"],"picked":"SKIP","floor":23},{"not_picked":["Moonworks:BigMagnum+1","Magicka:RuinCrusherCard","champ:DeathBlow"],"picked":"SKIP","floor":27},{"not_picked":["Slimebound:PressTheAttack","Steam"],"picked":"Slimebound:Prepare","floor":29},{"not_picked":["theEdgeheg:BloodyKatana","hexamod:RecurringNightmare","hermit:TrackingShot+1"],"picked":"SKIP","floor":30},{"not_picked":["hermit:Quickdraw+1","Magicka:SlipperyLifeCard","champ:FalseCounter"],"picked":"SKIP","floor":31},{"not_picked":["Envenom+1","meleeMod_UCF+"],"picked":"After Image+1","floor":33},{"not_picked":["Riddle With Holes","meleeMod_WaveLand"],"picked":"meleeMod_Randall","floor":34},{"not_picked":["sneckomod:UnknownClassSLIMEBOUND","hermit:Combo+1"],"picked":"theMarked:MysticalArsenal+1","floor":35},{"not_picked":["champ:Haymaker+1","theEdgeheg:BadassArsenal+1","hermit:Quickdraw"],"picked":"SKIP","floor":37},{"not_picked":["Combust+1","hermit:Snipe+1","Magicka:SlideOverIceCard"],"picked":"SKIP","floor":38},{"not_picked":["expansioncontent:Hexaburn","Deep Breath"],"picked":"Chrysalis","floor":39},{"not_picked":["Bandage Up","Metamorphosis"],"picked":"Panache+1","floor":39},{"not_picked":["Panacea","expansioncontent:ChargeUp"],"picked":"Finesse","floor":39},{"not_picked":["meleeMod_UpAir","FollowUp+1","Clothesline"],"picked":"SKIP","floor":41},{"not_picked":["CrunchTime","meleeMod_DownTilt"],"picked":"Metallicize+1","floor":45},{"not_picked":["champ:EndlessRage+1","hermit:Snipe+1","meleeMod_Taunt+1"],"picked":"SKIP","floor":46},{"not_picked":["theMarked:Static+1","hermit:CalledShot"],"picked":"A Thousand Cuts+1","floor":47},{"not_picked":["Guardian:Gem_Lightblue","theMarked:HeightenedSenses","Moonworks:JonathanRush"],"picked":"SKIP","floor":48}],"player_experience":324632,"relics_obtained":[{"floor":3,"key":"aspiration:FetidBarrel"},{"floor":6,"key":"Oddly Smooth Stone"},{"floor":9,"key":"Lantern"},{"floor":10,"key":"Guardian:GemstoneGun"},{"floor":21,"key":"Nunchaku"},{"floor":23,"key":"Frozen Egg 2"},{"floor":26,"key":"Mango"},{"floor":42,"key":"Vajra"},{"floor":43,"key":"Potion Belt"},{"floor":47,"key":"Guardian:PocketSentry"}],"event_choices":[{"damage_healed":0,"gold_gain":0,"cards_transformed":["Eruption"],"player_choice":"Change","damage_taken":0,"max_hp_gain":0,"max_hp_loss":0,"event_name":"Living Wall","floor":2,"gold_loss":0,"cards_obtained":["Predator"]},{"damage_healed":0,"gold_gain":0,"player_choice":"Obtained Relic","damage_taken":0,"relics_obtained":["hexamod:BolsterEngine"],"max_hp_gain":0,"max_hp_loss":0,"event_name":"Addict","floor":25,"gold_loss":85},{"damage_healed":0,"gold_gain":0,"player_choice":"Memory 3","damage_taken":10,"max_hp_gain":0,"max_hp_loss":0,"event_name":"SensoryStone","floor":39,"gold_loss":0},{"cards_removed":["sneckomod:UnknownClassHololive_BLUE"],"damage_healed":0,"gold_gain":0,"player_choice":"Upgrade and Remove","damage_taken":0,"max_hp_gain":0,"max_hp_loss":0,"event_name":"Designer","floor":40,"gold_loss":90,"cards_upgraded":["sneckomod:UnknownX"]}],"is_beta":false,"boss_relics":[{"not_picked":["aspiration:DefectSkillbook","aspiration:RunicSpoon"],"picked":"Sozu"},{"not_picked":["Runic Pyramid","Hololive_Finger"],"picked":"Tiny House"}],"items_purged_floors":[36],"is_endless":false,"potions_floor_spawned":[4,6,7,11,22,23,27,29,38,41,48],"ascension_level":0}}