{"host":"os9owiyb0rak6c8n","time":1609925279,"event":{"mods":["AchievementEnabler","Astrologer","BaseMod","Beaked The Cultist","Better Third Choice","Block Reminder","Colored Map","Colored Powertips","Dio Mod","Minty Spire (QoL Compilation)","Robot Space Explorer","Spicy Shops","StSLib","The Death Knight","The Necromancer"],"gold_per_floor":[125,149,174,174,29,66,66,109,155,155,64,64,64,95,95,203,203,203,203,203,33,33,33,33,33,33,33,33,33,33,33],"floor_reached":30,"playtime":1013,"items_purged":["Strike_G","Strike_G"],"score":486,"play_id":"5c076b9c-0e42-41d7-95f9-9ae691faba9c","local_time":"20210106102759","is_ascension_mode":true,"campfire_choices":[{"floor":7,"key":"REST"},{"data":"Dagger Spray","floor":10,"key":"SMITH"},{"floor":15,"key":"REST"},{"data":"Envenom","floor":24,"key":"SMITH"}],"circlet_count":0,"master_deck":["AscendersBane","Strike_G","Strike_G","Strike_G","Defend_G+1","Defend_G","Defend_G+1","Defend_G","Defend_G","Survivor","Neutralize","Acrobatics","Deadly Poison","Dagger Spray+1","Caltrops","Sucker Punch","Poisoned Stab","Envenom+1","Underhanded Strike+1","Well Laid Plans","Blade Dance","Dash","Storm of Steel","Choke+1","Burst"],"relics":["Ring of the Snake","Sling","Mercury Hourglass","War Paint","Boot","The Courier","Lantern","Ectoplasm","Nloth\u0027s Gift","Eternal Feather","Potion Belt","Blood Vial","Molten Egg 2"],"acts_visited":["Exordium","TheCity"],"potions_floor_usage":[8,29],"damage_taken":[{"damage":4,"enemies":"Jaw Worm","floor":1,"turns":6},{"damage":0,"enemies":"2 Louse","floor":2,"turns":4},{"damage":0,"enemies":"Small Slimes","floor":3,"turns":5},{"damage":41,"enemies":"Lagavulin","floor":6,"turns":7},{"damage":10,"enemies":"3 Sentries","floor":8,"turns":4},{"damage":24,"enemies":"Lagavulin","floor":14,"turns":5},{"damage":41,"enemies":"Hexaghost","floor":16,"turns":9},{"damage":3,"enemies":"3 Byrds","floor":18,"turns":2},{"damage":0,"enemies":"Chosen","floor":22,"turns":4},{"damage":6,"enemies":"Gremlin Leader","floor":23,"turns":6},{"damage":19,"enemies":"Book of Stabbing","floor":25,"turns":4},{"damage":31,"enemies":"Slavers","floor":27,"turns":4},{"damage":12,"enemies":"Shelled Parasite and Fungi","floor":28,"turns":5},{"damage":5,"enemies":"Snecko","floor":29,"turns":3},{"damage":0,"enemies":"Centurion and Healer","floor":30,"turns":1}],"seed_played":"2929684159467482924","potions_obtained":[{"floor":1,"key":"FairyPotion"},{"floor":2,"key":"Weak Potion"},{"floor":3,"key":"PowerPotion"},{"floor":25,"key":"Energy Potion"},{"floor":28,"key":"SkillPotion"}],"is_trial":false,"path_per_floor":["M","M","M","?","$","E","R","E","T","R","$","?","T","E","R","B",null,"M","?","?","$","M","E","R","E","T","E","M","M","M"],"character_chosen":"THE_SILENT","items_purchased":["Sling","Poisoned Stab","Well Laid Plans"],"campfire_rested":2,"item_purchase_floors":[5,11,21],"current_hp_per_floor":[59,59,59,64,64,23,45,35,35,35,35,35,35,11,33,16,60,57,57,57,57,57,51,63,44,44,15,5,2,4,4],"gold":33,"neow_bonus":"RANDOM_COMMON_RELIC","is_daily":false,"chose_seed":false,"campfire_upgraded":2,"win_rate":0.0,"timestamp":1609925279,"path_taken":["M","M","M","?","$","E","R","E","T","R","$","?","?","E","R","BOSS","M","?","?","$","M","E","R","E","T","E","M","?","M"],"items_purchased_type":["Relic","Card","Card"],"build_version":"2020-12-22","purchased_purges":2,"victory":false,"max_hp_per_floor":[70,70,70,75,75,75,75,75,75,75,75,75,75,75,75,75,75,75,75,75,75,75,75,75,75,75,75,75,75,75,75],"card_choices":[{"not_picked":["Setup","Expertise"],"picked":"Acrobatics","floor":1},{"not_picked":["Underhanded Strike","Dagger Spray"],"picked":"Deadly Poison","floor":2},{"not_picked":["Backstab","Quick Slash"],"picked":"Dagger Spray","floor":3},{"not_picked":["Eviscerate","Cloak And Dagger"],"picked":"Caltrops","floor":6},{"not_picked":["Calculated Gamble","Dagger Throw"],"picked":"Sucker Punch","floor":8},{"not_picked":["Reflex","Slice","Acrobatics"],"picked":"SKIP","floor":14},{"not_picked":["Unload","Night Terror"],"picked":"Envenom","floor":16},{"not_picked":["Flechettes","Endless Agony"],"picked":"Underhanded Strike+1","floor":18},{"not_picked":["Acrobatics","Deflect"],"picked":"Blade Dance","floor":22},{"not_picked":["Concentrate+1","Skewer","Phantasmal Killer"],"picked":"SKIP","floor":23},{"not_picked":["Slice","Expertise"],"picked":"Dash","floor":25},{"not_picked":["Blur","Well Laid Plans"],"picked":"Storm of Steel","floor":27},{"not_picked":["PiercingWail+1","Deflect"],"picked":"Choke+1","floor":28},{"not_picked":["Blade Dance","Poisoned Stab+1"],"picked":"Burst","floor":29}],"player_experience":593299,"relics_obtained":[{"floor":6,"key":"Mercury Hourglass"},{"floor":8,"key":"War Paint"},{"floor":9,"key":"Boot"},{"floor":13,"key":"The Courier"},{"floor":14,"key":"Lantern"},{"floor":23,"key":"Eternal Feather"},{"floor":25,"key":"Potion Belt"},{"floor":26,"key":"Blood Vial"},{"floor":27,"key":"Molten Egg 2"}],"event_choices":[{"damage_healed":0,"gold_gain":0,"player_choice":"Donut","damage_taken":0,"max_hp_gain":5,"max_hp_loss":0,"event_name":"Big Fish","floor":4,"gold_loss":0},{"damage_healed":0,"gold_gain":0,"player_choice":"Searched \u00270\u0027 times","damage_taken":0,"max_hp_gain":0,"max_hp_loss":0,"event_name":"Dead Adventurer","floor":12,"gold_loss":0},{"damage_healed":0,"gold_gain":0,"player_choice":"Ignored","damage_taken":0,"max_hp_gain":0,"max_hp_loss":0,"event_name":"Ghosts","floor":19,"gold_loss":0},{"damage_healed":0,"gold_gain":0,"player_choice":"Traded Relic","damage_taken":0,"relics_obtained":["Nloth\u0027s Gift"],"max_hp_gain":0,"max_hp_loss":0,"event_name":"N\u0027loth","floor":20,"relics_lost":["CeramicFish"],"gold_loss":0}],"is_beta":false,"boss_relics":[{"not_picked":["Coffee Dripper","Runic Dome"],"picked":"Ectoplasm"}],"items_purged_floors":[11,21],"is_endless":false,"potions_floor_spawned":[1,2,3,25,28],"killed_by":"Centurion and Healer","ascension_level":12}}