{"host":"1a3cjta80tad0aqj","time":1609900214,"event":{"mods":["2.2 Compatiblity","AchievementEnabler","BaseMod","Colored Map","DeckTracker","KOR Keyword Fix","Keyboard Shortcuts","Minty Spire (QoL Compilation)","Permanent Neow","Quick Restart","Random Character Button","StSLib","SuperFastMode","everything is the same but u backflip on backflip"],"gold_per_floor":[114,129,144,144,159,159,174,189,264,264,264,264,39,69,69,169,169,184,199,199,214,214,214,229,244,269,269,83,98,128,143,143,243,243,258,258,273,288,303,303,89,125,175,190,190,205,205,235,235,235],"floor_reached":51,"playtime":1533,"items_purged":["Defend_P","Regret","Decay"],"score":953,"play_id":"28f8258e-7292-49b5-87ce-3bbbb2bfdac6","local_time":"20210106113014","daily_mods":["Cursed Run","Uncertain Future","Binary"],"is_ascension_mode":false,"campfire_choices":[{"data":"Eruption","floor":6.0,"key":"SMITH"},{"data":"Brilliance","floor":11.0,"key":"SMITH"},{"data":"EmptyFist","floor":15.0,"key":"SMITH"},{"data":"Omniscience","floor":23.0,"key":"SMITH"},{"data":"FollowUp","floor":32.0,"key":"SMITH"},{"floor":45,"key":"REST"},{"data":"Ragnarok","floor":47,"key":"SMITH"},{"data":"Tantrum","floor":49,"key":"SMITH"}],"circlet_count":0,"master_deck":["Defend_P","Defend_P","Eruption+1","Vigilance","EmptyFist+1","Sanctity","Indignation","Indignation","Brilliance+1","Clumsy","FollowUp+1","Pain","Omniscience+1","Consecrate+1","ClearTheMind+1","Vengeance","Writhe","Bite","Bite","Bite","Bite","Bite","Meditate","CrushJoints+1","Tantrum+1","Decay","Ragnarok+1","CarveReality+1","Protect+1","Secret Weapon","Secret Weapon","PanicButton","Injury","Halt+1","Pain"],"relics":["Cursed Key","Darkstone Periapt","Du-Vu Doll","PreservedInsect","Matryoshka","Vajra","Eternal Feather","Philosopher\u0027s Stone","Bottled Lightning","Yang","Oddly Smooth Stone","Mummified Hand","Happy Flower","Pen Nib","Sozu","Unceasing Top","Regal Pillow","Gremlin Horn"],"acts_visited":["Exordium","TheCity","TheBeyond"],"potions_floor_usage":[42,50,50],"damage_taken":[{"damage":0.0,"enemies":"Small Slimes","floor":1.0,"turns":2.0},{"damage":0.0,"enemies":"2 Louse","floor":2.0,"turns":2.0},{"damage":0.0,"enemies":"Cultist","floor":3.0,"turns":3.0},{"damage":8.0,"enemies":"2 Fungi Beasts","floor":5.0,"turns":3.0},{"damage":10.0,"enemies":"Blue Slaver","floor":7.0,"turns":2.0},{"damage":7.0,"enemies":"Exordium Wildlife","floor":8.0,"turns":2.0},{"damage":0.0,"enemies":"Lagavulin","floor":14.0,"turns":2.0},{"damage":42.0,"enemies":"The Guardian","floor":16.0,"turns":5.0},{"damage":0.0,"enemies":"Spheric Guardian","floor":18.0,"turns":1.0},{"damage":32.0,"enemies":"3 Byrds","floor":19.0,"turns":3.0},{"damage":2.0,"enemies":"Snecko","floor":21.0,"turns":2.0},{"damage":5.0,"enemies":"Sentry and Sphere","floor":24.0,"turns":3.0},{"damage":0.0,"enemies":"3 Cultists","floor":25.0,"turns":2.0},{"damage":20.0,"enemies":"Centurion and Healer","floor":29.0,"turns":2.0},{"damage":32.0,"enemies":"Gremlin Leader","floor":30.0,"turns":2.0},{"damage":0.0,"enemies":"Snake Plant","floor":31.0,"turns":2.0},{"damage":21.0,"enemies":"Automaton","floor":33.0,"turns":3.0},{"damage":0.0,"enemies":"Orb Walker","floor":35.0,"turns":2.0},{"damage":0.0,"enemies":"3 Shapes","floor":37.0,"turns":1.0},{"damage":0.0,"enemies":"3 Darklings","floor":38.0,"turns":1.0},{"damage":4.0,"enemies":"Sphere and 2 Shapes","floor":39.0,"turns":3.0},{"damage":67,"enemies":"2 Orb Walkers","floor":42,"turns":3},{"damage":3,"enemies":"Transient","floor":44,"turns":5},{"damage":0,"enemies":"Jaw Worm Horde","floor":46,"turns":2},{"damage":0,"enemies":"Reptomancer","floor":48,"turns":2},{"damage":55,"enemies":"Awakened One","floor":50,"turns":5}],"seed_played":"-5218424555718163201","potions_obtained":[{"floor":2.0,"key":"Regen Potion"},{"floor":3.0,"key":"Ancient Potion"},{"floor":7.0,"key":"Fire Potion"},{"floor":14.0,"key":"StancePotion"},{"floor":16.0,"key":"SpeedPotion"},{"floor":19.0,"key":"StancePotion"},{"floor":29.0,"key":"GamblersBrew"},{"floor":31.0,"key":"Block Potion"}],"is_trial":false,"path_per_floor":["M","M","M","?","M","R","M","M","T","?","R","?","$","E","R","B",null,"M","M","T","M","?","R","M","M","T","?","$","M","E","M","R","B",null,"M","?","M","M","M","?","$","?","T","M","R","M","R","E","R","B",null],"character_chosen":"WATCHER","items_purchased":["Vajra","Meditate","FearPotion","PanicButton"],"campfire_rested":1,"item_purchase_floors":[13,28,28,41],"current_hp_per_floor":[72,72,72,78,70,70,60,58,64,64,64,64,64,64,73,37,90,90,58,64,62,68,80,75,75,81,75,75,59,31,35,50,43,81,81,81,81,81,79,69,69,8,14,17,76,78,87,87,87,48],"gold":235,"neow_bonus":"","is_daily":true,"chose_seed":false,"campfire_upgraded":7,"win_rate":0.0,"timestamp":1609900214,"path_taken":["M","M","M","?","M","R","M","M","T","?","R","?","$","E","R","BOSS","M","M","?","M","?","R","M","M","T","?","$","M","E","M","R","BOSS","M","?","M","M","M","?","$","?","T","M","R","M","R","E","R","BOSS"],"items_purchased_type":["Relic","Card","Potion","Card"],"build_version":"2020-12-22","purchased_purges":3,"victory":true,"max_hp_per_floor":[72,72,72,78,78,78,78,78,84,84,84,84,84,84,84,90,90,90,90,96,96,102,102,102,102,108,75,75,75,75,75,75,81,81,81,81,81,81,81,81,81,81,87,87,87,87,87,87,87,93],"card_choices":[{"not_picked":["CutThroughFate"],"picked":"EmptyFist","floor":1.0},{"not_picked":["PathToVictory"],"picked":"Sanctity","floor":2.0},{"not_picked":["Consecrate","ThirdEye"],"picked":"SKIP","floor":3.0},{"not_picked":["PathToVictory"],"picked":"Indignation","floor":5.0},{"not_picked":["Protect"],"picked":"Indignation","floor":7.0},{"not_picked":["WheelKick"],"picked":"Brilliance","floor":8.0},{"not_picked":["Halt"],"picked":"FollowUp","floor":14.0},{"not_picked":["ConjureBlade"],"picked":"Omniscience","floor":16.0},{"not_picked":["EmptyBody"],"picked":"Consecrate+1","floor":18.0},{"not_picked":["Conclude"],"picked":"ClearTheMind+1","floor":19.0},{"not_picked":["Study+1"],"picked":"Vengeance","floor":21.0},{"not_picked":["EmptyBody","Consecrate"],"picked":"SKIP","floor":24.0},{"not_picked":["Study","EmptyBody"],"picked":"SKIP","floor":25.0},{"not_picked":["MentalFortress+1","PathToVictory"],"picked":"SKIP","floor":29.0},{"not_picked":["EmptyFist+1"],"picked":"CrushJoints+1","floor":30.0},{"not_picked":["Crescendo"],"picked":"Tantrum","floor":31.0},{"not_picked":["SpiritShield"],"picked":"Ragnarok","floor":33.0},{"not_picked":["EmptyFist"],"picked":"CarveReality+1","floor":35.0},{"not_picked":["Consecrate+1","Protect+1"],"picked":"SKIP","floor":37.0},{"not_picked":["SashWhip","Swivel+1"],"picked":"SKIP","floor":38.0},{"not_picked":["CutThroughFate"],"picked":"Protect+1","floor":39.0},{"not_picked":["Flash of Steel"],"picked":"Secret Weapon","floor":40.0},{"not_picked":["Panache"],"picked":"Secret Weapon","floor":40.0},{"not_picked":["CutThroughFate+1","Wallop"],"picked":"SKIP","floor":44},{"not_picked":["Prostrate","ClearTheMind"],"picked":"SKIP","floor":46},{"not_picked":["Collect+1"],"picked":"Halt+1","floor":48}],"player_experience":155976,"relics_obtained":[{"floor":9.0,"key":"Matryoshka"},{"floor":14.0,"key":"Eternal Feather"},{"floor":20.0,"key":"Bottled Lightning"},{"floor":20.0,"key":"Yang"},{"floor":26.0,"key":"Mummified Hand"},{"floor":26.0,"key":"Happy Flower"},{"floor":30.0,"key":"Pen Nib"},{"floor":42,"key":"Unceasing Top"},{"floor":43,"key":"Regal Pillow"},{"floor":48,"key":"Gremlin Horn"}],"event_choices":[{"damage_healed":0.0,"max_hp_gain":0.0,"max_hp_loss":0.0,"gold_gain":0.0,"event_name":"Big Fish","player_choice":"Box","floor":4.0,"gold_loss":0.0,"damage_taken":0.0,"relics_obtained":["PreservedInsect"],"cards_obtained":["Regret"]},{"cards_removed":["Regret"],"damage_healed":0.0,"max_hp_gain":0.0,"max_hp_loss":0.0,"gold_gain":0.0,"event_name":"Living Wall","player_choice":"Forget","floor":10.0,"gold_loss":0.0,"damage_taken":0.0},{"cards_removed":["Defend_P"],"damage_healed":0.0,"max_hp_gain":0.0,"max_hp_loss":0.0,"gold_gain":0.0,"event_name":"Bonfire Elementals","player_choice":"Offered Basic","floor":12.0,"gold_loss":0.0,"damage_taken":0.0},{"damage_healed":0.0,"max_hp_gain":0.0,"max_hp_loss":0.0,"gold_gain":0.0,"event_name":"The Mausoleum","player_choice":"Opened","floor":22.0,"gold_loss":0.0,"damage_taken":0.0,"relics_obtained":["Oddly Smooth Stone"],"cards_obtained":["Writhe"]},{"damage_healed":0.0,"max_hp_gain":0.0,"max_hp_loss":33.0,"gold_gain":0.0,"event_name":"Vampires","player_choice":"Became a vampire","floor":27.0,"gold_loss":0.0,"damage_taken":0.0,"cards_obtained":["Bite","Bite","Bite","Bite","Bite"]},{"damage_healed":0.0,"max_hp_gain":0.0,"max_hp_loss":0.0,"gold_gain":0.0,"event_name":"Tomb of Lord Red Mask","player_choice":"Ignored","floor":36.0,"gold_loss":0.0,"damage_taken":0.0},{"damage_healed":0.0,"max_hp_gain":0.0,"max_hp_loss":0.0,"gold_gain":0.0,"event_name":"SensoryStone","player_choice":"Memory 3","floor":40.0,"gold_loss":0.0,"damage_taken":10.0},{"damage_healed":0,"gold_gain":0,"player_choice":"Fight","damage_taken":0,"max_hp_gain":0,"max_hp_loss":0,"event_name":"Mysterious Sphere","floor":42,"gold_loss":0}],"is_beta":false,"boss_relics":[{"not_picked":["Astrolabe","Fusion Hammer"],"picked":"Philosopher\u0027s Stone"},{"not_picked":["Snecko Eye","Busted Crown"],"picked":"Sozu"}],"items_purged_floors":[13,28,41],"is_endless":false,"potions_floor_spawned":[2,3,7,14,16,19,24,29,31,38,42,44,48],"ascension_level":0}}