{"host":"gsp4qlltb0c3ynci","time":1609915167,"event":{"mods":["2.2 Compatiblity","Ascension Reborn","BaseMod","Friendly Minions","Minty Spire (QoL Compilation)","Replay The Spire","Say the Spire","StSLib"],"gold_per_floor":[132,186,222,264,188,263,98,176,176,275,305,338,338,437,437,728,728,785,836,916,43,43,127,214,265,265,370,5,28,127,208,208,523,523,580,580,360,155,203,293,17,104,181,283,337,430,505,562,574,586],"floor_reached":51,"playtime":1616,"items_purged":["Strike_G+1","Strike_G+1","CurseOfTheBell","Strike_G+1","Writhe","Defend_G+1"],"score":1646,"play_id":"894392b2-d357-4287-bbec-cc9ec7996877","local_time":"20210106153927","daily_mods":["Vintage","Heirloom","Time Dilation","Flight","DeadlyEvents","Elite Swarm","Midas"],"is_ascension_mode":true,"campfire_choices":[{"floor":15,"key":"REST"},{"data":"Pot Of Greed+1","floor":32,"key":"PURGE"},{"floor":49,"key":"DIG"}],"circlet_count":0,"master_deck":["Defend_G+1","Defend_G+1","Defend_G+1","Defend_G+1","Survivor+1","Neutralize+1","After Image","Dramatic Entrance","Adrenaline+1","Corpse Explosion+1","Malaise","Expertise","Blind+1","Catalyst+1","Envenom+1","Phantasmal Killer+1","Poison Darts+1","Terror+1","Pot Of Greed+1","Night Terror+1","Burst+1","ReplayTheSpireMod:Necrosis+1","Apotheosis+1","Deep Breath+1","Toxin Wave+1","Enlightenment+1","Setup+1"],"relics":["Ring of the Snake","Du-Vu Doll","Vampiric Spirits","Byrd Skull","Matryoshka","Ancient Tea Set","Replay:Wax Seal","Snake Skull","Replay:PocketPolymizer","Question Card","Replay:Bottled Steam","Replay:Towering Pillar of Hats","ReplayTheSpireMod:Ninjato","Calipers","Orichalcum","Calling Bell","Smiling Mask","Toxic Egg 2","Dead Branch","Replay:WaspNest","Gremlin Food","Toy Ornithopter","Garlic","Guide Book","Mirror","Ninja Scroll","Frozen Egg 2","Tingsha","StoneCalendar","Shovel","Mercury Hourglass","TwistedFunnel","ReplayTheSpireMod:TigerMarble","Grinning Jar","PreservedInsect","Astrolabe","Shuriken","HandDrill","Ice Cream","Molten Egg 2","Replay:Baseball","FossilizedHelix","Snack Pack","Incense Burner","Thread and Needle","Dream Catcher","Girya","MawBank","Anchor"],"acts_visited":["Exordium","TheCity","TheBeyond"],"potions_floor_usage":[4,16,16,27,42,50,50],"damage_taken":[{"damage":0,"enemies":"Cultist","floor":1,"turns":2},{"damage":0,"enemies":"Jaw Worm","floor":2,"turns":3},{"damage":0,"enemies":"Small Slimes","floor":3,"turns":2},{"damage":0,"enemies":"3 Louse","floor":4,"turns":2},{"damage":10,"enemies":"Gremlin Nob","floor":6,"turns":5},{"damage":10,"enemies":"Replay:BlueRogue","floor":8,"turns":7},{"damage":0,"enemies":"Gremlin Nob","floor":10,"turns":4},{"damage":0,"enemies":"Blue Slaver","floor":11,"turns":3},{"damage":0,"enemies":"Large Slime","floor":12,"turns":2},{"damage":0,"enemies":"Lagavulin","floor":14,"turns":8},{"damage":0,"enemies":"The Guardian","floor":16,"turns":9},{"damage":0,"enemies":"Spheric Guardian","floor":18,"turns":5},{"damage":0,"enemies":"Chosen","floor":19,"turns":3},{"damage":6,"enemies":"Book of Stabbing","floor":23,"turns":4},{"damage":0,"enemies":"Gremlin Leader","floor":24,"turns":1},{"damage":0,"enemies":"Snecko","floor":25,"turns":2},{"damage":0,"enemies":"Slavers","floor":27,"turns":1},{"damage":0,"enemies":"Replay:Snechameleon","floor":30,"turns":3},{"damage":0,"enemies":"Slavers","floor":31,"turns":1},{"damage":0,"enemies":"Automaton","floor":33,"turns":3},{"damage":0,"enemies":"3 Shapes","floor":35,"turns":1},{"damage":0,"enemies":"3 Darklings","floor":39,"turns":1},{"damage":0,"enemies":"R_Hoarder","floor":40,"turns":5},{"damage":0,"enemies":"Reptomancer","floor":42,"turns":3},{"damage":0,"enemies":"R_Hoarder","floor":44,"turns":2},{"damage":0,"enemies":"Maw","floor":45,"turns":3},{"damage":0,"enemies":"Nemesis","floor":46,"turns":1},{"damage":0,"enemies":"R_Hoarder","floor":47,"turns":2},{"damage":0,"enemies":"Writhing Mass","floor":48,"turns":1},{"damage":0,"enemies":"Donu and Deca","floor":50,"turns":5}],"seed_played":"-6918700865137432613","potions_obtained":[{"floor":1,"key":"LiquidBronze"},{"floor":6,"key":"Weak Potion"},{"floor":10,"key":"SteroidPotion"},{"floor":11,"key":"Toxic Potion"},{"floor":14,"key":"EssenceOfSteel"},{"floor":24,"key":"BlessingOfTheForge"},{"floor":25,"key":"Explosive Potion"},{"floor":44,"key":"Dexterity Potion"}],"is_trial":true,"path_per_floor":["M","M","M","M","$","E","$","E","T","E","M","M","?","E","R","B",null,"M","M","T","$","?","E","E","M","T","E","$","T","E","E","R","B",null,"M","?","$","$","M","E","$","E","T","E","M","E","E","M","R","B",null],"character_chosen":"THE_SILENT","items_purchased":["Replay:Wax Seal","Dramatic Entrance","Guide Book","Mirror","Ninja Scroll","Blind+1","Catalyst+1","TwistedFunnel","Terror+1","Dark Shackles+1","Enlightenment+1","Setup+1","HandDrill","Replay:Baseball","Ancient Potion"],"campfire_rested":1,"item_purchase_floors":[5,7,21,21,21,21,21,28,28,28,37,37,38,41,41],"current_hp_per_floor":[70,70,70,70,70,60,60,56,56,65,70,70,70,70,70,70,70,70,70,70,70,70,64,70,70,70,70,70,70,70,70,70,70,70,70,70,70,70,70,70,70,70,70,70,70,70,70,70,70,70],"gold":598,"neow_bonus":"","is_daily":false,"chose_seed":false,"campfire_upgraded":0,"win_rate":0.0,"timestamp":1609915167,"path_taken":["M","M","M","M","$","E","$","E","T","E","M","?","?","?","R","BOSS","M","M","?","$","?","E","E","?","T","E","$","?","E","E","R","BOSS","M","?","$","$","?","E","$","E","T","E","M","E","E","M","R","BOSS"],"items_purchased_type":["Relic","Card","Relic","Relic","Relic","Card","Card","Relic","Card","Card","Card","Card","Relic","Relic","Potion"],"build_version":"2020-12-22","purchased_purges":6,"victory":true,"max_hp_per_floor":[70,70,70,70,70,70,70,70,70,70,70,70,70,70,70,70,70,70,70,70,70,70,70,70,70,70,70,70,70,70,70,70,70,70,70,70,70,70,70,70,70,70,70,70,70,70,70,70,70,70],"card_choices":[{"not_picked":["Bullet Time","ReplayTheSpireMod:Necrosis"],"picked":"After Image","floor":6},{"not_picked":["Unload","ReplayTheSpireMod:From All Sides"],"picked":"Adrenaline","floor":8},{"not_picked":["Venomology","Malaise","Wraith Form v2"],"picked":"Corpse Explosion","floor":10},{"not_picked":["ReplayTheSpireMod:From All Sides","Venomology","Atom Bomb"],"picked":"Malaise","floor":14},{"not_picked":["Phantasmal Killer+1","Doppelganger+1","Storm of Steel+1"],"picked":"Envenom+1","floor":23},{"not_picked":["Wraith Form v2+1","Bullet Time+1","Glass Knife"],"picked":"Phantasmal Killer+1","floor":24},{"not_picked":["After Image+1","Replay:Bag of Tricks+1","A Thousand Cuts+1"],"picked":"Poison Darts+1","floor":27},{"not_picked":["Replay:Bag of Tricks+1","Adrenaline+1","Malaise+1"],"picked":"Night Terror+1","floor":30},{"not_picked":["Unload","After Image+1","Bullet Time+1"],"picked":"Burst+1","floor":31},{"not_picked":["Poison Darts+1","Envenom+1","Replay:Bag of Tricks+1"],"picked":"ReplayTheSpireMod:Necrosis+1","floor":33},{"not_picked":["Adrenaline+1","Grand Finale+1","After Image+1","Storm of Steel+1"],"picked":"SKIP","floor":40},{"not_picked":["Night Terror+1","Bullet Time+1","Storm of Steel+1","Envenom+1"],"picked":"SKIP","floor":42},{"not_picked":["After Image+1","Die Die Die+1","Burst+1","Envenom+1"],"picked":"SKIP","floor":44},{"not_picked":["Corpse Explosion+1","Wraith Form v2+1","Poison Darts+1","Burst+1"],"picked":"SKIP","floor":46},{"not_picked":["Phantasmal Killer+1","Storm of Steel+1","Envenom+1","After Image+1"],"picked":"SKIP","floor":47}],"player_experience":393872,"relics_obtained":[{"floor":1,"key":"Vampiric Spirits"},{"floor":2,"key":"Byrd Skull"},{"floor":3,"key":"Matryoshka"},{"floor":4,"key":"Ancient Tea Set"},{"floor":6,"key":"Snake Skull"},{"floor":8,"key":"Replay:PocketPolymizer"},{"floor":9,"key":"Question Card"},{"floor":9,"key":"Replay:Bottled Steam"},{"floor":10,"key":"Replay:Towering Pillar of Hats"},{"floor":11,"key":"ReplayTheSpireMod:Ninjato"},{"floor":12,"key":"Calipers"},{"floor":14,"key":"Orichalcum"},{"floor":17,"key":"Smiling Mask"},{"floor":17,"key":"Toxic Egg 2"},{"floor":17,"key":"Dead Branch"},{"floor":18,"key":"Replay:WaspNest"},{"floor":19,"key":"Gremlin Food"},{"floor":20,"key":"Toy Ornithopter"},{"floor":20,"key":"Garlic"},{"floor":23,"key":"Frozen Egg 2"},{"floor":24,"key":"Tingsha"},{"floor":25,"key":"StoneCalendar"},{"floor":26,"key":"Shovel"},{"floor":27,"key":"Mercury Hourglass"},{"floor":29,"key":"ReplayTheSpireMod:TigerMarble"},{"floor":30,"key":"Grinning Jar"},{"floor":31,"key":"PreservedInsect"},{"floor":35,"key":"Shuriken"},{"floor":39,"key":"Ice Cream"},{"floor":40,"key":"Molten Egg 2"},{"floor":42,"key":"FossilizedHelix"},{"floor":43,"key":"Snack Pack"},{"floor":44,"key":"Incense Burner"},{"floor":45,"key":"Thread and Needle"},{"floor":46,"key":"Dream Catcher"},{"floor":47,"key":"Girya"},{"floor":48,"key":"MawBank"},{"floor":49,"key":"Anchor"}],"event_choices":[{"damage_healed":0,"gold_gain":0,"player_choice":"Full Heal","damage_taken":0,"max_hp_gain":0,"max_hp_loss":0,"event_name":"Wheel of Change","floor":13,"gold_loss":0},{"damage_healed":0,"gold_gain":0,"player_choice":"Ignored","damage_taken":0,"max_hp_gain":0,"max_hp_loss":0,"event_name":"Vampires","floor":22,"gold_loss":0},{"damage_healed":18,"gold_gain":0,"player_choice":"Writhe","damage_taken":0,"max_hp_gain":0,"max_hp_loss":0,"event_name":"Winding Halls","floor":36,"gold_loss":0,"cards_obtained":["Writhe"]}],"is_beta":false,"boss_relics":[{"not_picked":["Painkiller Herb","Ring of the Serpent"],"picked":"Calling Bell"},{"not_picked":["Replay:Ancient Bell","Velvet Choker"],"picked":"Astrolabe"}],"items_purged_floors":[7,21,28,37,38,41],"is_endless":false,"potions_floor_spawned":[1,6,10,11,14,24,25,35,39,44,46],"ascension_level":0}}