{"host":"rjx4accq0ysw8w2o","time":1609944716,"event":{"mods":["AchievementEnabler","BaseMod","Block Reminder","Colored Map","Colored Powertips","DeckTracker","Highlight Path","Minty Spire (QoL Compilation)","Quick Restart","Rare Cards Sparkle"],"gold_per_floor":[119,137,137,137,153,153,163,179,179,191,191,39,54,66,66,169,169,189,89,188,188,200,200,219,233,282,297,297,297],"floor_reached":28,"playtime":2774,"items_purged":["Strike_B","Strike_B"],"score":238,"play_id":"a1c12ce2-53df-4c51-9ad6-a3c935315e3d","local_time":"20210106155156","is_ascension_mode":true,"campfire_choices":[{"floor":6.0,"key":"RECALL"},{"floor":11.0,"key":"REST"},{"data":"Leap","floor":15.0,"key":"SMITH"},{"data":"Zap","floor":23.0,"key":"SMITH"}],"circlet_count":0,"master_deck":["Strike_B+1","Strike_B+1","Defend_B+1","Defend_B+1","Defend_B+1","Zap+1","Dualcast","Leap+1","Melter","Sunder","Doom and Gloom","Doom and Gloom+1","Reinforced Body"],"relics":["Cracked Core","SlaversCollar","Ancient Tea Set"],"acts_visited":["Exordium","TheCity"],"potions_floor_usage":[28],"damage_taken":[{"damage":0.0,"enemies":"Cultist","floor":1.0,"turns":4.0},{"damage":3.0,"enemies":"2 Louse","floor":2.0,"turns":2.0},{"damage":7.0,"enemies":"Jaw Worm","floor":5.0,"turns":3.0},{"damage":24.0,"enemies":"Exordium Thugs","floor":7.0,"turns":5.0},{"damage":8.0,"enemies":"Blue Slaver","floor":8.0,"turns":4.0},{"damage":1.0,"enemies":"Looter","floor":10.0,"turns":3.0},{"damage":10.0,"enemies":"Exordium Thugs","floor":13.0,"turns":4.0},{"damage":0.0,"enemies":"Large Slime","floor":14.0,"turns":5.0},{"damage":59.0,"enemies":"Slime Boss","floor":16.0,"turns":10.0},{"damage":12.0,"enemies":"Chosen","floor":18.0,"turns":4.0},{"damage":0.0,"enemies":"Spheric Guardian","floor":22.0,"turns":1.0},{"damage":2.0,"enemies":"Snecko","floor":24.0,"turns":3.0},{"damage":16.0,"enemies":"Centurion and Healer","floor":25.0,"turns":5.0},{"damage":29.0,"enemies":"Shelled Parasite and Fungi","floor":27.0,"turns":6.0},{"damage":30,"enemies":"Colosseum Slavers","floor":28,"turns":4}],"seed_played":"-4130629442468565854","potions_obtained":[{"floor":1.0,"key":"Ancient Potion"},{"floor":5.0,"key":"Dexterity Potion"},{"floor":8.0,"key":"SteroidPotion"},{"floor":16.0,"key":"Swift Potion"},{"floor":18.0,"key":"LiquidBronze"},{"floor":24.0,"key":"LiquidMemories"},{"floor":25.0,"key":"Block Potion"},{"floor":27.0,"key":"Energy Potion"}],"is_trial":false,"path_per_floor":["M","M","?","?","M","R","M","M","T","M","R","$","M","M","R","B",null,"M","$","?","?","M","R","M","M","T","M","?"],"character_chosen":"DEFECT","items_purchased":["Doom and Gloom"],"campfire_rested":1,"item_purchase_floors":[12],"current_hp_per_floor":[82,79,84,84,77,77,53,45,45,44,70,70,60,60,60,1,87,75,75,75,75,75,75,73,57,57,28,0,0],"gold":297,"neow_bonus":"TEN_PERCENT_HP_BONUS","is_daily":false,"chose_seed":false,"campfire_upgraded":2,"win_rate":0.0,"timestamp":1609944716,"path_taken":["M","M","?","?","M","R","M","M","T","M","R","$","M","M","R","BOSS","M","$","?","?","?","R","M","M","T","M","?"],"items_purchased_type":["Card"],"build_version":"2020-12-22","purchased_purges":2,"victory":false,"max_hp_per_floor":[82,82,87,87,87,87,87,87,87,87,87,87,87,87,87,87,87,87,87,87,87,87,87,87,87,87,87,87,87],"card_choices":[{"not_picked":["Melter","Capacitor"],"picked":"Leap","floor":1.0},{"not_picked":["Coolheaded","Scrape","Undo"],"picked":"SKIP","floor":2.0},{"not_picked":["Streamline","Stack"],"picked":"Melter","floor":5.0},{"not_picked":["Loop","Stack","Beam Cell"],"picked":"SKIP","floor":7.0},{"not_picked":["Barrage","Go for the Eyes"],"picked":"Sunder","floor":8.0},{"not_picked":["Gash","BootSequence","Aggregate"],"picked":"SKIP","floor":10.0},{"not_picked":["Rebound","Machine Learning","Coolheaded"],"picked":"SKIP","floor":13.0},{"not_picked":["Redo","Defragment","Rebound"],"picked":"SKIP","floor":14.0},{"not_picked":["Leap","Sweeping Beam","Defragment"],"picked":"SKIP","floor":18.0},{"not_picked":["Force Field","Skim","Redo"],"picked":"SKIP","floor":22.0},{"not_picked":["Turbo","Chill+1"],"picked":"Doom and Gloom+1","floor":24.0},{"not_picked":["Beam Cell","Redo","Cold Snap+1"],"picked":"SKIP","floor":25.0},{"not_picked":["Gash+1","Force Field"],"picked":"Reinforced Body","floor":27.0}],"player_experience":114015,"relics_obtained":[{"floor":26.0,"key":"Ancient Tea Set"}],"event_choices":[{"damage_healed":0.0,"max_hp_gain":5.0,"max_hp_loss":0.0,"gold_gain":0.0,"event_name":"Big Fish","player_choice":"Donut","floor":3.0,"gold_loss":0.0,"damage_taken":0.0},{"cards_removed":["Defend_B"],"damage_healed":0.0,"max_hp_gain":0.0,"max_hp_loss":0.0,"gold_gain":0.0,"event_name":"Living Wall","player_choice":"Forget","floor":4.0,"gold_loss":0.0,"damage_taken":0.0},{"damage_healed":0.0,"max_hp_gain":0.0,"max_hp_loss":0.0,"gold_gain":99.0,"event_name":"Nest","player_choice":"Stole From Cult","floor":20.0,"gold_loss":0.0,"damage_taken":0.0},{"damage_healed":0.0,"max_hp_gain":0.0,"max_hp_loss":0.0,"gold_gain":0.0,"event_name":"Back to Basics","player_choice":"Simplicity","floor":21.0,"gold_loss":0.0,"damage_taken":0.0,"cards_upgraded":["Strike_B","Strike_B","Defend_B","Defend_B","Defend_B"]},{"damage_healed":0,"gold_gain":0,"player_choice":"Fight","damage_taken":0,"max_hp_gain":0,"max_hp_loss":0,"event_name":"Colosseum","floor":28,"gold_loss":0}],"is_beta":false,"boss_relics":[{"not_picked":["Sozu","Black Star"],"picked":"SlaversCollar"}],"items_purged_floors":[12,19],"is_endless":false,"potions_floor_spawned":[1,5,8,16,18,24,25,27],"killed_by":"Colosseum Slavers","ascension_level":2}}