{"host":"nqsrckqog5ia9mbo","time":1609952650,"event":{"mods":["AchievementEnabler","BaseMod","Colored Map","Highlight Path","Minty Spire (QoL Compilation)"],"gold_per_floor":[110,38,52,71,88,88,108,108,108,143,157,157,157,171,171,268,268,241,241,241,241],"floor_reached":20,"playtime":2158,"items_purged":[],"score":240,"play_id":"a160c07a-9a52-4471-8612-551822821443","local_time":"20210106180410","is_ascension_mode":true,"campfire_choices":[{"data":"Bash","floor":6,"key":"SMITH"},{"data":"Flame Barrier","floor":8,"key":"SMITH"},{"data":"Inflame","floor":12,"key":"SMITH"},{"floor":15,"key":"REST"}],"circlet_count":0,"master_deck":["Strike_R","Strike_R","Strike_R","Strike_R","Defend_R","Defend_R","Defend_R","Defend_R","Bash+1","Pommel Strike","Entrench","Flame Barrier+1","Spot Weakness","Inflame+1","Flex","Heavy Blade"],"relics":["Black Blood","Pantograph","Pear"],"acts_visited":["Exordium","TheCity"],"potions_floor_usage":[7,10,11,19,20,20],"damage_taken":[{"damage":1,"enemies":"Cultist","floor":1,"turns":4},{"damage":6,"enemies":"Jaw Worm","floor":3,"turns":4},{"damage":0,"enemies":"Small Slimes","floor":4,"turns":4},{"damage":35,"enemies":"Exordium Wildlife","floor":5,"turns":9},{"damage":15,"enemies":"Exordium Thugs","floor":7,"turns":5},{"damage":35,"enemies":"3 Sentries","floor":10,"turns":9},{"damage":2,"enemies":"Large Slime","floor":11,"turns":5},{"damage":12,"enemies":"Looter","floor":14,"turns":4},{"damage":44,"enemies":"The Guardian","floor":16,"turns":10},{"damage":45,"enemies":"2 Thieves","floor":18,"turns":5},{"damage":33,"enemies":"Spheric Guardian","floor":19,"turns":6},{"damage":28,"enemies":"Snake Plant","floor":20,"turns":3}],"seed_played":"7434279144803182011","potions_obtained":[{"floor":0,"key":"ElixirPotion"},{"floor":0,"key":"ColorlessPotion"},{"floor":0,"key":"SmokeBomb"},{"floor":3,"key":"Energy Potion"},{"floor":10,"key":"AttackPotion"},{"floor":11,"key":"BlessingOfTheForge"},{"floor":18,"key":"HeartOfIron"}],"is_trial":false,"path_per_floor":["M","$","M","M","M","R","M","R","T","E","M","R","?","M","R","B",null,"M","M","M"],"character_chosen":"IRONCLAD","items_purchased":["Entrench"],"campfire_rested":1,"item_purchase_floors":[2],"current_hp_per_floor":[77,77,77,80,51,51,42,42,42,23,27,27,27,21,48,35,76,43,22,0,0],"gold":241,"neow_bonus":"THREE_SMALL_POTIONS","is_daily":false,"chose_seed":false,"campfire_upgraded":3,"win_rate":0.0,"timestamp":1609952650,"path_taken":["M","?","M","M","M","R","M","R","T","E","M","R","?","M","R","BOSS","M","M","M"],"items_purchased_type":["Card"],"build_version":"2020-12-22","purchased_purges":0,"victory":false,"max_hp_per_floor":[80,80,80,80,80,80,80,80,80,90,90,90,90,90,90,90,90,90,90,90,90],"card_choices":[{"not_picked":["Uppercut","Dark Embrace"],"picked":"Pommel Strike","floor":1},{"not_picked":["Twin Strike","Burning Pact"],"picked":"Flame Barrier","floor":3},{"not_picked":["Reckless Charge","Corruption","Heavy Blade"],"picked":"SKIP","floor":4},{"not_picked":["Havoc","Clash","Thunderclap"],"picked":"SKIP","floor":5},{"not_picked":["Havoc","Cleave"],"picked":"Spot Weakness","floor":7},{"not_picked":["Sword Boomerang","Ghostly Armor"],"picked":"Inflame","floor":10},{"not_picked":["Burning Pact","Headbutt"],"picked":"Flex","floor":11},{"not_picked":["Headbutt","Perfected Strike","Pommel Strike"],"picked":"SKIP","floor":14},{"not_picked":["Anger+1","Thunderclap+1"],"picked":"Heavy Blade","floor":18}],"player_experience":153919,"relics_obtained":[{"floor":9,"key":"Pantograph"},{"floor":10,"key":"Pear"}],"event_choices":[{"cards_removed":["Strike_R"],"damage_healed":0,"gold_gain":0,"player_choice":"Forget","damage_taken":0,"max_hp_gain":0,"max_hp_loss":0,"event_name":"Living Wall","floor":13,"gold_loss":0}],"is_beta":false,"boss_relics":[{"not_picked":["SlaversCollar","Ectoplasm"],"picked":"Black Blood"}],"items_purged_floors":[],"is_endless":false,"potions_floor_spawned":[3,5,10,11,18,19],"killed_by":"Snake Plant","ascension_level":7}}