{"host":"3a1ypf1irl30q4k8","time":1609964135,"event":{"mods":["AchievementEnabler","BaseMod","Bestiary","Colored Map","Minty Spire (QoL Compilation)","Relic Stats"],"gold_per_floor":[114,125,143,158,15,54,54,89,89,125,125,146,146,146,146,146,146],"floor_reached":16,"playtime":1276,"items_purged":[],"score":116,"play_id":"312a3ea6-7713-4831-8f15-1c606ba4b345","local_time":"20210106201535","is_ascension_mode":true,"campfire_choices":[{"data":"After Image","floor":7,"key":"SMITH"},{"data":"Wraith Form v2","floor":11,"key":"SMITH"},{"data":"Deadly Poison","floor":13,"key":"SMITH"},{"data":"Neutralize","floor":15,"key":"SMITH"}],"circlet_count":0,"master_deck":["Strike_G","Strike_G","Strike_G","Strike_G","Strike_G","Defend_G","Defend_G","Defend_G","Defend_G","Defend_G","Survivor","Neutralize+1","After Image+1","Blade Dance","Dagger Spray","Wraith Form v2+1","Backstab","Blade Dance","Deadly Poison+1","Backflip+1","Sucker Punch"],"relics":["Ring of the Snake","TwistedFunnel","CeramicFish","Odd Mushroom","Letter Opener","Gambling Chip"],"acts_visited":["Exordium"],"potions_floor_usage":[],"damage_taken":[{"damage":2.0,"enemies":"Small Slimes","floor":1.0,"turns":4.0},{"damage":0.0,"enemies":"Jaw Worm","floor":2.0,"turns":5.0},{"damage":0.0,"enemies":"2 Louse","floor":3.0,"turns":1.0},{"damage":9.0,"enemies":"Lots of Slimes","floor":4.0,"turns":3.0},{"damage":6.0,"enemies":"3 Sentries","floor":6.0,"turns":7.0},{"damage":4,"enemies":"The Mushroom Lair","floor":8,"turns":3},{"damage":19,"enemies":"Gremlin Nob","floor":10,"turns":4},{"damage":2,"enemies":"Looter","floor":12,"turns":2},{"damage":34,"enemies":"The Guardian","floor":16,"turns":12}],"seed_played":"240931367494755789","potions_obtained":[{"floor":4.0,"key":"DuplicationPotion"},{"floor":12,"key":"Dexterity Potion"}],"is_trial":false,"path_per_floor":["M","M","M","M","$","E","R","?","T","E","R","M","R","?","R","B"],"character_chosen":"THE_SILENT","items_purchased":["TwistedFunnel"],"campfire_rested":0,"item_purchase_floors":[5],"current_hp_per_floor":[68,68,68,59,59,53,53,49,49,30,30,28,28,28,28,0,0],"gold":146,"neow_bonus":"ONE_RANDOM_RARE_CARD","is_daily":false,"chose_seed":false,"campfire_upgraded":4,"win_rate":0.0,"timestamp":1609964135,"path_taken":["M","M","M","M","$","E","R","?","T","E","R","M","R","?","R","BOSS"],"items_purchased_type":["Relic"],"build_version":"2020-12-22","purchased_purges":0,"victory":false,"max_hp_per_floor":[70,70,70,70,70,70,70,70,70,70,70,70,70,70,70,70,70],"relic_stats":{"counters":[9,41],"CeramicFish":36,"Gambling Chip":[5],"Letter Opener":[10],"obtain_stats":[{"TwistedFunnel":5,"CeramicFish":6,"Gambling Chip":10,"Letter Opener":9,"Odd Mushroom":8,"Ring of the Snake":0},{"TwistedFunnel":4,"CeramicFish":5,"Gambling Chip":7,"Letter Opener":6,"Odd Mushroom":6,"Ring of the Snake":0},{"TwistedFunnel":13,"CeramicFish":20,"Gambling Chip":27,"Letter Opener":23,"Odd Mushroom":23,"Ring of the Snake":0}],"Ring of the Snake":[18]},"card_choices":[{"not_picked":["Underhanded Strike","Sucker Punch"],"picked":"Blade Dance","floor":1.0},{"not_picked":["Slice","Bane"],"picked":"Dagger Spray","floor":2.0},{"not_picked":["Flying Knee","Backstab"],"picked":"Wraith Form v2","floor":3.0},{"not_picked":["Dagger Spray","Expertise"],"picked":"Backstab","floor":4.0},{"not_picked":["Concentrate","Skewer"],"picked":"Blade Dance","floor":6.0},{"not_picked":["Dagger Spray","Sucker Punch"],"picked":"Deadly Poison","floor":8},{"not_picked":["Dagger Throw","Bane"],"picked":"Backflip","floor":10},{"not_picked":["Prepared","Backflip"],"picked":"Sucker Punch","floor":12}],"player_experience":980207,"relics_obtained":[{"floor":6.0,"key":"CeramicFish"},{"floor":8,"key":"Odd Mushroom"},{"floor":9,"key":"Letter Opener"},{"floor":10,"key":"Gambling Chip"}],"event_choices":[{"damage_healed":0,"gold_gain":0,"player_choice":"Fought Mushrooms","damage_taken":0,"max_hp_gain":0,"max_hp_loss":0,"event_name":"Mushrooms","floor":8,"gold_loss":0},{"damage_healed":0,"gold_gain":0,"player_choice":"Grow","damage_taken":0,"max_hp_gain":0,"max_hp_loss":0,"event_name":"Living Wall","floor":14,"gold_loss":0,"cards_upgraded":["Backflip"]}],"is_beta":false,"boss_relics":[],"items_purged_floors":[],"is_endless":false,"potions_floor_spawned":[4,12],"killed_by":"The Guardian","ascension_level":1}}