{"host":"zzeqvte0v14ufgau","time":1609894227,"event":{"mods":["A Magickal Journey","Act Like it!","BaseMod","Better Third Choice","BetterRewards","Colored Powertips","Downfall","Hermit","Lobotomy","Minty Spire (QoL Compilation)","Relic Stats","Replay The Spire","StSLib","The Bug Knight","The Cursed","The Hierophant","The Necromancer"],"gold_per_floor":[119,119,133,133,35,35,35,35,107,124,144,219,219,229,229,330,330,340,3,19,19,33,53,83,83,83,117,117,151,151,151,151,271,271,306,306,1305,1305,1305,1305,777,777,804,61,61,85,111,144,226,246,246],"floor_reached":50,"playtime":2873,"items_purged":["Normality","Normality"],"score":523,"play_id":"ae850f8d-8c62-4667-a0d5-7973d218f457","local_time":"20210106115027","is_ascension_mode":false,"campfire_choices":[{"data":"expansioncontent:HyperBeam","floor":6,"key":"SMITH"},{"data":"Negative_Energy_Mist","floor":8,"key":"SMITH"},{"floor":13,"key":"REST"},{"data":"Siphon_Strength","floor":15,"key":"SMITH"},{"floor":25,"key":"REST"},{"floor":30,"key":"REST"},{"floor":32,"key":"REST"},{"floor":40,"key":"REST"},{"data":"Summon_Vampire_Lady","floor":42,"key":"SMITH"}],"circlet_count":0,"master_deck":["Strike_W","Strike_W","Strike_W","Strike_W","Defend_W","Defend_W","Negative_Energy_Arrows","Bone_Wall","expansioncontent:YouAreMine","Negative_Energy_Mist+1","Death_March_Dance","expansioncontent:HyperBeam+1","Negative_Energy_Javelin","Siphon_Strength+1","Negative_Energy_Javelin","Requiem","Shade_Step","Death_Coil+1","Exploit","Death_Knell","Summon_Lich","Negative_Energy_Javelin","Bone_Shift+1","Summon_Vampire_Lady+1","Enlightenment","Defend_B","Summon_Lich+1"],"relics":["Vampire_Amulet","Pear","SlaversCollar","ClockworkSouvenir","Ancient Tea Set","Replay:Kaleidoscope","Replay:Bottled Eggs","Replay:Bandana","Philosopher\u0027s Stone","Ring of Fury","Ring of Misfortune","HandDrill","Orichalcum","Simple Rune","Lantern","Replay:Bottled Steam","Cauldron","Replay:WaspNest"],"acts_visited":["Exordium","TheCity","TheBeyond"],"potions_floor_usage":[16,22,24,24,33,33,33,50,50,50],"damage_taken":[{"damage":4,"enemies":"Cultist","floor":1,"turns":5},{"damage":0,"enemies":"2 Louse","floor":3,"turns":4},{"damage":11,"enemies":"Jaw Worm","floor":10,"turns":3},{"damage":4,"enemies":"Large Slime","floor":11,"turns":3},{"damage":3,"enemies":"Exordium Thugs","floor":14,"turns":3},{"damage":30,"enemies":"Hexaghost","floor":16,"turns":11},{"damage":16,"enemies":"Chosen","floor":18,"turns":6},{"damage":20,"enemies":"3 Byrds","floor":20,"turns":4},{"damage":6,"enemies":"3 Cultists","floor":22,"turns":3},{"damage":29,"enemies":"Shelled Parasite and Fungi","floor":23,"turns":8},{"damage":19,"enemies":"Gremlin Leader","floor":24,"turns":4},{"damage":8,"enemies":"Chosen and Byrds","floor":29,"turns":4},{"damage":52,"enemies":"Champ","floor":33,"turns":10},{"damage":31,"enemies":"3 Darklings","floor":35,"turns":4},{"damage":11,"enemies":"Orb Walker","floor":46,"turns":3},{"damage":16,"enemies":"4 Shapes","floor":47,"turns":4},{"damage":34,"enemies":"3 Darklings","floor":48,"turns":3},{"damage":47,"enemies":"Donu and Deca","floor":50,"turns":3}],"seed_played":"6544176475164420979","potions_obtained":[{"floor":10,"key":"Block Potion"},{"floor":16,"key":"SteroidPotion"},{"floor":18,"key":"SteroidPotion"},{"floor":22,"key":"Milkshake"},{"floor":27,"key":"EssenceOfSteel"},{"floor":27,"key":"Doom Potion"},{"floor":27,"key":"Dexterity Potion"},{"floor":35,"key":"SneckoOil"},{"floor":44,"key":"Elixir"},{"floor":44,"key":"Cursed Concoction"},{"floor":44,"key":"hexamod:EctoCoolerPotion"}],"is_trial":false,"path_per_floor":["M","?","M","?","$","R","$","R","T","M","M","?","R","M","R","B",null,"M","$","M","$","M","M","E","R","T","?","?","M","R","?","R","B",null,"M","?","?","?","?","R","$","R","T","$","?","M","M","M","R","B"],"character_chosen":"NECROMANCER","items_purchased":["expansioncontent:HyperBeam","ClockworkSouvenir","Ancient Tea Set","Strength Potion","HandDrill","Orichalcum","Simple Rune","Replay:Bottled Steam","Cauldron","Replay:WaspNest"],"campfire_rested":5,"item_purchase_floors":[5,19,19,19,41,41,41,44,44,44],"current_hp_per_floor":[73,66,70,75,75,75,75,75,85,76,76,65,90,89,89,61,90,76,76,62,62,62,37,24,51,51,51,51,47,74,65,90,40,90,61,61,61,61,61,88,88,88,88,88,88,79,74,45,45,0,0],"gold":246,"neow_bonus":"RANDOM_COLORLESS","is_daily":false,"chose_seed":false,"campfire_upgraded":4,"win_rate":0.0,"timestamp":1609894227,"path_taken":["M","?","M","?","?","R","$","R","T","M","M","?","R","M","R","BOSS","M","$","M","$","M","M","E","R","T","?","?","M","R","?","R","BOSS","M","?","?","?","?","R","$","R","T","$","?","M","M","?","R","BOSS"],"items_purchased_type":["Card","Relic","Relic","Potion","Relic","Relic","Relic","Relic","Relic","Relic"],"build_version":"2020-12-22","purchased_purges":2,"victory":false,"max_hp_per_floor":[75,75,75,80,80,80,80,80,90,90,90,90,90,90,90,90,90,90,90,90,90,90,90,90,90,90,90,90,90,90,90,90,90,90,90,90,90,90,90,90,90,90,90,90,90,90,90,90,90,90,90],"relic_stats":{"counters":[18,85],"HandDrill":[8],"Orichalcum":[30],"obtain_stats":[{"Lantern":43,"Pear":9,"Replay:WaspNest":44,"Replay:Kaleidoscope":24,"Orichalcum":41,"Ancient Tea Set":19,"ClockworkSouvenir":19,"SlaversCollar":17,"Cauldron":44,"Replay:Bandana":28,"Ring of Misfortune":36,"Philosopher\u0027s Stone":34,"Ring of Fury":36,"Simple Rune":41,"Vampire_Amulet":0,"HandDrill":41,"Replay:Bottled Eggs":26,"Replay:Bottled Steam":44},{"Lantern":14,"Pear":2,"Replay:WaspNest":14,"Replay:Kaleidoscope":11,"Orichalcum":14,"Ancient Tea Set":7,"ClockworkSouvenir":7,"SlaversCollar":6,"Cauldron":14,"Replay:Bandana":11,"Ring of Misfortune":14,"Philosopher\u0027s Stone":13,"Ring of Fury":14,"Simple Rune":14,"Vampire_Amulet":0,"HandDrill":14,"Replay:Bottled Eggs":11,"Replay:Bottled Steam":14},{"Lantern":72,"Pear":9,"Replay:WaspNest":72,"Replay:Kaleidoscope":54,"Orichalcum":72,"Ancient Tea Set":35,"ClockworkSouvenir":35,"SlaversCollar":29,"Cauldron":72,"Replay:Bandana":54,"Ring of Misfortune":72,"Philosopher\u0027s Stone":68,"Ring of Fury":72,"Simple Rune":72,"Vampire_Amulet":0,"HandDrill":72,"Replay:Bottled Eggs":54,"Replay:Bottled Steam":72}]},"card_choices":[{"not_picked":["Discovery","ReplayTheSpireMod:Trickstab"],"picked":"expansioncontent:YouAreMine","floor":0},{"not_picked":["Summon_Undead","Vampiric_Strike"],"picked":"Negative_Energy_Mist","floor":1},{"not_picked":["Finger_Of_Death","Bone_Bullets"],"picked":"Death_March_Dance","floor":3},{"not_picked":["Cloudkill","Death_March_Dance"],"picked":"Negative_Energy_Javelin","floor":10},{"not_picked":["Bone_Armor","Negative_Energy_Javelin"],"picked":"Siphon_Strength","floor":11},{"not_picked":["Bone_Spikes","Vampiric_Strike"],"picked":"Negative_Energy_Javelin","floor":14},{"not_picked":["Negative_Energy_Bomb","Skeleton_Dragon"],"picked":"Requiem","floor":16},{"not_picked":["Chill_Blood+1","Scare"],"picked":"Shade_Step","floor":18},{"not_picked":["Strike_from_Beyond","Bone_Shift"],"picked":"Death_Coil+1","floor":20},{"not_picked":["Stop_Heart","Deaths_Shadow"],"picked":"Exploit","floor":22},{"not_picked":["Vampiric_Strike+1","Bone_Armor"],"picked":"Death_Knell","floor":23},{"not_picked":["Acid_Javelin","Corrupt"],"picked":"Summon_Lich","floor":24},{"not_picked":["Blood_Whip+1","Epidemic"],"picked":"Negative_Energy_Javelin","floor":27},{"not_picked":["Bone_Armor","Whirlwind_of_Bones"],"picked":"Bone_Shift+1","floor":29},{"not_picked":["Blood_Magic","Hellfire"],"picked":"Summon_Vampire_Lady","floor":33},{"not_picked":["Scare+1","Life_Drain+1","Death_March_Dance+1"],"picked":"SKIP","floor":35},{"not_picked":["expansioncontent:DashGenerateEvil","expansioncontent:SlimeTackle"],"picked":"Enlightenment","floor":38},{"not_picked":["Necrotic_Claws+1","Toxic_Smoke_Screen+1"],"picked":"Summon_Lich+1","floor":46},{"not_picked":["Scare+1","Necrotic_Claws","Shackles_Of_Pain"],"picked":"SKIP","floor":47},{"not_picked":["Stop_Heart+1","Finger_Of_Death","Shackles_Of_Pain"],"picked":"SKIP","floor":48}],"player_experience":51195,"relics_obtained":[{"floor":9,"key":"Pear"},{"floor":24,"key":"Replay:Kaleidoscope"},{"floor":26,"key":"Replay:Bottled Eggs"},{"floor":36,"key":"Ring of Fury"},{"floor":36,"key":"Ring of Misfortune"},{"floor":43,"key":"Lantern"}],"event_choices":[{"cards_removed":["Defend_W"],"damage_healed":0,"gold_gain":0,"player_choice":"Card Removal","damage_taken":7,"max_hp_gain":0,"max_hp_loss":0,"event_name":"Golden Wing","floor":2,"gold_loss":0},{"damage_healed":0,"gold_gain":0,"player_choice":"Donut","damage_taken":0,"max_hp_gain":5,"max_hp_loss":0,"event_name":"Big Fish","floor":4,"gold_loss":0},{"damage_healed":0,"gold_gain":75,"player_choice":"Gold","damage_taken":11,"max_hp_gain":0,"max_hp_loss":0,"event_name":"betterThird:BetterGoop","floor":12,"gold_loss":0},{"damage_healed":0,"gold_gain":0,"player_choice":"Opened","damage_taken":0,"relics_obtained":["Replay:Bandana"],"max_hp_gain":0,"max_hp_loss":0,"event_name":"The Mausoleum","floor":28,"gold_loss":0},{"damage_healed":0,"gold_gain":0,"player_choice":"Damaged","damage_taken":9,"max_hp_gain":0,"max_hp_loss":0,"event_name":"Wheel of Change","floor":31,"gold_loss":0},{"damage_healed":0,"gold_gain":999,"player_choice":"Gold","damage_taken":0,"max_hp_gain":0,"max_hp_loss":0,"event_name":"MindBloom","floor":37,"gold_loss":0,"cards_obtained":["Normality","Normality"]},{"damage_healed":0,"gold_gain":0,"player_choice":"Memory 1","damage_taken":0,"max_hp_gain":0,"max_hp_loss":0,"event_name":"SensoryStone","floor":38,"gold_loss":0},{"cards_removed":["Defend_W"],"damage_healed":0,"gold_gain":0,"player_choice":"Removed Skill","damage_taken":0,"max_hp_gain":0,"max_hp_loss":0,"event_name":"Falling","floor":39,"gold_loss":0},{"cards_removed":["CommonCold"],"damage_healed":0,"gold_gain":0,"player_choice":"Took Card","damage_taken":0,"max_hp_gain":0,"max_hp_loss":0,"event_name":"NoteForYourself","floor":45,"gold_loss":0,"cards_obtained":["Defend_B"]}],"is_beta":false,"boss_relics":[{"not_picked":["Tiny House","Astrolabe"],"picked":"SlaversCollar"},{"not_picked":["Empty Cage","Runic Dome"],"picked":"Philosopher\u0027s Stone"}],"items_purged_floors":[41,44],"is_endless":false,"potions_floor_spawned":[10,16,18,22,35],"killed_by":"Donu and Deca","ascension_level":0}}