{"host":"jkgg7n5hn1slsm35","time":1609923315,"event":{"mods":["Aspiration","BaseMod","BetterRewards","Conspire","Googly Eyes","Gremlin Skip","Halation","Highlight Path","Hubris","Infinite Spire","Minty Spire (QoL Compilation)","Permanent Neow","StSLib","SuperFastMode","vexMod"],"gold_per_floor":[115,129,31,31,41,66,66,92,164,164,8,37,37,68,68,171,171,183,201,46,46,46,75,75,90,90,116,116,11,11,21,21,121,121,132,182,201,224,236,249,249,275,299,299,328,328,357,357,357],"floor_reached":48,"playtime":967,"items_purged":[],"score":807,"play_id":"9150fee4-df1c-4329-98d2-a2a51579a7df","local_time":"20210106095515","daily_mods":["SealedDeck","Heirloom","Time Dilation","DeadlyEvents","Elite Swarm","Lethality"],"is_ascension_mode":false,"campfire_choices":[{"data":"Body Slam","floor":7,"key":"SMITH"},{"data":"Armaments","floor":10,"key":"SMITH"},{"data":"Berserk","floor":13,"key":"SMITH"},{"data":"Rage","floor":15,"key":"SMITH"},{"data":"Dark Embrace","floor":24,"key":"SMITH"},{"floor":28,"key":"REST"},{"data":"Body Slam","floor":30,"key":"SMITH"},{"floor":32,"key":"REST"},{"data":"Juggernaut","floor":41,"key":"SMITH"},{"data":"Demon Form","floor":44,"key":"SMITH"},{"data":"Juggernaut","floor":46,"key":"SMITH"}],"circlet_count":0,"master_deck":["Iron Wave","Flex","Armaments+1","Evolve","Battle Trance","Ghostly Armor","Body Slam+1","Clash","Clash","Clash","Clash","Finesse","Rage+1","Rampage","Berserk+1","Demon Form+1","Juggernaut+1","Cleave","Ghostly Armor+1","Heavy Blade","Dark Embrace+1","Shrug It Off","Berserk","Shrug It Off","Body Slam+1","Body Slam+1","Iron Wave+1","Juggernaut+1"],"relics":["Burning Blood","Charon\u0027s Ashes","aspiration:FrozenJewel","infinitespire:Eraser","Gremlin Horn","Nunchaku","Mummified Hand","Orrery","Darkstone Periapt","halation:SelfBoilingWater","Toy Ornithopter","hubris:Backtick","Unceasing Top","hubris:64BitClover","vexMod:RetaliationKit","conspire:TopHat","halation:VictoryRuler","aspiration:Lifesprig"],"acts_visited":["Exordium","TheCity","TheBeyond"],"potions_floor_usage":[4,14],"damage_taken":[{"damage":0,"enemies":"Jaw Worm","floor":1,"turns":1},{"damage":0,"enemies":"conspire:RoseBush","floor":2,"turns":2},{"damage":0,"enemies":"Cultist","floor":5,"turns":1},{"damage":0,"enemies":"Gremlin Nob","floor":6,"turns":2},{"damage":0,"enemies":"Lagavulin","floor":8,"turns":2},{"damage":0,"enemies":"Gremlin Nob","floor":12,"turns":1},{"damage":0,"enemies":"Lagavulin","floor":14,"turns":2},{"damage":42,"enemies":"Hexaghost","floor":16,"turns":4},{"damage":0,"enemies":"2 Thieves","floor":18,"turns":1},{"damage":5,"enemies":"Shell Parasite","floor":19,"turns":3},{"damage":39,"enemies":"Nightmare","floor":23,"turns":5},{"damage":39,"enemies":"Snake Plant","floor":25,"turns":3},{"damage":0,"enemies":"Gremlin Leader","floor":27,"turns":3},{"damage":12,"enemies":"Chosen and Byrds","floor":31,"turns":2},{"damage":35,"enemies":"hubris:MusketHawk","floor":33,"turns":4},{"damage":9,"enemies":"Orb Walker","floor":35,"turns":3},{"damage":3,"enemies":"Mind Bloom Boss Battle","floor":36,"turns":5},{"damage":3,"enemies":"3 Darklings","floor":37,"turns":2},{"damage":0,"enemies":"4 Shapes","floor":39,"turns":2},{"damage":0,"enemies":"Jaw Worm Horde","floor":40,"turns":3},{"damage":0,"enemies":"Reptomancer","floor":42,"turns":2},{"damage":46,"enemies":"Nemesis","floor":45,"turns":7},{"damage":0,"enemies":"Reptomancer","floor":47,"turns":2},{"damage":70,"enemies":"Nemesis","floor":48,"turns":2}],"seed_played":"222651026449898633","potions_obtained":[{"floor":4,"key":"Fruit Juice"},{"floor":4,"key":"CultistPotion"},{"floor":4,"key":"Swift Potion"},{"floor":5,"key":"LiquidBronze"},{"floor":14,"key":"SteroidPotion"}],"is_trial":true,"path_per_floor":["M","M","$","?","M","E","R","E","T","R","$","E","R","E","R","B",null,"M","M","$","?","?","NM","R","M","T","E","R","$","R","M","R","B",null,"M","?","M","T","M","M","R","E","T","R","E","R","E","E"],"character_chosen":"IRONCLAD","items_purchased":["Finesse","Rage","Rampage","Orrery","Shrug It Off","Body Slam"],"campfire_rested":2,"item_purchase_floors":[3,11,11,20,29,29],"current_hp_per_floor":[80,80,80,85,85,85,85,85,85,85,85,85,85,85,85,49,85,85,85,85,85,85,52,52,19,19,25,50,50,50,44,69,40,85,82,85,85,85,85,85,85,85,85,85,45,45,51,0,0],"gold":357,"neow_bonus":"","is_daily":false,"chose_seed":false,"campfire_upgraded":9,"win_rate":0.0,"timestamp":1609923315,"path_taken":["M","M","$","?","?","E","R","E","T","R","$","?","R","E","R","BOSS","M","M","$","?","?","NM","R","M","T","E","R","?","R","M","R","BOSS","M","?","M","?","M","M","R","E","T","R","?","R","E","?"],"items_purchased_type":["Card","Card","Card","Relic","Card","Card"],"build_version":"2020-12-22","purchased_purges":0,"victory":false,"max_hp_per_floor":[80,80,80,85,85,85,85,85,85,85,85,85,85,85,85,85,85,85,85,85,85,85,85,85,85,85,85,85,85,85,85,85,85,85,85,85,85,85,85,85,85,85,85,85,85,85,85,85,85],"card_choices":[{"not_picked":["Sword Boomerang","hubris:ReadiedAction","Sentinel"],"picked":"SKIP","floor":1},{"not_picked":["Power Through","Sentinel","Clothesline"],"picked":"SKIP","floor":2},{"not_picked":["hubris:ReadiedAction","Seeing Red","Bloodletting"],"picked":"SKIP","floor":5},{"not_picked":["Reaper","Offering","Fiend Fire"],"picked":"SKIP","floor":6},{"not_picked":["Offering","Immolate","conspire:HitWhereItHurts"],"picked":"SKIP","floor":8},{"not_picked":["Demon Form","Offering"],"picked":"Berserk","floor":12},{"not_picked":["conspire:Purge","Immolate"],"picked":"Demon Form","floor":14},{"not_picked":["Immolate","Offering"],"picked":"Juggernaut","floor":16},{"not_picked":["Disarm+1","Perfected Strike+1","Anger"],"picked":"SKIP","floor":18},{"not_picked":["Searing Blow","True Grit","Anger"],"picked":"SKIP","floor":19},{"not_picked":["Reckless Charge","Twin Strike+1"],"picked":"Cleave","floor":20},{"not_picked":["Seeing Red","Sword Boomerang+1"],"picked":"Ghostly Armor+1","floor":20},{"not_picked":["Impervious","Armaments+1"],"picked":"Heavy Blade","floor":20},{"not_picked":["Havoc","hubris:StunningStrike"],"picked":"Dark Embrace","floor":20},{"not_picked":["Double Tap","Corruption","Fiend Fire"],"picked":"SKIP","floor":23},{"not_picked":["infinitespire:OneForAll+1","Heavy Blade","Headbutt"],"picked":"SKIP","floor":25},{"not_picked":["Corruption","hubris:StunningStrike"],"picked":"Berserk","floor":27},{"not_picked":["Second Wind","hubris:SharpeningStone","Pummel"],"picked":"SKIP","floor":31},{"not_picked":["conspire:Charge","True Grit","Heavy Blade"],"picked":"SKIP","floor":35},{"not_picked":["True Grit+1","Battle Trance+1"],"picked":"Body Slam+1","floor":37},{"not_picked":["Armaments","Wild Strike"],"picked":"Iron Wave+1","floor":39},{"not_picked":["Second Wind","Flex+1","Cleave+1"],"picked":"SKIP","floor":40},{"not_picked":["Demon Form","Fiend Fire","Corruption"],"picked":"SKIP","floor":42},{"not_picked":["conspire:Purge","Reaper"],"picked":"Juggernaut","floor":45},{"not_picked":["Reaper","conspire:HitWhereItHurts","Bludgeon"],"picked":"SKIP","floor":47}],"player_experience":1820541,"relics_obtained":[{"floor":6,"key":"aspiration:FrozenJewel"},{"floor":8,"key":"infinitespire:Eraser"},{"floor":9,"key":"Gremlin Horn"},{"floor":12,"key":"Nunchaku"},{"floor":14,"key":"Mummified Hand"},{"floor":23,"key":"Darkstone Periapt"},{"floor":26,"key":"halation:SelfBoilingWater"},{"floor":27,"key":"Toy Ornithopter"},{"floor":36,"key":"hubris:64BitClover"},{"floor":42,"key":"vexMod:RetaliationKit"},{"floor":43,"key":"conspire:TopHat"},{"floor":45,"key":"halation:VictoryRuler"},{"floor":47,"key":"aspiration:Lifesprig"}],"event_choices":[{"damage_healed":0,"gold_gain":0,"player_choice":"Got Potions","damage_taken":0,"max_hp_gain":0,"max_hp_loss":0,"event_name":"Lab","floor":4,"gold_loss":0},{"damage_healed":0,"gold_gain":0,"player_choice":"Read","damage_taken":0,"max_hp_gain":0,"max_hp_loss":0,"event_name":"The Library","floor":21,"gold_loss":0,"cards_obtained":["Shrug It Off"]},{"damage_healed":0,"gold_gain":0,"player_choice":"Fight","damage_taken":0,"max_hp_gain":0,"max_hp_loss":0,"event_name":"MindBloom","floor":36,"gold_loss":0}],"is_beta":false,"boss_relics":[{"not_picked":["Runic Dome","halation:LoveArrow","halation:Prosthetics"]},{"not_picked":["conspire:SlowCooker","SacredBark"],"picked":"hubris:Backtick"}],"items_purged_floors":[],"is_endless":true,"potions_floor_spawned":[5,6,8,14,18,33,37,39,45],"killed_by":"Nemesis","ascension_level":0}}