{"host":"9eiowk8mxro5m2sz","time":1609918901,"event":{"mods":["Act Like it!","Alarm Clock","Arknights The Spire","BaseMod","CapriCore","Decade(王小明)","Friendly Minions","Gensokyo","Kiyohime（清姬）","LagranYue(拉格朗・月)","Luminous","Minty Spire (QoL Compilation)","Prisma Mod","Quick Restart","Reimu（博丽灵梦）","Relic Stats","Replay The Spire","StSLib","The Alterego","The Immortal","The Servant 0.9.4","WarShipGirlsR/战舰少女R mod","Yakumo Yukari mod","Yohane!","Youmu（魂魄妖梦）","Yuri Mod","Yuyuko","【遗物卡牌】REMEMod"],"gold_per_floor":[112,129,129,129],"floor_reached":3,"playtime":298,"items_purged":[],"score":19,"play_id":"601506bf-3d00-4ef1-881e-805cdf688bb1","local_time":"20210106154141","daily_mods":["Heirloom","Time Dilation","Flight"],"is_ascension_mode":false,"campfire_choices":[],"circlet_count":0,"master_deck":["ats:Strike C","ats:Strike G","ats:Strike S","ats:Strike V","ats:Armor Crushing Shot","ats:Defend","ats:Defend","ats:Defend","ats:Defend","ats:Emotion Absorption","alterego_mod:IndependentAction","ats:Composite Medical Shells","ats:Revitalization"],"relics":["ats:Sanity","REME_ComplimentaryCards","FossilizedHelix"],"acts_visited":["Exordium"],"potions_floor_usage":[3],"damage_taken":[{"damage":8,"enemies":"Gensokyo:Python","floor":1,"turns":3},{"damage":10,"enemies":"Gensokyo:3_Fairies","floor":2,"turns":6},{"damage":70,"enemies":"Gensokyo:Cirno","floor":3,"turns":11}],"seed_played":"-3855925723796091167","potions_obtained":[{"floor":1,"key":"ColorlessPotion"}],"is_trial":true,"path_per_floor":["M","M","?"],"character_chosen":"DOCTOR_CLASS","items_purchased":[],"campfire_rested":0,"item_purchase_floors":[],"current_hp_per_floor":[64,54,0,0],"gold":129,"neow_bonus":"","is_daily":false,"chose_seed":false,"campfire_upgraded":0,"win_rate":0.0,"timestamp":1609918901,"path_taken":["M","M","?"],"items_purchased_type":[],"build_version":"2020-12-22","purchased_purges":0,"victory":false,"max_hp_per_floor":[72,72,72,72],"relic_stats":{"counters":[3,20],"obtain_stats":[{"ats:Sanity":0,"FossilizedHelix":0,"REME_ComplimentaryCards":0},{"ats:Sanity":0,"FossilizedHelix":0,"REME_ComplimentaryCards":0},{"ats:Sanity":0,"FossilizedHelix":0,"REME_ComplimentaryCards":0}]},"card_choices":[{"not_picked":["ats:Revitalization","ats:Closed Bolt Burst Fire"],"picked":"ats:Composite Medical Shells","floor":1},{"not_picked":["ats:Flexible Camouflage","ats:Assault Order"],"picked":"ats:Revitalization","floor":2}],"player_experience":589010,"relics_obtained":[],"event_choices":[],"is_beta":false,"boss_relics":[],"items_purged_floors":[],"is_endless":false,"potions_floor_spawned":[1],"killed_by":"Gensokyo:Cirno","ascension_level":0}}