{"host":"i1h39d0gfh5c6uxl","time":1609942358,"event":{"mods":["AchievementEnabler","BaseMod","Colored Map","Colored Powertips","Highlight Path","Minty Spire (QoL Compilation)"],"gold_per_floor":[13,29,29,46,46,78,90,90,90,90,90,90],"floor_reached":11,"playtime":382,"items_purged":[],"score":146,"play_id":"fbadbe97-99ee-4505-beb2-344ad15ccd38","local_time":"20210106221238","is_ascension_mode":true,"campfire_choices":[],"circlet_count":0,"master_deck":["AscendersBane","Strike_R","Strike_R","Strike_R+1","Defend_R","Defend_R","Defend_R","Bash+1","Twin Strike+1","Sword Boomerang","Clothesline","Headbutt","Injury","Impervious"],"relics":["Burning Blood","Sundial","Golden Idol","StrikeDummy"],"acts_visited":["Exordium"],"potions_floor_usage":[6,7],"damage_taken":[{"damage":7,"enemies":"Small Slimes","floor":1,"turns":4},{"damage":2,"enemies":"Jaw Worm","floor":2,"turns":3},{"damage":10,"enemies":"2 Louse","floor":4,"turns":2},{"damage":30,"enemies":"Lagavulin","floor":6,"turns":4},{"damage":3,"enemies":"Gremlin Gang","floor":7,"turns":5},{"damage":25,"enemies":"3 Sentries","floor":11,"turns":5}],"seed_played":"214489261737712818","potions_obtained":[{"floor":1,"key":"Fire Potion"},{"floor":2,"key":"EssenceOfSteel"}],"is_trial":false,"path_per_floor":["M","M","?","M","?","E","M","?","T","?","E"],"character_chosen":"IRONCLAD","items_purchased":[],"campfire_rested":0,"item_purchase_floors":[],"current_hp_per_floor":[67,71,71,67,44,20,23,23,23,23,0,0],"gold":90,"neow_bonus":"REMOVE_TWO","is_daily":false,"chose_seed":false,"campfire_upgraded":0,"win_rate":0.0,"timestamp":1609942358,"path_taken":["M","M","?","M","?","E","M","?","T","?","E"],"items_purchased_type":[],"build_version":"2020-12-22","purchased_purges":0,"victory":false,"max_hp_per_floor":[75,75,75,75,75,75,75,75,75,75,75,75],"card_choices":[{"not_picked":["Spot Weakness","Power Through"],"picked":"Twin Strike","floor":1},{"not_picked":["Thunderclap","Flex"],"picked":"Sword Boomerang","floor":2},{"not_picked":["Wild Strike","Warcry","Perfected Strike"],"picked":"SKIP","floor":4},{"not_picked":["Clash","Power Through"],"picked":"Clothesline","floor":6},{"not_picked":["Thunderclap","Iron Wave"],"picked":"Headbutt","floor":7}],"player_experience":1317507,"relics_obtained":[{"floor":6,"key":"Sundial"},{"floor":9,"key":"StrikeDummy"}],"event_choices":[{"damage_healed":0,"gold_gain":0,"player_choice":"Grow","damage_taken":0,"max_hp_gain":0,"max_hp_loss":0,"event_name":"Living Wall","floor":3,"gold_loss":0,"cards_upgraded":["Bash"]},{"damage_healed":0,"gold_gain":0,"player_choice":"Entered Light","damage_taken":23,"max_hp_gain":0,"max_hp_loss":0,"event_name":"Shining Light","floor":5,"gold_loss":0,"cards_upgraded":["Twin Strike","Strike_R"]},{"damage_healed":0,"gold_gain":0,"player_choice":"Take Wound","damage_taken":0,"relics_obtained":["Golden Idol"],"max_hp_gain":0,"max_hp_loss":0,"event_name":"Golden Idol","floor":8,"gold_loss":0,"cards_obtained":["Injury"]},{"damage_healed":0,"gold_gain":0,"cards_transformed":["Strike_R"],"player_choice":"Transformed","damage_taken":0,"max_hp_gain":0,"max_hp_loss":0,"event_name":"Transmorgrifier","floor":10,"gold_loss":0,"cards_obtained":["Impervious"]}],"is_beta":false,"boss_relics":[],"items_purged_floors":[],"is_endless":false,"potions_floor_spawned":[1,2],"killed_by":"3 Sentries","ascension_level":20}}