{"host":"i1h39d0gfh5c6uxl","time":1609957216,"event":{"mods":["AchievementEnabler","BaseMod","Colored Map","Colored Powertips","Highlight Path","Minty Spire (QoL Compilation)"],"gold_per_floor":[114,114,39,50,63,63,95,112,112,112,137,137,137,137,137,137,137],"floor_reached":16,"playtime":463,"items_purged":["Strike_R"],"score":216,"play_id":"b964768b-c21d-4d07-9679-919376cedf44","local_time":"20210107022016","is_ascension_mode":true,"campfire_choices":[{"data":"Cleave","floor":6,"key":"SMITH"},{"data":"Rampage","floor":10,"key":"SMITH"},{"floor":13,"key":"REST"},{"floor":15,"key":"REST"}],"circlet_count":0,"master_deck":["AscendersBane","Strike_R","Strike_R","Defend_R","Defend_R","Defend_R","Bash+1","Iron Wave","Reaper+1","Rampage+1","Cleave+1","Clothesline","Ghostly Armor"],"relics":["Burning Blood","Red Skull","Bottled Flame","Unceasing Top"],"acts_visited":["Exordium"],"potions_floor_usage":[16,16],"damage_taken":[{"damage":14,"enemies":"Jaw Worm","floor":1,"turns":3},{"damage":1,"enemies":"Cultist","floor":4,"turns":3},{"damage":4,"enemies":"Small Slimes","floor":5,"turns":3},{"damage":51,"enemies":"Gremlin Nob","floor":7,"turns":5},{"damage":8,"enemies":"Blue Slaver","floor":8,"turns":3},{"damage":15,"enemies":"Lagavulin","floor":11,"turns":5},{"damage":54,"enemies":"Hexaghost","floor":16,"turns":10}],"seed_played":"3082851300751069138","potions_obtained":[{"floor":7,"key":"SpeedPotion"},{"floor":11,"key":"Swift Potion"}],"is_trial":false,"path_per_floor":["M","?","$","M","M","R","E","M","T","R","E","?","R","?","R","B"],"character_chosen":"IRONCLAD","items_purchased":[],"campfire_rested":2,"item_purchase_floors":[],"current_hp_per_floor":[63,63,63,68,68,68,23,21,21,21,12,12,32,25,45,0,0],"gold":137,"neow_bonus":"TRANSFORM_TWO_CARDS","is_daily":false,"chose_seed":false,"campfire_upgraded":2,"win_rate":0.0,"timestamp":1609957216,"path_taken":["M","?","$","M","?","R","E","M","T","R","E","?","R","?","R","BOSS"],"items_purchased_type":[],"build_version":"2020-12-22","purchased_purges":1,"victory":false,"max_hp_per_floor":[68,68,68,68,68,68,68,68,68,68,68,68,68,68,68,68,68],"card_choices":[{"not_picked":["Wild Strike","Flex","Infernal Blade"],"picked":"SKIP","floor":1},{"not_picked":["Heavy Blade","Clash"],"picked":"Rampage","floor":4},{"not_picked":["Clash","Rage"],"picked":"Cleave","floor":5},{"not_picked":["Heavy Blade","Second Wind"],"picked":"Clothesline","floor":7},{"not_picked":["Headbutt","Searing Blow"],"picked":"Ghostly Armor","floor":8},{"not_picked":["Wild Strike","Rupture","Thunderclap"],"picked":"SKIP","floor":11}],"player_experience":1320101,"relics_obtained":[{"floor":7,"key":"Red Skull"},{"floor":9,"key":"Bottled Flame"},{"floor":11,"key":"Unceasing Top"}],"event_choices":[{"damage_healed":0,"gold_gain":0,"player_choice":"Upgraded","damage_taken":0,"max_hp_gain":0,"max_hp_loss":0,"event_name":"Upgrade Shrine","floor":2,"gold_loss":0,"cards_upgraded":["Bash"]},{"damage_healed":0,"gold_gain":0,"player_choice":"Grow","damage_taken":0,"max_hp_gain":0,"max_hp_loss":0,"event_name":"Living Wall","floor":12,"gold_loss":0,"cards_upgraded":["Reaper"]},{"cards_removed":["Strike_R"],"damage_healed":0,"gold_gain":0,"player_choice":"Card Removal","damage_taken":7,"max_hp_gain":0,"max_hp_loss":0,"event_name":"Golden Wing","floor":14,"gold_loss":0}],"is_beta":false,"boss_relics":[],"items_purged_floors":[3],"is_endless":false,"potions_floor_spawned":[7,11],"killed_by":"Hexaghost","ascension_level":20}}