{"host":"k4crn7o6x50xmhd2","time":1609908744,"event":{"mods":["AchievementEnabler","BaseMod","Better Skull","BetterRewards","Colored Powertips","Conspire","Energized Spire","GifTheSpireLib","Minty Spire (QoL Compilation)","Remove Card Discount Mod","Replay The Spire","Shop Mod","Spikes Relics","StSLib","Stuff the Spire","SuperFastMode","Transform Curses","Virulent Crown"],"gold_per_floor":[144,144,189,234,279,279,453,498,523,523,568,613,613,658,658,958,958,1003,303,243,293,338,383,383,428,428,168,213,213,63,162,162,462,462,507,507,552,116,161,161,0,0,25,125,170,215,215,215],"floor_reached":47,"playtime":2770,"items_purged":["Forethought"],"score":496,"play_id":"f89b2fdf-766a-45ba-ba97-310659e4f186","local_time":"20210105235224","daily_mods":["Draft","Colorless Cards","Midas"],"is_ascension_mode":false,"campfire_choices":[{"floor":6.0,"key":"REST"},{"floor":13.0,"key":"REST"},{"floor":15.0,"key":"REST"},{"floor":24.0,"key":"REST"},{"floor":29.0,"key":"REST"},{"floor":32.0,"key":"REST"},{"floor":40,"key":"REST"},{"floor":42,"key":"REST"}],"circlet_count":0,"master_deck":["ReachHeaven","BowlingBash","Protect","Replay:BluntJabs","CrushJoints","SashWhip","Wallop","Protect","Replay:Sssssssssstrike","Protect","Bandage Up","EmptyFist","CutThroughFate","SandsOfTime","Prostrate","Consecrate","BattleHymn","Consecrate","EmptyBody","Replay:LoomingThreat","Bandage Up","Protect+1","Apotheosis","Good Instincts","Prostrate+1","FollowUp","WreathOfFlame","Good Instincts+1","Prostrate"],"relics":["PureWater","StuffTheSpire:HeavyRock","energizedSpire:CrystalSphere","MerchantsRug","Replay:PocketPolymizer","GiantMaggot","MiniBlackHole","Pear","BargainBundle","StrikeDummy","Red Mask","conspire:TopHat"],"acts_visited":["Exordium","TheCity","TheBeyond"],"potions_floor_usage":[37,46,46],"damage_taken":[{"damage":0.0,"enemies":"conspire:RoseBush","floor":1.0,"turns":2.0},{"damage":0.0,"enemies":"Cultist","floor":3.0,"turns":3.0},{"damage":0.0,"enemies":"Small Slimes","floor":4.0,"turns":4.0},{"damage":7.0,"enemies":"conspire:2 RoseBushes","floor":5.0,"turns":5.0},{"damage":16.0,"enemies":"3 Sentries","floor":7.0,"turns":5.0},{"damage":11.0,"enemies":"Exordium Thugs","floor":8.0,"turns":4.0},{"damage":1.0,"enemies":"Looter","floor":11.0,"turns":3.0},{"damage":6.0,"enemies":"conspire:2 RoseBushes","floor":12.0,"turns":3.0},{"damage":4.0,"enemies":"Gremlin Gang","floor":14.0,"turns":3.0},{"damage":23.0,"enemies":"Slime Boss","floor":16.0,"turns":7.0},{"damage":12.0,"enemies":"Shell Parasite","floor":18.0,"turns":6.0},{"damage":4.0,"enemies":"conspire:FuzzyDice","floor":22.0,"turns":5.0},{"damage":18.0,"enemies":"Centurion and Healer","floor":23.0,"turns":6.0},{"damage":36.0,"enemies":"Snake Plant","floor":25.0,"turns":6.0},{"damage":25.0,"enemies":"Shelled Parasite and Fungi","floor":28.0,"turns":5.0},{"damage":46.0,"enemies":"Champ","floor":33.0,"turns":15.0},{"damage":16,"enemies":"Orb Walker","floor":35,"turns":4},{"damage":22,"enemies":"3 Darklings","floor":37,"turns":7},{"damage":39,"enemies":"4 Shapes","floor":39,"turns":5},{"damage":38,"enemies":"Writhing Mass","floor":45,"turns":5},{"damage":30,"enemies":"Maw","floor":46,"turns":8},{"damage":27,"enemies":"Sphere and 2 Shapes","floor":47,"turns":3}],"seed_played":"4511563792049188764","potions_obtained":[{"floor":1.0,"key":"Swift Potion"},{"floor":4.0,"key":"Fire Potion"},{"floor":11.0,"key":"SkillPotion"},{"floor":12.0,"key":"StancePotion"},{"floor":14.0,"key":"Doom Potion"},{"floor":25.0,"key":"SteroidPotion"},{"floor":28.0,"key":"SteroidPotion"},{"floor":37,"key":"DuplicationPotion"}],"is_trial":false,"path_per_floor":["M","?","M","M","M","R","?","M","T","?","M","M","R","M","R","B",null,"M","$","?","?","M","M","R","M","T","$","M","R","$","?","R","B",null,"M","?","M","$","M","R","?","R","T","?","M","M","M"],"character_chosen":"WATCHER","items_purchased":["MerchantsRug","Replay:PocketPolymizer","StuffTheSpire:Rhapsscallions","GiantMaggot","BottledMiracle","MiniBlackHole","Pear","BargainBundle","StrikeDummy","FollowUp","Block Potion"],"campfire_rested":8,"item_purchase_floors":[19,19,19,27,27,30,38,38,38,38,38],"current_hp_per_floor":[72,72,72,72,65,72,60,49,49,49,52,46,67,67,72,49,72,60,62,62,62,66,56,74,42,42,42,21,43,43,43,65,23,74,58,58,44,54,23,48,48,73,73,73,43,25,0,0],"gold":215,"neow_bonus":"","is_daily":true,"chose_seed":false,"campfire_upgraded":0,"win_rate":0.0,"timestamp":1609908744,"path_taken":["M","?","M","?","M","R","?","M","T","?","?","M","R","M","R","BOSS","M","$","?","?","M","M","R","M","T","$","?","R","?","?","R","BOSS","M","?","M","$","M","R","?","R","T","?","M","M","M"],"items_purchased_type":["Relic","Relic","Relic","Relic","Potion","Relic","Relic","Relic","Relic","Card","Potion"],"build_version":"2020-12-22","purchased_purges":1,"victory":false,"max_hp_per_floor":[72,72,72,72,72,72,72,72,72,72,72,72,72,72,72,72,72,72,74,74,74,74,74,74,74,74,74,74,74,74,74,74,74,74,74,74,74,84,84,84,84,84,84,84,84,84,84,84],"card_choices":[{"not_picked":["StuffTheSpire:FreeRealEstate","Survey Options"],"picked":"ReachHeaven","floor":0.0},{"not_picked":["Blind","Crescendo"],"picked":"BowlingBash","floor":0.0},{"not_picked":["Crescendo","Degenerate"],"picked":"Protect","floor":0.0},{"not_picked":["CrushJoints","EmptyMind"],"picked":"Replay:BluntJabs","floor":0.0},{"not_picked":["Jack Of All Trades","Forethought"],"picked":"Good Instincts","floor":0.0},{"not_picked":["DeceiveReality","FlyingSleeves"],"picked":"CrushJoints","floor":0.0},{"not_picked":["Replay:ManipulateFuture","Finesse"],"picked":"SashWhip","floor":0.0},{"not_picked":["CutThroughFate","Degenerate"],"picked":"Wallop","floor":0.0},{"not_picked":["Adaptation","Crescendo"],"picked":"Protect","floor":0.0},{"not_picked":["JustLucky","Crescendo"],"picked":"Replay:Sssssssssstrike","floor":0.0},{"not_picked":["Evaluate","Halt"],"picked":"Protect","floor":0.0},{"not_picked":["Replay:ManipulateFuture","Crescendo"],"picked":"Bandage Up","floor":0.0},{"not_picked":["Evaluate","Degenerate"],"picked":"EmptyFist","floor":0.0},{"not_picked":["EmptyFist","Replay:BluntJabs"],"picked":"CutThroughFate","floor":0.0},{"not_picked":["Bandage Up","EmptyBody"],"picked":"SandsOfTime","floor":0.0},{"not_picked":["JustLucky","SignatureMove"],"picked":"Prostrate","floor":1.0},{"not_picked":["Replay:ManipulateFuture","EmptyFist"],"picked":"Consecrate","floor":3.0},{"not_picked":["Fasting2","LikeWater","Halt"],"picked":"SKIP","floor":4.0},{"not_picked":["PlatinumSkin","ClearTheMind"],"picked":"BattleHymn","floor":5.0},{"not_picked":["Nirvana","Trip"],"picked":"Weave","floor":8.0},{"not_picked":["Protect","Trip"],"picked":"Consecrate","floor":11.0},{"not_picked":["EmptyFist","Pray"],"picked":"EmptyBody","floor":12.0},{"not_picked":["Crescendo","EmptyBody","Meditate"],"picked":"SKIP","floor":14.0},{"not_picked":["Vault","ReplayTheSpireMod:Brewmster"],"picked":"Replay:LoomingThreat","floor":16.0},{"not_picked":["ThirdEye","Protect"],"picked":"Bandage Up","floor":18.0},{"not_picked":["PathToVictory","CrushJoints","Protect"],"picked":"SKIP","floor":22.0},{"not_picked":["Study","Replay:Sssssssssstrike+1"],"picked":"Madness","floor":23.0},{"not_picked":["EmptyFist","CutThroughFate"],"picked":"Protect+1","floor":25.0},{"not_picked":["ReplayUltimateDefense","Halt","ThirdEye+1"],"picked":"SKIP","floor":28.0},{"not_picked":["Secret Technique","Establishment"],"picked":"Apotheosis","floor":33.0},{"not_picked":["FlurryOfBlows+1","Mind Blast"],"picked":"Prostrate+1","floor":35},{"not_picked":["Wallop","ClearTheMind+1","Degenerate"],"picked":"SKIP","floor":37},{"not_picked":["Evaluate+1","SashWhip"],"picked":"WreathOfFlame","floor":39},{"not_picked":["Impatience","EmptyMind"],"picked":"Good Instincts+1","floor":45},{"not_picked":["Consecrate","Replay:Sssssssssshield"],"picked":"Prostrate","floor":46}],"player_experience":654669,"relics_obtained":[{"floor":7.0,"key":"StuffTheSpire:Mouthbags"},{"floor":9.0,"key":"StuffTheSpire:HeavyRock"},{"floor":26.0,"key":"Replay:Bottled Steam"},{"floor":43,"key":"conspire:TopHat"}],"event_choices":[{"damage_healed":0.0,"max_hp_gain":0.0,"max_hp_loss":0.0,"gold_gain":0.0,"event_name":"Wheel of Change","player_choice":"Cursed","floor":2.0,"gold_loss":0.0,"damage_taken":0.0,"cards_obtained":["Decay"]},{"damage_healed":0.0,"max_hp_gain":0.0,"max_hp_loss":0.0,"gold_gain":0.0,"event_name":"Dead Adventurer","player_choice":"Searched \u00271\u0027 times","floor":7.0,"gold_loss":0.0,"damage_taken":0.0},{"cards_removed":["Decay"],"damage_healed":0.0,"max_hp_gain":0.0,"max_hp_loss":0.0,"gold_gain":0.0,"event_name":"Purifier","player_choice":"Purged","floor":10.0,"gold_loss":0.0,"damage_taken":0.0},{"damage_healed":0.0,"max_hp_gain":0.0,"max_hp_loss":0.0,"gold_gain":100.0,"event_name":"The Joust","player_choice":"Bet on Murderer","floor":21.0,"gold_loss":50.0,"damage_taken":0.0},{"damage_healed":0.0,"max_hp_gain":0.0,"max_hp_loss":0.0,"gold_gain":99.0,"event_name":"Nest","player_choice":"Stole From Cult","floor":31.0,"gold_loss":0.0,"damage_taken":0.0},{"damage_healed":0,"gold_gain":0,"player_choice":"Ignored","damage_taken":0,"max_hp_gain":0,"max_hp_loss":0,"event_name":"Mysterious Sphere","floor":36,"gold_loss":0},{"damage_healed":0,"gold_gain":0,"player_choice":"Paid","damage_taken":0,"relics_obtained":["Red Mask"],"max_hp_gain":0,"max_hp_loss":0,"event_name":"Tomb of Lord Red Mask","floor":41,"gold_loss":161},{"damage_healed":0,"gold_gain":100,"player_choice":"Pray","damage_taken":0,"max_hp_gain":0,"max_hp_loss":0,"event_name":"Golden Shrine","floor":44,"gold_loss":0}],"is_beta":false,"boss_relics":[{"not_picked":["Replay:Wanted Poster","Ring of Chaos"],"picked":"energizedSpire:CrystalSphere"},{"not_picked":["Runic Pyramid","Snecko Eye","energizedSpire:HugeHouse"]}],"items_purged_floors":[38],"is_endless":false,"potions_floor_spawned":[1,4,11,12,14,25,28,37],"killed_by":"Sphere and 2 Shapes","ascension_level":0}}