{"host":"i09pxcjttd31eh4q","time":1609932862,"event":{"mods":["AchievementEnabler","BaseMod","Colored Map","Keyboard Shortcuts","Minty Spire (QoL Compilation)","StSLib","SuperFastMode"],"gold_per_floor":[111,125,50,68,17,43,43,73,97,125,136,136,186,203,203,275,275,288,25,25,25,25,37,50,50,50,50,50],"floor_reached":27,"playtime":409,"items_purged":["Strike_P","Strike_P"],"score":442,"play_id":"041577b0-6871-4dd5-995e-0062ba3a0d70","local_time":"20210106203422","is_ascension_mode":true,"campfire_choices":[{"data":"Eruption","floor":7.0,"key":"SMITH"},{"data":"CrushJoints","floor":12.0,"key":"SMITH"},{"data":"TalkToTheHand","floor":15.0,"key":"SMITH"}],"circlet_count":0,"master_deck":["AscendersBane","Strike_P","Strike_P","Defend_P","Defend_P","Defend_P","Eruption+1","Vigilance","CrushJoints+1","EmptyFist","FollowUp","TalkToTheHand+1","Scrawl","FearNoEvil","Sanctity"],"relics":["PureWater","NeowsBlessing","Anchor","Damaru","Bag of Preparation","Odd Mushroom","SacredBark","TheAbacus"],"acts_visited":["Exordium","TheCity"],"potions_floor_usage":[],"damage_taken":[{"damage":0.0,"enemies":"Jaw Worm","floor":1.0,"turns":1.0},{"damage":0.0,"enemies":"Cultist","floor":2.0,"turns":1.0},{"damage":0.0,"enemies":"2 Louse","floor":4.0,"turns":2.0},{"damage":24.0,"enemies":"Gremlin Nob","floor":6.0,"turns":3.0},{"damage":12.0,"enemies":"3 Sentries","floor":8.0,"turns":4.0},{"damage":13.0,"enemies":"The Mushroom Lair","floor":10.0,"turns":3.0},{"damage":8.0,"enemies":"Large Slime","floor":11.0,"turns":3.0},{"damage":3.0,"enemies":"Blue Slaver","floor":14.0,"turns":3.0},{"damage":1.0,"enemies":"Hexaghost","floor":16.0,"turns":7.0},{"damage":11.0,"enemies":"Spheric Guardian","floor":18.0,"turns":3.0},{"damage":0,"enemies":"Chosen","floor":23,"turns":2},{"damage":15,"enemies":"Snecko","floor":24,"turns":3},{"damage":30,"enemies":"Chosen and Byrds","floor":27,"turns":3}],"seed_played":"2407450874679954832","potions_obtained":[{"floor":4.0,"key":"DistilledChaos"},{"floor":6.0,"key":"DistilledChaos"},{"floor":8.0,"key":"Fruit Juice"},{"floor":11.0,"key":"AttackPotion"},{"floor":16.0,"key":"LiquidBronze"},{"floor":24,"key":"FearPotion"}],"is_trial":false,"path_per_floor":["M","M","$","M","$","E","R","E","T","?","M","R","?","M","R","B",null,"M","$","?","?","?","M","M","$","T","M"],"character_chosen":"WATCHER","items_purchased":["FollowUp","TheAbacus"],"campfire_rested":0,"item_purchase_floors":[5,19],"current_hp_per_floor":[61,61,61,61,61,37,37,25,25,12,4,4,4,1,1,5,56,45,45,24,24,40,40,25,25,25,0,0],"gold":50,"neow_bonus":"THREE_ENEMY_KILL","is_daily":false,"chose_seed":false,"campfire_upgraded":3,"win_rate":0.0,"timestamp":1609932862,"path_taken":["M","M","$","M","$","E","R","E","T","?","M","R","?","?","R","BOSS","M","$","?","?","?","M","M","?","T","M"],"items_purchased_type":["Card","Relic"],"build_version":"2020-12-22","purchased_purges":2,"victory":false,"max_hp_per_floor":[68,68,68,68,68,68,68,68,68,68,68,68,68,68,68,73,73,73,73,78,78,78,78,78,78,78,78,78],"card_choices":[{"not_picked":["Consecrate","Crescendo"],"picked":"CrushJoints","floor":1.0},{"not_picked":["Nirvana","Consecrate"],"picked":"EmptyFist","floor":2.0},{"not_picked":["ForeignInfluence","ClearTheMind","Crescendo"],"picked":"SKIP","floor":4.0},{"not_picked":["DeceiveReality","Collect"],"picked":"TalkToTheHand","floor":6.0},{"not_picked":["Wireheading","WaveOfTheHand"],"picked":"Scrawl","floor":8.0},{"not_picked":["CarveReality","EmptyFist","Consecrate"],"picked":"SKIP","floor":11.0},{"not_picked":["Sanctity","Crescendo"],"picked":"FearNoEvil","floor":14.0},{"not_picked":["SignatureMove+1","DeceiveReality","Pray"],"picked":"SKIP","floor":18.0},{"not_picked":["Protect","CrushJoints"],"picked":"Sanctity","floor":23},{"not_picked":["Worship","Indignation","EmptyBody+1"],"picked":"SKIP","floor":24}],"player_experience":833277,"relics_obtained":[{"floor":6.0,"key":"Anchor"},{"floor":8.0,"key":"Damaru"},{"floor":9.0,"key":"Bag of Preparation"},{"floor":10.0,"key":"Odd Mushroom"}],"event_choices":[{"damage_healed":0.0,"max_hp_gain":0.0,"max_hp_loss":0.0,"gold_gain":0.0,"event_name":"Mushrooms","player_choice":"Fought Mushrooms","floor":10.0,"gold_loss":0.0,"damage_taken":0.0},{"damage_healed":0.0,"max_hp_gain":0.0,"max_hp_loss":0.0,"gold_gain":50.0,"event_name":"Golden Shrine","player_choice":"Pray","floor":13.0,"gold_loss":0.0,"damage_taken":0.0},{"damage_healed":0.0,"max_hp_gain":5.0,"max_hp_loss":0.0,"gold_gain":0.0,"event_name":"Forgotten Altar","player_choice":"Shed Blood","floor":20.0,"gold_loss":0.0,"damage_taken":26.0},{"cards_removed":["Defend_P"],"damage_healed":0.0,"max_hp_gain":0.0,"max_hp_loss":0.0,"gold_gain":0.0,"event_name":"Back to Basics","player_choice":"Elegance","floor":21.0,"gold_loss":0.0,"damage_taken":0.0},{"damage_healed":16,"gold_gain":0,"player_choice":"Heal","damage_taken":0,"max_hp_gain":0,"max_hp_loss":0,"event_name":"The Library","floor":22,"gold_loss":0}],"is_beta":false,"boss_relics":[{"not_picked":["SlaversCollar","Sozu"],"picked":"SacredBark"}],"items_purged_floors":[3,19],"is_endless":false,"potions_floor_spawned":[4,6,8,11,16,24],"killed_by":"Chosen and Byrds","ascension_level":20}}