{"host":"sabve5zmqufxyc5o","time":1609911788,"event":{"mods":["2.2 Compatiblity","AchievementEnabler","Act Like it!","BaseMod","Block Reminder","Colored Map","Colored Powertips","DeckTracker","KOR Keyword Fix","Keyboard Shortcuts","Minty Spire (QoL Compilation)","Quick Restart","Rare Cards Sparkle","Relic Stats","StSLib","SuperFastMode"],"gold_per_floor":[118,118,43,43,60,60,93,93,93,111,111,138,138,157,157,232,232,242,142,160,3,16,16,16],"floor_reached":23,"playtime":417,"items_purged":["Strike_G","Strike_G"],"score":448,"play_id":"a65818a4-80ba-42c0-9d55-0809b6635bea","local_time":"20210106144308","is_ascension_mode":true,"campfire_choices":[{"data":"Well Laid Plans","floor":6.0,"key":"SMITH"},{"data":"Reflex","floor":8.0,"key":"SMITH"},{"data":"Noxious Fumes","floor":11.0,"key":"SMITH"},{"floor":15,"key":"REST"}],"circlet_count":0,"master_deck":["AscendersBane","Strike_G","Strike_G","Strike_G","Defend_G","Defend_G","Defend_G","Defend_G","Defend_G","Survivor","Neutralize","Noxious Fumes+1","Well Laid Plans+1","Dagger Spray","Reflex+1","Noxious Fumes+1","Corpse Explosion","Crippling Poison","Backflip"],"relics":["Ring of the Snake","NeowsBlessing","Potion Belt","Mercury Hourglass","Molten Egg 2","Sozu","Membership Card"],"acts_visited":["Exordium","TheCity"],"potions_floor_usage":[22,23,23],"damage_taken":[{"damage":0.0,"enemies":"Small Slimes","floor":1.0,"turns":1.0},{"damage":0.0,"enemies":"Cultist","floor":5.0,"turns":1.0},{"damage":0.0,"enemies":"Lagavulin","floor":7.0,"turns":1.0},{"damage":2.0,"enemies":"2 Louse","floor":10.0,"turns":3.0},{"damage":26.0,"enemies":"Gremlin Nob","floor":12.0,"turns":5.0},{"damage":9,"enemies":"Exordium Wildlife","floor":14,"turns":5},{"damage":27,"enemies":"Hexaghost","floor":16,"turns":9},{"damage":0,"enemies":"3 Byrds","floor":18,"turns":3},{"damage":32,"enemies":"Shell Parasite","floor":20,"turns":6},{"damage":12,"enemies":"Chosen and Byrds","floor":22,"turns":4},{"damage":6,"enemies":"Snake Plant","floor":23,"turns":4}],"seed_played":"6706506362667062815","potions_obtained":[{"floor":1.0,"key":"Ancient Potion"},{"floor":7.0,"key":"ColorlessPotion"},{"floor":13.0,"key":"AttackPotion"},{"floor":13.0,"key":"Ancient Potion"},{"floor":16,"key":"AttackPotion"}],"is_trial":false,"path_per_floor":["M","?","$","?","M","R","E","R","T","M","R","E","?","M","R","B",null,"M","$","M","$","M","M"],"character_chosen":"THE_SILENT","items_purchased":["Membership Card"],"campfire_rested":1,"item_purchase_floors":[21],"current_hp_per_floor":[59,59,59,59,59,59,59,59,59,57,57,31,31,22,41,14,53,53,53,21,21,9,3,3],"gold":16,"neow_bonus":"THREE_ENEMY_KILL","is_daily":false,"chose_seed":false,"campfire_upgraded":3,"win_rate":0.0,"timestamp":1609911788,"path_taken":["M","?","$","?","?","R","E","R","T","M","R","E","?","M","R","BOSS","M","$","M","$","M","M"],"items_purchased_type":["Relic"],"build_version":"2020-12-22","purchased_purges":2,"victory":false,"max_hp_per_floor":[66,66,66,66,66,66,66,66,66,66,66,66,66,66,66,66,66,66,66,66,66,66,66,66],"relic_stats":{"Sozu":1,"counters":[11,42],"obtain_stats":[{"Potion Belt":7,"Sozu":17,"NeowsBlessing":0,"Molten Egg 2":12,"Membership Card":21,"Ring of the Snake":0,"Mercury Hourglass":9},{"Potion Belt":3,"Sozu":7,"NeowsBlessing":0,"Molten Egg 2":5,"Membership Card":9,"Ring of the Snake":0,"Mercury Hourglass":3},{"Potion Belt":3,"Sozu":25,"NeowsBlessing":0,"Molten Egg 2":11,"Membership Card":34,"Ring of the Snake":0,"Mercury Hourglass":3}],"Ring of the Snake":[22],"Mercury Hourglass":[123]},"card_choices":[{"not_picked":["Skewer","Deflect"],"picked":"Noxious Fumes","floor":1.0},{"not_picked":["Underhanded Strike","Bane"],"picked":"Dagger Spray","floor":5.0},{"not_picked":["Dagger Spray","Bullet Time"],"picked":"Reflex","floor":7.0},{"not_picked":["PiercingWail","Bane"],"picked":"Noxious Fumes","floor":10.0},{"not_picked":["PiercingWail","Sucker Punch+1","Expertise"],"picked":"SKIP","floor":12.0},{"not_picked":["Flying Knee+1","Infinite Blades","Riddle With Holes+1"],"picked":"SKIP","floor":14},{"not_picked":["Storm of Steel","A Thousand Cuts"],"picked":"Corpse Explosion","floor":16},{"not_picked":["Bouncing Flask","Cloak And Dagger+1","Flying Knee+1"],"picked":"SKIP","floor":18},{"not_picked":["Outmaneuver+1","Masterful Stab+1"],"picked":"Crippling Poison","floor":20},{"not_picked":["PiercingWail","Cloak And Dagger+1"],"picked":"Backflip","floor":22}],"player_experience":818194,"relics_obtained":[{"floor":7.0,"key":"Potion Belt"},{"floor":9.0,"key":"Mercury Hourglass"},{"floor":12.0,"key":"Molten Egg 2"}],"event_choices":[{"damage_healed":0.0,"max_hp_gain":0.0,"max_hp_loss":0.0,"gold_gain":0.0,"event_name":"Living Wall","player_choice":"Grow","floor":2.0,"gold_loss":0.0,"damage_taken":0.0,"cards_upgraded":["Noxious Fumes"]},{"damage_healed":0.0,"max_hp_gain":0.0,"max_hp_loss":0.0,"gold_gain":0.0,"event_name":"Match and Keep!","player_choice":"1 cards matched","floor":4.0,"gold_loss":0.0,"damage_taken":0.0,"cards_obtained":["Well Laid Plans"]},{"damage_healed":0.0,"max_hp_gain":0.0,"max_hp_loss":0.0,"gold_gain":0.0,"event_name":"Lab","player_choice":"Got Potions","floor":13.0,"gold_loss":0.0,"damage_taken":0.0}],"is_beta":false,"boss_relics":[{"not_picked":["Ring of the Serpent","Pandora\u0027s Box"],"picked":"Sozu"}],"items_purged_floors":[3,19],"is_endless":false,"potions_floor_spawned":[1,7,16,20],"killed_by":"Snake Plant","ascension_level":20}}