{"host":"nn0edaa7b52nfvq0","time":1609907332,"event":{"mods":["100% Spire Juice","AchievementEnabler","Act Like it!","Aspiration","BaseMod","Better Altar","Better Note","Better Third Choice","BetterRewards","Colored Map","Friendly Minions","Gensokyo","HololiveMod","Koishi","KomeijiMod","Marisa（霧雨　魔理沙）","Minty Spire (QoL Compilation)","Permanent Neow","Reimu（博??梦）","Relic Sorter","StSLib","SuperFastMode","Waifu the Spire","WarShipGirlsR/??少女R mod","Yohane!"],"gold_per_floor":[116,116,37,37,37,37,37,37,63,73,93,93,93,93,93,93,93],"floor_reached":16,"playtime":526,"items_purged":[],"score":86,"play_id":"4a607b45-dae3-41df-b279-9f2a68ff345c","local_time":"20210105202852","daily_mods":["Heirloom","Time Dilation","Flight"],"is_ascension_mode":false,"campfire_choices":[{"data":"Moonworks:RagingMadness","floor":6,"key":"SMITH"},{"data":"Moonworks:LulusLuckyEgg","floor":12,"key":"SMITH"},{"data":"Moonworks:LongDistanceShot","floor":13,"key":"SMITH"},{"floor":15,"key":"DIG"}],"circlet_count":0,"master_deck":["Moonworks:Strike","Moonworks:Strike","Moonworks:Strike","Moonworks:Strike","Moonworks:Defend","Moonworks:Defend","Moonworks:Defend","Moonworks:Defend","Moonworks:LongDistanceShot+1","Moonworks:RagingMadness+1","Moonworks:LulusLuckyEgg+1","Moonworks:NicePresent"],"relics":["Moonworks:BrokenBomb","Moonworks:Homemark","Shovel","Strawberry","Gensokyo:LunaticRedEyes","Happy Flower","Pen Nib","Bag of Preparation"],"acts_visited":["Exordium"],"potions_floor_usage":[],"damage_taken":[{"damage":4,"enemies":"Gensokyo:Gryphon","floor":1,"turns":4},{"damage":6,"enemies":"Gensokyo:3_Fairies","floor":10,"turns":5},{"damage":6,"enemies":"Gensokyo:2_Kodama","floor":11,"turns":3},{"damage":42,"enemies":"Gensokyo:Yukari","floor":16,"turns":9}],"seed_played":"-2860747525666162158","potions_obtained":[{"floor":1,"key":"Swift Potion"}],"is_trial":true,"path_per_floor":["M","?","$","?","?","R","?","COS","T","M","M","R","R","?","R","B"],"character_chosen":"THE_STARBREAKER","items_purchased":["Moonworks:RagingMadness"],"campfire_rested":0,"item_purchase_floors":[3],"current_hp_per_floor":[56,53,53,53,53,53,53,53,53,47,41,41,41,41,41,0,0],"gold":93,"neow_bonus":"","is_daily":false,"chose_seed":false,"campfire_upgraded":3,"win_rate":0.0,"timestamp":1609907332,"path_taken":["M","?","?","?","?","R","?","COS","T","?","M","R","R","?","R","BOSS"],"items_purchased_type":["Card"],"build_version":"2020-12-22","purchased_purges":0,"victory":false,"max_hp_per_floor":[60,67,67,67,67,67,67,67,67,67,67,67,67,67,67,67,67],"card_choices":[{"not_picked":["Moonworks:FinalSurgery","Moonworks:BeyondHell","Moonworks:BigMagnum"],"picked":"SKIP","floor":1},{"not_picked":["Moonworks:SakisCookie","Moonworks:FullSpeedAlicianrone"],"picked":"Moonworks:LulusLuckyEgg","floor":10},{"not_picked":["Moonworks:CloudOfSeagulls","Moonworks:x16BigRocket"],"picked":"Moonworks:NicePresent","floor":11}],"player_experience":365849,"relics_obtained":[{"floor":9,"key":"Pen Nib"},{"floor":15,"key":"Bag of Preparation"}],"event_choices":[],"is_beta":false,"boss_relics":[],"items_purged_floors":[],"is_endless":true,"potions_floor_spawned":[1],"killed_by":"Gensokyo:Yukari","ascension_level":0}}