{"host":"isy2gwbfe91wqj1j","time":1609944439,"event":{"mods":["AchievementEnabler","BaseMod","Better Altar","Better Match","Better Note","Better Sensory Stone","Better Skull","Better Third Choice","BetterRewards","Minty Spire (QoL Compilation)","StSLib"],"gold_per_floor":[119,69,69,69,69,69,69,82,150,165,181,181,193,211,211,211,211],"floor_reached":16,"playtime":800,"items_purged":["Strike_G"],"score":183,"play_id":"266c7f32-9a98-4c92-a050-e52e7d480aa9","local_time":"20210106074719","is_ascension_mode":true,"campfire_choices":[{"data":"Calculated Gamble","floor":6,"key":"SMITH"},{"floor":12,"key":"REST"},{"data":"Crippling Poison","floor":15,"key":"SMITH"}],"circlet_count":0,"master_deck":["Strike_G","Strike_G","Defend_G","Defend_G","Defend_G","Defend_G","Defend_G","Survivor","Neutralize","Blur","Master of Strategy","Flying Knee","Calculated Gamble+1","Dodge and Roll","Crippling Poison+1"],"relics":["Ring of the Snake","PreservedInsect","Mango","Gremlin Horn"],"acts_visited":["Exordium"],"potions_floor_usage":[],"damage_taken":[{"damage":0,"enemies":"2 Louse","floor":1,"turns":4},{"damage":2,"enemies":"Jaw Worm","floor":3,"turns":7},{"damage":4,"enemies":"Small Slimes","floor":8,"turns":5},{"damage":0,"enemies":"Blue Slaver","floor":10,"turns":5},{"damage":38,"enemies":"Gremlin Gang","floor":11,"turns":12},{"damage":10,"enemies":"3 Louse","floor":13,"turns":6},{"damage":4,"enemies":"Exordium Wildlife","floor":14,"turns":3},{"damage":59,"enemies":"Hexaghost","floor":16,"turns":16}],"seed_played":"7778817270438485219","potions_obtained":[{"floor":8,"key":"Weak Potion"},{"floor":10,"key":"FearPotion"},{"floor":13,"key":"SteroidPotion"}],"is_trial":false,"path_per_floor":["M","?","M","?","?","R","?","M","T","M","M","R","M","M","R","B"],"character_chosen":"THE_SILENT","items_purchased":["PreservedInsect","Blur","Master of Strategy","Flying Knee"],"campfire_rested":1,"item_purchase_floors":[0,0,0,0],"current_hp_per_floor":[84,84,82,82,82,82,87,83,83,83,45,71,61,57,57,0,0],"gold":211,"neow_bonus":"","is_daily":false,"chose_seed":false,"campfire_upgraded":2,"win_rate":0.0,"timestamp":1609944439,"path_taken":["M","?","M","?","?","R","?","M","T","M","?","R","M","M","R","BOSS"],"items_purchased_type":["Relic","Card","Card","Card"],"build_version":"2020-12-22","purchased_purges":1,"victory":false,"max_hp_per_floor":[84,84,84,84,84,84,89,89,89,89,89,89,89,89,89,89,89],"card_choices":[{"not_picked":["Heel Hook","Dagger Spray"],"picked":"Calculated Gamble","floor":1},{"not_picked":["Deflect","Predator","Noxious Fumes"],"picked":"SKIP","floor":3},{"not_picked":["Quick Slash","Poisoned Stab"],"picked":"Dodge and Roll","floor":8},{"not_picked":["PiercingWail","Bane","Setup"],"picked":"SKIP","floor":10},{"not_picked":["Well Laid Plans","Endless Agony","Underhanded Strike"],"picked":"SKIP","floor":11},{"not_picked":["Endless Agony","Heel Hook","Slice"],"picked":"SKIP","floor":13},{"not_picked":["Blade Dance","Heel Hook"],"picked":"Crippling Poison","floor":14}],"player_experience":148097,"relics_obtained":[{"floor":9,"key":"Gremlin Horn"}],"event_choices":[{"cards_removed":["Strike_G"],"damage_healed":0,"gold_gain":0,"player_choice":"Card Removal","damage_taken":0,"max_hp_gain":0,"max_hp_loss":0,"event_name":"The Cleric","floor":2,"gold_loss":50},{"cards_removed":["Strike_G"],"damage_healed":0,"gold_gain":0,"player_choice":"Forget","damage_taken":0,"max_hp_gain":0,"max_hp_loss":0,"event_name":"Living Wall","floor":4,"gold_loss":0},{"damage_healed":0,"gold_gain":0,"player_choice":"Ignored","damage_taken":69,"max_hp_gain":0,"max_hp_loss":0,"event_name":"betterThird:BetterSerpent","floor":5,"gold_loss":0},{"damage_healed":0,"gold_gain":0,"player_choice":"Donut","damage_taken":0,"max_hp_gain":5,"max_hp_loss":0,"event_name":"Big Fish","floor":7,"gold_loss":0}],"is_beta":false,"boss_relics":[],"items_purged_floors":[0],"is_endless":false,"potions_floor_spawned":[8,10,13,14],"killed_by":"Hexaghost","ascension_level":2}}