{"host":"hfcva6mq15ctj0gu","time":1609925642,"event":{"mods":["100% Spire Juice","Abigail Mod","AchievementEnabler","Act Like it!","Alarm Clock","BaseMod","Better Altar","Better Match","Better Note","Better Skull","Better Third Choice","BetterRewards","CapriCore","Card Forge","Colored Map","Curses Come First","Disable Question Mark Monsters","Displayed Cursed Tome","Emptier Cage","FoggyMod","Friendly Minions","Gold Saver","Grow up Mod","Highlight Path","Kiyohime????","Kratos Character Expansion","Marisa????????","Minty Spire (QoL Compilation)","Permanent Neow","Poem Panic","Reimu??????","Remilia??????","Shade Mod","Shop Mod","StSLib","The Immortal","The Servant 0.9.4","The Vixen","Transform Curses","Virulent Crown","????"],"gold_per_floor":[1892,1892,1892,1220,1248,1279,1279,1332,1332,1356,1356,1356,1380,1380,738,857,857,881,881,824,240,240,293,293,335,335,344,344,344,344,371,163,291,291,318,351,351,351,94,94,128,156,181,224,8,8,46,64,113,113,113,37,37,80,80],"floor_reached":56,"playtime":1914,"items_purged":[],"score":1921,"play_id":"ceb8dbd9-e2bf-4639-b50d-93da9da0db9a","local_time":"20210106103402","is_ascension_mode":false,"campfire_choices":[{"floor":11,"key":"RECALL"},{"data":"1","floor":24,"key":"LIFT"},{"data":"2","floor":30,"key":"LIFT"},{"data":"3","floor":40,"key":"LIFT"}],"circlet_count":0,"master_deck":["TheVixenMod:Strike_TheVixen+1","TheVixenMod:Strike_TheVixen+1","TheVixenMod:Strike_TheVixen+1","TheVixenMod:Strike_TheVixen+1","TheVixenMod:Defend_TheVixen+1","TheVixenMod:Defend_TheVixen+1","TheVixenMod:Defend_TheVixen+1","TheVixenMod:Defend_TheVixen+1","TheVixenMod:SunnyDay+1","TheVixenMod:Ember+1","TheVixenMod:Dazzling+1","TheVixenMod:Defiant+1","TheVixenMod:CADC+1","TheVixenMod:Analytic+1","TheVixenMod:FireSpin+1","TheVixenMod:FlareBlitz+1","TheVixenMod:Overheat+1","TheVixenMod:Overheat+1","TheVixenMod:FlareBlitz+1","TheVixenMod:Overheat+1","TheVixenMod:Psybeam+1","TheVixenMod:TrumpCard+1","TheVixenMod:FireBlast+1","TheVixenMod:FireSpin+1","TheVixenMod:Extrasensory+1","TheVixenMod:FireBlast+1","RitualDagger+1","TheVixenMod:FutureSight+1","TheVixenMod:TrumpCard+1","TheVixenMod:TrumpCard+1","TheVixenMod:FlareBlitz+1","TheVixenMod:FireSpin+1","TheVixenMod:FireBlast+1","TheVixenMod:PsychUp+1"],"relics":["TheVixenMod:EternalFlame","Hammer of Thor","Seething Fire","Anvil of the Gods","MerchantsRug","Happy Flower","Lantern","Girya","TheVixenMod:OranBerry","Kunai","Medical Kit","Golden Idol","Gremlin Horn","CeramicFish","Toolbox","Singing Bowl","StrikeDummy","TheVixenMod:Synchronize","Centennial Puzzle","Orichalcum","TheVixenMod:ChoiceSpecs","Anchor","TungstenRod","Lizard Tail","Bronze Scales","Pen Nib","Ice Cream","Nloth\u0027s Gift","TheVixenMod:FlameOrb","Omamori","TheAbacus","Black Star","TheVixenMod:UmbreonRelic","TentaclePot:ReiMu","Bag of Marbles","Toxic Egg 2","Whetstone","Ancient Tea Set","White Beast Statue","Frozen Egg 2","Membership Card","Bag of Preparation","Mummified Hand","Pantograph","Vajra","StoneCalendar","Nunchaku"],"acts_visited":["Exordium","TheCity","TheBeyond","TheEnding"],"potions_floor_usage":[],"damage_taken":[{"damage":0,"enemies":"Jaw Worm","floor":1,"turns":3},{"damage":0,"enemies":"Small Slimes","floor":5,"turns":3},{"damage":0,"enemies":"Lagavulin","floor":6,"turns":2},{"damage":0,"enemies":"Gremlin Nob","floor":8,"turns":1},{"damage":0,"enemies":"Cultist","floor":10,"turns":1},{"damage":25,"enemies":"The Guardian","floor":16,"turns":5},{"damage":18,"enemies":"3 Byrds","floor":18,"turns":3},{"damage":0,"enemies":"Gremlin Leader","floor":23,"turns":1},{"damage":0,"enemies":"Slavers","floor":25,"turns":1},{"damage":0,"enemies":"Champ","floor":33,"turns":4},{"damage":0,"enemies":"Orb Walker","floor":35,"turns":1},{"damage":4,"enemies":"3 Shapes","floor":36,"turns":2},{"damage":0,"enemies":"3 Shapes","floor":37,"turns":1},{"damage":0,"enemies":"Reptomancer","floor":41,"turns":2},{"damage":0,"enemies":"Spire Growth","floor":42,"turns":1},{"damage":0,"enemies":"Nemesis","floor":44,"turns":1},{"damage":0,"enemies":"Reptomancer","floor":47,"turns":1},{"damage":0,"enemies":"Sphere and 2 Shapes","floor":48,"turns":2},{"damage":10,"enemies":"Donu and Deca","floor":50,"turns":2},{"damage":0,"enemies":"Shield and Spear","floor":54,"turns":2},{"damage":37,"enemies":"The Heart","floor":55,"turns":4}],"seed_played":"2213133523099859820","potions_obtained":[{"floor":6,"key":"PowerPotion"},{"floor":10,"key":"Weak Potion"},{"floor":22,"key":"Ancient Potion"},{"floor":22,"key":"Fire Potion"},{"floor":22,"key":"SteroidPotion"},{"floor":25,"key":"Fire Potion"},{"floor":35,"key":"SteroidPotion"},{"floor":36,"key":"Strength Potion"},{"floor":42,"key":"Block Potion"},{"floor":47,"key":"ZuzhouPotion:ReiMu"},{"floor":48,"key":"Block Potion"},{"floor":54,"key":"Explosive Potion"}],"is_trial":false,"path_per_floor":["M","?","?","$","M","E","?","E","T","M","R","?","T","T","R","B",null,"M","?","?","$","?","E","R","E","T","?","?","T","R","T","R","B",null,"M","M","?","?","$","R","E","M","T","E","$","?","E","M","R","B",null,"R","$","E","B",null],"character_chosen":"THE_VIXEN","items_purchased":["MerchantsRug","Happy Flower","Lantern","TheVixenMod:Dazzling","TheVixenMod:OranBerry","Kunai","Medical Kit","TheVixenMod:Defiant","Gremlin Horn","CeramicFish","Toolbox","TheVixenMod:Analytic","TheVixenMod:FireSpin","TheVixenMod:ChoiceSpecs","Anchor","TungstenRod","TheVixenMod:FlareBlitz","Lizard Tail","Dream Catcher","Orrery","Omamori","TheAbacus","TentaclePot:ReiMu","Bag of Marbles","TheVixenMod:FlareBlitz","Membership Card","Bag of Preparation","Vajra"],"campfire_rested":0,"item_purchase_floors":[0,0,0,0,0,0,0,0,4,4,4,4,4,15,15,15,15,21,21,21,32,32,39,39,39,45,45,52],"current_hp_per_floor":[48,36,46,56,66,78,88,98,108,118,128,138,148,158,168,156,254,246,256,268,284,294,304,314,324,334,339,349,359,369,379,389,399,432,442,448,458,470,480,490,503,513,523,533,543,553,566,579,589,590,610,620,630,640,623],"gold":80,"neow_bonus":"","is_daily":false,"chose_seed":false,"campfire_upgraded":0,"win_rate":0.0,"timestamp":1609925642,"path_taken":["M","?","?","$","?","E","?","E","T","?","R","?","?","?","R","BOSS","M","?","?","$","?","E","R","E","T","?","?","?","R","?","R","BOSS","M","?","?","?","$","R","E","?","T","E","$","?","E","?","R","BOSS","R","$","E","BOSS"],"items_purchased_type":["Relic","Relic","Relic","Card","Relic","Relic","Relic","Card","Relic","Relic","Relic","Card","Card","Relic","Relic","Relic","Card","Relic","Relic","Relic","Relic","Relic","Relic","Relic","Card","Relic","Relic","Relic"],"build_version":"2020-12-22","purchased_purges":0,"victory":true,"max_hp_per_floor":[90,100,110,120,130,142,152,162,172,182,192,202,212,222,232,244,254,264,274,286,302,312,322,332,342,352,362,372,382,392,402,412,422,432,442,452,462,474,484,494,506,516,526,536,546,556,568,580,590,600,610,620,630,640,660],"card_choices":[{"not_picked":["TheVixenMod:Extrasensory","TheVixenMod:FireFang"],"picked":"TheVixenMod:CADC","floor":1},{"not_picked":["TheVixenMod:Wish","TheVixenMod:CADC"],"picked":"TheVixenMod:FlareBlitz","floor":5},{"not_picked":["TheVixenMod:Psyshock","TheVixenMod:Confusion","TheVixenMod:MysticalFire"],"picked":"Singing Bowl","floor":6},{"not_picked":["TheVixenMod:Agility","TheVixenMod:CalmMind"],"picked":"TheVixenMod:Overheat","floor":8},{"not_picked":["TheVixenMod:FirePunch","TheVixenMod:NastyPlot"],"picked":"TheVixenMod:Overheat","floor":10},{"not_picked":["TheVixenMod:Moody","TheVixenMod:PsychoShift","TheVixenMod:Safeguard"],"picked":"Singing Bowl","floor":16},{"not_picked":["TheVixenMod:Swagger+1","TheVixenMod:FlameBurst"],"picked":"TheVixenMod:Overheat","floor":18},{"not_picked":["Swift Strike","Discovery","Forethought"],"picked":"Singing Bowl","floor":20},{"not_picked":["TheVixenMod:HeatWave","TheVixenMod:Protect"],"picked":"TheVixenMod:Psybeam","floor":20},{"not_picked":["TheVixenMod:Analytic","TheVixenMod:Telepathy"],"picked":"TheVixenMod:TrumpCard","floor":20},{"not_picked":["TheVixenMod:Flamethrower","TheVixenMod:HeatWave","TheVixenMod:Overheat"],"picked":"Singing Bowl","floor":21},{"not_picked":["TheVixenMod:Confusion","TheVixenMod:ShadowBall"],"picked":"TheVixenMod:FireBlast","floor":21},{"not_picked":["TheVixenMod:Flamethrower+1","TheVixenMod:Copycat"],"picked":"TheVixenMod:FireSpin","floor":21},{"not_picked":["TheVixenMod:LightScreen+1","TheVixenMod:Psybeam","TheVixenMod:Amnesia"],"picked":"Singing Bowl","floor":21},{"not_picked":["TheVixenMod:Flamethrower","TheVixenMod:CalmMind","TheVixenMod:BlastBurn"],"picked":"Singing Bowl","floor":21},{"not_picked":["TheVixenMod:Incinerate","TheVixenMod:Protect+1"],"picked":"TheVixenMod:Extrasensory","floor":23},{"not_picked":["TheVixenMod:ClearSky","TheVixenMod:FlameCharge+1"],"picked":"TheVixenMod:FireBlast","floor":25},{"not_picked":["TheVixenMod:Safeguard","TheVixenMod:Inferno"],"picked":"TheVixenMod:FutureSight","floor":33},{"not_picked":["TheVixenMod:Psychic+1","TheVixenMod:FireFang+1"],"picked":"TheVixenMod:TrumpCard","floor":35},{"not_picked":["TheVixenMod:PerishSong","TheVixenMod:TrickRoom"],"picked":"TheVixenMod:TrumpCard","floor":36},{"not_picked":["Enlightenment","Swift Strike","PanicButton"],"picked":"Singing Bowl","floor":38},{"not_picked":["TheVixenMod:Dazzling","TheVixenMod:ClearSky+1","TheVixenMod:PerishSong+1"],"picked":"Singing Bowl","floor":41},{"not_picked":["TheVixenMod:Facade","TheVixenMod:ShadowBall"],"picked":"TheVixenMod:FireSpin+1","floor":42},{"not_picked":["TheVixenMod:MagicCoat+1","TheVixenMod:FireFang+1"],"picked":"TheVixenMod:FireBlast","floor":44},{"not_picked":["TheVixenMod:HeatWave+1","TheVixenMod:TrickRoom+1","TheVixenMod:Hypnosis+1"],"picked":"Singing Bowl","floor":47},{"not_picked":["TheVixenMod:Confusion","TheVixenMod:Defiant+1","TheVixenMod:MagicCoat+1"],"picked":"Singing Bowl","floor":48},{"not_picked":["TheVixenMod:Facade","TheVixenMod:TailWhip+1"],"picked":"TheVixenMod:PsychUp+1","floor":54}],"player_experience":101611,"relics_obtained":[{"floor":6,"key":"Singing Bowl"},{"floor":8,"key":"TheVixenMod:Synchronize"},{"floor":9,"key":"Centennial Puzzle"},{"floor":13,"key":"Orichalcum"},{"floor":14,"key":"Potion Belt"},{"floor":23,"key":"Bronze Scales"},{"floor":25,"key":"Pen Nib"},{"floor":26,"key":"Ice Cream"},{"floor":29,"key":"TheVixenMod:FlameOrb"},{"floor":41,"key":"Toxic Egg 2"},{"floor":41,"key":"Whetstone"},{"floor":43,"key":"Ancient Tea Set"},{"floor":44,"key":"White Beast Statue"},{"floor":44,"key":"Frozen Egg 2"},{"floor":47,"key":"Mummified Hand"},{"floor":47,"key":"Pantograph"},{"floor":54,"key":"StoneCalendar"},{"floor":54,"key":"Nunchaku"}],"event_choices":[{"damage_healed":0,"gold_gain":0,"player_choice":"Take Damage","damage_taken":22,"relics_obtained":["Golden Idol"],"max_hp_gain":0,"max_hp_loss":0,"event_name":"Golden Idol","floor":2,"gold_loss":0},{"damage_healed":0,"gold_gain":0,"player_choice":"Bought 0 Potions","damage_taken":0,"max_hp_gain":0,"max_hp_loss":0,"event_name":"The Woman in Blue","floor":3,"gold_loss":0},{"damage_healed":0,"gold_gain":0,"player_choice":"Gave Potion","damage_taken":0,"relics_obtained":["StrikeDummy"],"max_hp_gain":0,"max_hp_loss":0,"event_name":"WeMeetAgain","floor":7,"gold_loss":0},{"damage_healed":128,"gold_gain":0,"player_choice":"Leave","damage_taken":0,"max_hp_gain":0,"max_hp_loss":192,"event_name":"betterThird:BetterShining","floor":12,"gold_loss":0},{"damage_healed":0,"gold_gain":0,"player_choice":"Ignored","damage_taken":0,"max_hp_gain":0,"max_hp_loss":0,"event_name":"Upgrade Shrine","floor":19,"gold_loss":0},{"damage_healed":0,"gold_gain":0,"player_choice":"1","damage_taken":0,"max_hp_gain":0,"max_hp_loss":0,"event_name":"betterMatch:BetterMatch","floor":20,"gold_loss":0,"cards_obtained":["betterMatch:ColorlessUncommonCard","betterMatch:CommonCard","betterMatch:UncommonCard"]},{"damage_healed":0,"gold_gain":0,"player_choice":"Got Potions","damage_taken":0,"max_hp_gain":0,"max_hp_loss":0,"event_name":"Lab","floor":22,"gold_loss":0},{"damage_healed":0,"gold_gain":0,"player_choice":"Dagger","damage_taken":6,"max_hp_gain":0,"max_hp_loss":0,"event_name":"betterThird:BetterNest","floor":27,"gold_loss":0,"cards_obtained":["RitualDagger"]},{"damage_healed":0,"gold_gain":0,"player_choice":"Traded Relic","damage_taken":0,"relics_obtained":["Nloth\u0027s Gift"],"max_hp_gain":0,"max_hp_loss":0,"event_name":"N\u0027loth","floor":28,"relics_lost":["Potion Belt"],"gold_loss":0},{"damage_healed":0,"gold_gain":0,"player_choice":"Fight the Beast\u0027s assailants","damage_taken":0,"relics_obtained":["TheVixenMod:UmbreonRelic"],"max_hp_gain":0,"max_hp_loss":0,"event_name":"Creature of the Night","floor":37,"gold_loss":0},{"damage_healed":0,"gold_gain":0,"player_choice":"1","damage_taken":0,"max_hp_gain":0,"max_hp_loss":0,"event_name":"betterMatch:BetterMatch","floor":38,"gold_loss":0,"cards_obtained":["betterMatch:ColorlessUncommonCard"]},{"damage_healed":0,"gold_gain":0,"player_choice":"Ignored","damage_taken":0,"max_hp_gain":0,"max_hp_loss":0,"event_name":"Upgrade Shrine","floor":46,"gold_loss":0}],"is_beta":false,"boss_relics":[{"not_picked":["Busted Crown","SacredBark"],"picked":"TheVixenMod:EternalFlame"},{"not_picked":["Sozu","Astrolabe"],"picked":"Black Star"}],"items_purged_floors":[],"is_endless":false,"potions_floor_spawned":[6,10,25,35,36,42,47,48,54],"ascension_level":0}}