{"host":"yp47u74hk6n79vj1","time":1609910559,"event":{"mods":["BaseMod","Colored Map","Highlight Path","Minty Spire (QoL Compilation)"],"gold_per_floor":[116,127,127,140,152,152,152,181,181,201,201,201,201],"floor_reached":12,"playtime":358,"items_purged":[],"score":92,"play_id":"a0acde5a-1fb3-446f-89ac-f198fb4afd4a","local_time":"20210106002239","is_ascension_mode":true,"campfire_choices":[{"data":"Disarm","floor":6,"key":"SMITH"},{"floor":11,"key":"DIG"}],"circlet_count":0,"master_deck":["Strike_R","Strike_R","Strike_R","Strike_R","Defend_R","Defend_R","Defend_R","Defend_R","Bash","Disarm+1","Entrench","Spot Weakness"],"relics":["Burning Blood","NeowsBlessing","Shovel","InkBottle"],"acts_visited":["Exordium"],"potions_floor_usage":[8,10,12],"damage_taken":[{"damage":0,"enemies":"Cultist","floor":1,"turns":1},{"damage":0,"enemies":"Small Slimes","floor":2,"turns":1},{"damage":0,"enemies":"Jaw Worm","floor":4,"turns":1},{"damage":9,"enemies":"Looter","floor":5,"turns":4},{"damage":49,"enemies":"3 Sentries","floor":8,"turns":18},{"damage":16,"enemies":"3 Louse","floor":10,"turns":7},{"damage":24,"enemies":"Lagavulin","floor":12,"turns":5}],"seed_played":"-2583580836854572494","potions_obtained":[{"floor":2,"key":"PowerPotion"},{"floor":5,"key":"SpeedPotion"},{"floor":8,"key":"Strength Potion"},{"floor":10,"key":"GamblersBrew"}],"is_trial":false,"path_per_floor":["M","M","?","M","M","R","?","E","T","M","R","E"],"character_chosen":"IRONCLAD","items_purchased":[],"campfire_rested":0,"item_purchase_floors":[],"current_hp_per_floor":[80,80,80,80,77,77,70,27,27,17,17,0,0],"gold":201,"neow_bonus":"THREE_ENEMY_KILL","is_daily":false,"chose_seed":false,"campfire_upgraded":1,"win_rate":0.0,"timestamp":1609910559,"path_taken":["M","M","?","M","?","R","?","E","T","M","R","E"],"items_purchased_type":[],"build_version":"2020-12-22","purchased_purges":0,"victory":false,"max_hp_per_floor":[80,80,80,80,80,80,80,80,80,80,80,80,80],"card_choices":[{"not_picked":["Anger","Clothesline","Thunderclap"],"picked":"SKIP","floor":1},{"not_picked":["Shrug It Off","Corruption"],"picked":"Disarm","floor":2},{"not_picked":["Wild Strike","Bloodletting","Reckless Charge"],"picked":"SKIP","floor":4},{"not_picked":["Dark Embrace","Anger","Headbutt"],"picked":"SKIP","floor":5},{"not_picked":["Ghostly Armor","Rage"],"picked":"Entrench","floor":8},{"not_picked":["Searing Blow","Whirlwind"],"picked":"Spot Weakness","floor":10}],"player_experience":601162,"relics_obtained":[{"floor":8,"key":"Shovel"},{"floor":11,"key":"InkBottle"}],"event_choices":[{"damage_healed":0,"gold_gain":0,"player_choice":"Bought 0 Potions","damage_taken":0,"max_hp_gain":0,"max_hp_loss":0,"event_name":"The Woman in Blue","floor":3,"gold_loss":0},{"cards_removed":["Strike_R"],"damage_healed":0,"gold_gain":0,"player_choice":"Card Removal","damage_taken":7,"max_hp_gain":0,"max_hp_loss":0,"event_name":"Golden Wing","floor":7,"gold_loss":0}],"is_beta":false,"boss_relics":[],"items_purged_floors":[],"is_endless":false,"potions_floor_spawned":[2,5,8,10],"killed_by":"Lagavulin","ascension_level":3}}