{"host":"u21q392b5xaj11fl","time":1609963512,"event":{"mods":["2.2 Compatiblity","Bard","BaseMod","Better Note","Colored Map","Colored Powertips","Conspire","Custom Start","Downfall","Faster Ascension Climbing","Friendly Minions","GifTheSpireLib","Glutton Mod","Gremlin Skip","Highlight Path","Hubris","Infinite Spire","Mad Scientist","Marisa????????","Mimic Mod","Minty Spire (QoL Compilation)","Permanent Neow","Potionbrewer","Quick Restart","READ ME - Guardian Mod","Relic Sorter","Replay The Spire","Shop Mod","Somnambulant","StSLib","Stuff the Spire","SuperFastMode","The Blue Laboratory","The Construct","The Disciple","The Mystic","The Servant 0.9.4","vexMod"],"gold_per_floor":[112,132,132,132,62,94,94,124,205,4,21,21,34,64,64,135,135,153,177,177,177,191,218,56,91,115,143,158,173,173,185,185,185,185],"floor_reached":33,"playtime":2626,"items_purged":["Pot Of Greed","construct:SyphonStrike"],"score":574,"play_id":"1e014e09-8507-4afb-9701-f7b5553cafa9","local_time":"20210106140512","is_ascension_mode":true,"campfire_choices":[{"data":"construct:PowerUp","floor":7.0,"key":"SMITH"},{"floor":12.0,"key":"REST"},{"data":"construct:PowerUp+1","floor":15.0,"key":"SMITH"},{"data":"construct:Enhance+1","floor":32,"key":"SMITH"}],"circlet_count":0,"master_deck":["AscendersBane","construct:Strike_Gold","construct:Strike_Gold","construct:Strike_Gold","construct:Strike_Gold","construct:Strike_Gold","construct:Defend_Gold","construct:Defend_Gold+2","construct:Defend_Gold","construct:Defend_Gold","construct:Defend_Gold","construct:AttackMode","construct:DefenseMode","expansioncontent:DashGenerateEvil","construct:PowerUp+2","construct:Enhance","construct:Boost","construct:Isolate","construct:ClockworkEgg","construct:SyphonStrike+1","construct:CriticalHit","construct:VentSteam+1","Pot Of Greed","construct:Backup","construct:Tumble","construct:Missile","construct:Enhance+2","infinitespire:Collect","construct:ForceCore"],"relics":["construct:ClockworkPhoenix","Ring of Hypnosis","StuffTheSpire:OldFever","ClockworkSouvenir","Oddly Smooth Stone","Honey Jar","MerchantsRug","PreservedInsect","ReplayTheSpireMod:Ninjato","Replay:Mystery Machine"],"acts_visited":["Exordium","TheCity"],"potions_floor_usage":[22,22,29,33,33],"damage_taken":[{"damage":0.0,"enemies":"2 Louse","floor":1.0,"turns":1.0},{"damage":7.0,"enemies":"Jaw Worm","floor":2.0,"turns":3.0},{"damage":11.0,"enemies":"Gremlin Nob","floor":6.0,"turns":4.0},{"damage":20.0,"enemies":"3 Sentries","floor":8.0,"turns":7.0},{"damage":0.0,"enemies":"Cultist","floor":11.0,"turns":4.0},{"damage":0.0,"enemies":"Red Slaver","floor":13.0,"turns":4.0},{"damage":1.0,"enemies":"Gremlin Nob","floor":14.0,"turns":4.0},{"damage":24.0,"enemies":"Hexaghost","floor":16.0,"turns":10.0},{"damage":0.0,"enemies":"3 Byrds","floor":18.0,"turns":5.0},{"damage":6,"enemies":"2 Thieves","floor":22,"turns":4},{"damage":2,"enemies":"conspire:SneckoGhost","floor":23,"turns":7},{"damage":0,"enemies":"Nightmare","floor":25,"turns":7},{"damage":29,"enemies":"conspire:SneckoGhost","floor":27,"turns":5},{"damage":11,"enemies":"Centurion and Healer","floor":28,"turns":7},{"damage":0,"enemies":"3 Cultists","floor":29,"turns":3},{"damage":0,"enemies":"Snake Plant","floor":31,"turns":3},{"damage":42,"enemies":"hubris:MusketHawk","floor":33,"turns":6}],"seed_played":"-1122108036046463545","potions_obtained":[{"floor":1.0,"key":"Energy Potion"},{"floor":6.0,"key":"SpeedPotion"},{"floor":8.0,"key":"potionbrewer:AcidPotion"},{"floor":16.0,"key":"blueLaboratory:FrostheartPotion"},{"floor":22,"key":"potionbrewer:DiscountPotion"},{"floor":27,"key":"blueLaboratory:SavagePotion"},{"floor":29,"key":"potionbrewer:DiscountPotion"}],"is_trial":false,"path_per_floor":["M","M","?","?","$","E","R","E","T","$","M","R","M","E","R","B",null,"M","T","?","?","M","E","$","NM","T","E","M","M","AVR","M","R","B"],"character_chosen":"THE_CONSTRUCT_MOD","items_purchased":["construct:PowerUp","ClockworkSouvenir","construct:Boost","MerchantsRug","PreservedInsect"],"campfire_rested":1,"item_purchase_floors":[5,10,10,24,24],"current_hp_per_floor":[56,49,49,49,49,38,38,18,18,18,18,43,51,50,50,26,70,70,77,77,77,71,69,69,69,69,40,29,29,29,29,29,0,0],"gold":185,"neow_bonus":"RANDOM_COLORLESS_2","is_daily":false,"chose_seed":false,"campfire_upgraded":3,"win_rate":0.0,"timestamp":1609963512,"path_taken":["M","M","?","?","$","E","R","E","T","$","?","R","M","E","R","BOSS","M","?","?","?","M","E","$","NM","T","E","M","?","AVR","M","R","BOSS"],"items_purchased_type":["Card","Relic","Card","Relic","Relic"],"build_version":"2020-12-22","purchased_purges":2,"victory":false,"max_hp_per_floor":[85,85,85,85,85,85,85,85,85,85,85,85,85,85,85,85,85,85,92,92,92,92,92,92,92,92,92,92,92,92,92,92,92,92],"card_choices":[{"not_picked":["Chrysalis","Midas Touch"],"picked":"expansioncontent:DashGenerateEvil","floor":0.0},{"not_picked":["construct:Tumble","construct:Analyze"],"picked":"construct:SyphonStrike","floor":1.0},{"not_picked":["construct:ModeShift","construct:SaveState","construct:Construct_Overclock"],"picked":"SKIP","floor":2.0},{"not_picked":["construct:Multistage","construct:LongRangeLance","construct:ElectricArmor"],"picked":"SKIP","floor":6.0},{"not_picked":["construct:FocusedBeam","construct:Reinforce"],"picked":"construct:Enhance","floor":8.0},{"not_picked":["construct:ShiftStrike","construct:PointDefense"],"picked":"construct:Isolate","floor":11.0},{"not_picked":["construct:ShiftStrike","construct:Analyze","construct:Antimatter"],"picked":"SKIP","floor":13.0},{"not_picked":["construct:FierceBash","construct:Reinforce","construct:Enhance"],"picked":"SKIP","floor":14.0},{"not_picked":["construct:FierceBash","construct:Reinforce","construct:Enhance"],"picked":"SKIP","floor":14.0},{"not_picked":["construct:MassProduction","construct:ShieldBurst"],"picked":"construct:ClockworkEgg","floor":16.0},{"not_picked":["construct:BatteryAcid","construct:Anticipate"],"picked":"construct:SyphonStrike+1","floor":18.0},{"not_picked":["construct:Isolate","construct:OmegaCannon"],"picked":"construct:CriticalHit","floor":22},{"not_picked":["construct:CriticalHit","construct:Anticipate"],"picked":"construct:VentSteam+1","floor":23},{"not_picked":["construct:Versatility","construct:Boost"],"picked":"construct:Backup","floor":25},{"not_picked":["construct:ScrapCannon","construct:Anticipate"],"picked":"construct:Tumble","floor":27},{"not_picked":["construct:Anticipate","construct:ModeShift"],"picked":"construct:Missile","floor":28},{"not_picked":["construct:Stasis","construct:ScrapCannon"],"picked":"construct:Enhance+1","floor":29},{"not_picked":["construct:ScopeCore","construct:ScrapCannon"],"picked":"construct:ForceCore","floor":31}],"player_experience":147853,"relics_obtained":[{"floor":3.0,"key":"Ring of Hypnosis"},{"floor":6.0,"key":"vexMod:BarristanHead"},{"floor":8.0,"key":"Pet Ghost"},{"floor":9.0,"key":"construct:MegaBattery"},{"floor":14.0,"key":"Oddly Smooth Stone"},{"floor":19.0,"key":"Strawberry"},{"floor":23,"key":"Grinning Jar"},{"floor":25,"key":"ReplayTheSpireMod:Ninjato"},{"floor":27,"key":"Replay:Mystery Machine"}],"event_choices":[{"damage_healed":0.0,"max_hp_gain":0.0,"max_hp_loss":0.0,"gold_gain":0.0,"event_name":"WeMeetAgain","player_choice":"Gave Potion","floor":4.0,"gold_loss":0.0,"damage_taken":0.0,"relics_obtained":["StuffTheSpire:OldFever"]},{"cards_removed":["construct:ClockworkEgg"],"damage_healed":0.0,"max_hp_gain":0.0,"max_hp_loss":0.0,"gold_gain":0.0,"event_name":"betterNote:BetterNote","player_choice":"Give","floor":20.0,"gold_loss":0.0,"damage_taken":0.0,"cards_obtained":["Whirlwind"]}],"is_beta":false,"boss_relics":[{"not_picked":["ChewingGum","conspire:SpecialSausage"],"picked":"Honey Jar"}],"items_purged_floors":[24,30],"is_endless":false,"potions_floor_spawned":[1,6,8,16,22,27,29],"killed_by":"hubris:MusketHawk","ascension_level":13}}