{"host":"i09pxcjttd31eh4q","time":1609936709,"event":{"mods":["AchievementEnabler","BaseMod","Colored Map","Keyboard Shortcuts","Minty Spire (QoL Compilation)","StSLib","SuperFastMode"],"gold_per_floor":[115,115,127,52,52,52,52,83,83,97,97,112,52,83,83,156,156,173,183,215,226,242,274,274,194,219,219,219],"floor_reached":27,"playtime":666,"items_purged":["Pain","Strike_P"],"score":532,"play_id":"f60e21fb-bdb5-49b0-bb05-c6a7eb8f21c7","local_time":"20210106213829","is_ascension_mode":true,"campfire_choices":[{"data":"Eruption","floor":6.0,"key":"SMITH"},{"data":"WheelKick","floor":11.0,"key":"SMITH"},{"floor":15.0,"key":"RECALL"},{"floor":24,"key":"REST"}],"circlet_count":0,"master_deck":["AscendersBane","Strike_P","Defend_P","Defend_P","Eruption+1","Vigilance","Evaluate","WheelKick+1","EmptyFist","DeusExMachina","Prostrate+1","SignatureMove+1","CutThroughFate+1","Ragnarok+1"],"relics":["PureWater","NeowsBlessing","WarpedTongs","The Courier","StoneCalendar","Astrolabe","Red Mask","Molten Egg 2","Bronze Scales"],"acts_visited":["Exordium","TheCity"],"potions_floor_usage":[23],"damage_taken":[{"damage":0.0,"enemies":"Jaw Worm","floor":1.0,"turns":1.0},{"damage":0.0,"enemies":"2 Louse","floor":3.0,"turns":1.0},{"damage":0.0,"enemies":"Gremlin Nob","floor":8.0,"turns":1.0},{"damage":4.0,"enemies":"Cultist","floor":10.0,"turns":3.0},{"damage":14.0,"enemies":"3 Louse","floor":12.0,"turns":2.0},{"damage":4.0,"enemies":"3 Sentries","floor":14.0,"turns":8.0},{"damage":27.0,"enemies":"The Guardian","floor":16.0,"turns":11.0},{"damage":0.0,"enemies":"Spheric Guardian","floor":18.0,"turns":1.0},{"damage":6.0,"enemies":"3 Byrds","floor":19.0,"turns":5.0},{"damage":11.0,"enemies":"Masked Bandits","floor":20.0,"turns":4.0},{"damage":15.0,"enemies":"3 Cultists","floor":21.0,"turns":5.0},{"damage":0,"enemies":"Sentry and Sphere","floor":22,"turns":3},{"damage":18,"enemies":"Slavers","floor":23,"turns":4},{"damage":38,"enemies":"Book of Stabbing","floor":27,"turns":4}],"seed_played":"9094187828347617658","potions_obtained":[{"floor":1.0,"key":"Explosive Potion"},{"floor":3.0,"key":"Fruit Juice"},{"floor":12.0,"key":"LiquidBronze"},{"floor":14.0,"key":"SpeedPotion"},{"floor":19.0,"key":"BlessingOfTheForge"},{"floor":21.0,"key":"PowerPotion"},{"floor":23,"key":"BottledMiracle"}],"is_trial":false,"path_per_floor":["M","?","M","?","$","R","?","E","T","M","R","M","$","E","R","B",null,"M","M","?","M","M","E","R","$","T","E"],"character_chosen":"WATCHER","items_purchased":[],"campfire_rested":1,"item_purchase_floors":[],"current_hp_per_floor":[61,66,66,66,66,66,66,66,66,62,62,53,53,49,49,22,64,64,58,47,32,32,14,37,37,37,0,0],"gold":219,"neow_bonus":"THREE_ENEMY_KILL","is_daily":false,"chose_seed":false,"campfire_upgraded":2,"win_rate":0.0,"timestamp":1609936709,"path_taken":["M","?","M","?","$","R","?","E","T","M","R","M","$","E","R","BOSS","M","?","?","M","M","E","R","$","T","E"],"items_purchased_type":[],"build_version":"2020-12-22","purchased_purges":2,"victory":false,"max_hp_per_floor":[68,73,73,73,73,73,73,73,73,73,73,78,78,78,78,78,78,78,78,78,78,78,78,78,78,78,78,78],"card_choices":[{"not_picked":["ThirdEye","Study"],"picked":"Evaluate","floor":1.0},{"not_picked":["PathToVictory","Wallop"],"picked":"WheelKick","floor":3.0},{"not_picked":["CrushJoints","FollowUp","FlurryOfBlows"],"picked":"SKIP","floor":8.0},{"not_picked":["Protect","Crescendo","WreathOfFlame"],"picked":"SKIP","floor":10.0},{"not_picked":["DeceiveReality","FlurryOfBlows","FollowUp"],"picked":"SKIP","floor":12.0},{"not_picked":["Fasting2","JustLucky"],"picked":"EmptyFist","floor":14.0},{"not_picked":["Establishment","Devotion"],"picked":"DeusExMachina","floor":16.0},{"not_picked":["BowlingBash","Prostrate","Consecrate"],"picked":"SKIP","floor":18.0},{"not_picked":["ReachHeaven","Swivel","CrushJoints"],"picked":"SKIP","floor":19.0},{"not_picked":["CrushJoints","CutThroughFate","SandsOfTime+1"],"picked":"SKIP","floor":21.0},{"not_picked":["ThirdEye","Meditate","DeceiveReality"],"picked":"SKIP","floor":22},{"not_picked":["Meditate","Crescendo"],"picked":"Ragnarok+1","floor":23}],"player_experience":836283,"relics_obtained":[{"floor":8.0,"key":"The Courier"},{"floor":14.0,"key":"StoneCalendar"},{"floor":20.0,"key":"Red Mask"},{"floor":23,"key":"Molten Egg 2"},{"floor":26,"key":"Bronze Scales"}],"event_choices":[{"damage_healed":0.0,"max_hp_gain":5.0,"max_hp_loss":0.0,"gold_gain":0.0,"event_name":"Big Fish","player_choice":"Donut","floor":2.0,"gold_loss":0.0,"damage_taken":0.0},{"cards_removed":["Strike_P"],"damage_healed":0.0,"max_hp_gain":0.0,"max_hp_loss":0.0,"gold_gain":0.0,"event_name":"The Cleric","player_choice":"Card Removal","floor":4.0,"gold_loss":75.0,"damage_taken":0.0},{"damage_healed":0.0,"max_hp_gain":0.0,"max_hp_loss":0.0,"gold_gain":0.0,"event_name":"Accursed Blacksmith","player_choice":"Rummage","floor":7.0,"gold_loss":0.0,"damage_taken":0.0,"relics_obtained":["WarpedTongs"],"cards_obtained":["Pain"]},{"damage_healed":0.0,"max_hp_gain":0.0,"max_hp_loss":0.0,"gold_gain":0.0,"event_name":"Masked Bandits","player_choice":"Fought Bandits","floor":20.0,"gold_loss":0.0,"damage_taken":0.0}],"is_beta":false,"boss_relics":[{"not_picked":["Tiny House","HolyWater"],"picked":"Astrolabe"}],"items_purged_floors":[13,25],"is_endless":false,"potions_floor_spawned":[1,3,12,14,19,21,23],"killed_by":"Book of Stabbing","ascension_level":20}}