{"host":"g30nqawcgetcyrcb","time":1609896567,"event":{"mods":["BaseMod","Colored Powertips","Minty Spire (QoL Compilation)"],"gold_per_floor":[113,288,305,305,317,317,334,344,369,106,132,132,147,158,158,255,255,255,255,255,255,255,255,255,255],"floor_reached":24,"playtime":1799,"items_purged":[],"score":222,"play_id":"63f0f6dc-60e3-4592-afcd-f7887b4c4367","local_time":"20210105182927","is_ascension_mode":false,"campfire_choices":[{"data":"Zap","floor":6,"key":"SMITH"},{"floor":15,"key":"REST"}],"circlet_count":0,"master_deck":["Strike_B","Strike_B","Strike_B+1","Defend_B","Defend_B","Defend_B","Defend_B","Zap+1","Dualcast+1","Ball Lightning","Sweeping Beam","Conserve Battery","Redo+1","Ball Lightning","Aggregate","Defragment","Go for the Eyes","Compile Driver","Gash","Thunder Strike","Hologram","Reinforced Body","Barrage","Heatsinks","Barrage+1","Tempest"],"relics":["Cracked Core","Potion Belt","TheAbacus","Tiny Chest","Ectoplasm","Bag of Marbles"],"acts_visited":["Exordium","TheCity"],"potions_floor_usage":[16,23,23,23],"damage_taken":[{"damage":0,"enemies":"2 Louse","floor":1,"turns":1},{"damage":6,"enemies":"Jaw Worm","floor":3,"turns":3},{"damage":1,"enemies":"Cultist","floor":5,"turns":3},{"damage":3,"enemies":"3 Louse","floor":7,"turns":3},{"damage":0,"enemies":"2 Fungi Beasts","floor":8,"turns":3},{"damage":10,"enemies":"3 Sentries","floor":11,"turns":5},{"damage":14,"enemies":"Blue Slaver","floor":13,"turns":3},{"damage":5,"enemies":"3 Louse","floor":14,"turns":2},{"damage":20,"enemies":"Hexaghost","floor":16,"turns":7},{"damage":5,"enemies":"3 Byrds","floor":18,"turns":4},{"damage":5,"enemies":"Spheric Guardian","floor":19,"turns":3},{"damage":17,"enemies":"Chosen and Byrds","floor":20,"turns":5},{"damage":16,"enemies":"Centurion and Healer","floor":22,"turns":6},{"damage":22,"enemies":"Book of Stabbing","floor":23,"turns":4},{"damage":15,"enemies":"Shelled Parasite and Fungi","floor":24,"turns":1}],"seed_played":"-6455212572490799335","potions_obtained":[{"floor":7,"key":"GamblersBrew"},{"floor":14,"key":"CultistPotion"},{"floor":19,"key":"PowerPotion"},{"floor":20,"key":"AttackPotion"}],"is_trial":false,"path_per_floor":["M","?","M","?","M","R","M","M","T","$","E","?","M","M","R","B",null,"M","M","M","?","M","E","M"],"character_chosen":"DEFECT","items_purchased":["TheAbacus","Aggregate","Defragment"],"campfire_rested":1,"item_purchase_floors":[10,10,10],"current_hp_per_floor":[75,75,69,62,61,61,58,58,58,58,48,33,19,14,36,16,75,70,65,48,48,32,10,0,0],"gold":255,"neow_bonus":"UPGRADE_CARD","is_daily":false,"chose_seed":false,"campfire_upgraded":1,"win_rate":0.0,"timestamp":1609896567,"path_taken":["M","?","M","?","M","R","M","M","T","$","E","?","M","M","R","BOSS","M","M","M","?","?","E","M"],"items_purchased_type":["Relic","Card","Card"],"build_version":"2020-12-22","purchased_purges":0,"victory":false,"max_hp_per_floor":[75,75,75,75,75,75,75,75,75,75,75,75,75,75,75,75,75,75,75,75,75,75,75,75,75],"card_choices":[{"not_picked":["Streamline","Redo"],"picked":"Ball Lightning","floor":1},{"not_picked":["Ball Lightning","Hologram"],"picked":"Sweeping Beam","floor":3},{"not_picked":["Beam Cell","Double Energy"],"picked":"Conserve Battery","floor":5},{"not_picked":["Gash","Fission"],"picked":"Redo","floor":7},{"not_picked":["Leap","Redo"],"picked":"Ball Lightning","floor":8},{"not_picked":["BootSequence","Barrage"],"picked":"Go for the Eyes","floor":11},{"not_picked":["Gash","Barrage"],"picked":"Compile Driver","floor":13},{"not_picked":["Conserve Battery","Scrape"],"picked":"Gash","floor":14},{"not_picked":["Biased Cognition","Reboot"],"picked":"Thunder Strike","floor":16},{"not_picked":["FTL","Stack"],"picked":"Hologram","floor":18},{"not_picked":["Barrage","Compile Driver+1"],"picked":"Reinforced Body","floor":19},{"not_picked":["Sweeping Beam","Melter"],"picked":"Barrage","floor":20},{"not_picked":["Heatsinks+1","Redo"],"picked":"Barrage+1","floor":22},{"not_picked":["Auto Shields","Blizzard"],"picked":"Tempest","floor":23}],"player_experience":82130,"relics_obtained":[{"floor":9,"key":"Potion Belt"},{"floor":11,"key":"Tiny Chest"},{"floor":23,"key":"Bag of Marbles"}],"event_choices":[{"damage_healed":0,"gold_gain":175,"player_choice":"AGREE","damage_taken":0,"max_hp_gain":0,"max_hp_loss":0,"event_name":"Liars Game","floor":2,"gold_loss":0,"cards_obtained":["Doubt"]},{"cards_removed":["Doubt"],"damage_healed":0,"gold_gain":0,"player_choice":"Card Removal","damage_taken":7,"max_hp_gain":0,"max_hp_loss":0,"event_name":"Golden Wing","floor":4,"gold_loss":0},{"damage_healed":0,"gold_gain":0,"player_choice":"Entered Light","damage_taken":15,"max_hp_gain":0,"max_hp_loss":0,"event_name":"Shining Light","floor":12,"gold_loss":0,"cards_upgraded":["Strike_B","Redo"]},{"damage_healed":0,"gold_gain":0,"cards_transformed":["Strike_B"],"player_choice":"Transformed","damage_taken":0,"max_hp_gain":0,"max_hp_loss":0,"event_name":"Transmorgrifier","floor":21,"gold_loss":0,"cards_obtained":["Heatsinks"]}],"is_beta":false,"boss_relics":[{"not_picked":["Coffee Dripper","Sozu"],"picked":"Ectoplasm"}],"items_purged_floors":[],"is_endless":false,"potions_floor_spawned":[7,14,19,20],"killed_by":"Shelled Parasite and Fungi","ascension_level":0}}