{"host":"52m1o8iwwagurbjs","time":1609905104,"event":{"mods":["AchievementEnabler","BaseMod","Bestiary","Colored Powertips","GifTheSpireLib","Minty Spire (QoL Compilation)","Quick Restart","RNG Fix","Relic Stats","StSLib"],"gold_per_floor":[99,99,24,24,24,24,24,24,24,0,0,0,0,0,0,0,0],"floor_reached":16,"playtime":529,"items_purged":[],"score":215,"play_id":"1bcbe30f-56a4-4a56-b621-078263db49e4","local_time":"20210105225144","is_ascension_mode":true,"campfire_choices":[{"data":"Ball Lightning","floor":7.0,"key":"SMITH"},{"floor":13.0,"key":"REST"},{"floor":15,"key":"REST"}],"circlet_count":0,"master_deck":["AscendersBane","Strike_B","Defend_B","Defend_B","Defend_B","Defend_B","Zap","Dualcast","Ball Lightning+1","Cold Snap","Coolheaded","Rebound","Self Repair","Glacier","Loop"],"relics":["Ectoplasm","Bag of Marbles","Ornamental Fan","Old Coin"],"acts_visited":[],"potions_floor_usage":[16],"damage_taken":[{"damage":1.0,"enemies":"Cultist","floor":1.0,"turns":4.0},{"damage":0.0,"enemies":"2 Louse","floor":2.0,"turns":2.0},{"damage":7.0,"enemies":"Jaw Worm","floor":4.0,"turns":3.0},{"damage":37.0,"enemies":"Gremlin Nob","floor":6.0,"turns":4.0},{"damage":0.0,"enemies":"Red Slaver","floor":8.0,"turns":3.0},{"damage":12.0,"enemies":"Exordium Thugs","floor":10.0,"turns":4.0},{"damage":11,"enemies":"3 Sentries","floor":14,"turns":12},{"damage":29,"enemies":"Slime Boss","floor":16,"turns":5}],"seed_played":"3813233742537791871","potions_obtained":[{"floor":1.0,"key":"BlessingOfTheForge"},{"floor":2.0,"key":"Explosive Potion"},{"floor":14,"key":"GamblersBrew"}],"is_trial":false,"path_per_floor":["M","M","?","M","?","E","R","M","T","M","?","?","R","E","R","B"],"character_chosen":"DEFECT","items_purchased":[],"campfire_rested":2,"item_purchase_floors":[],"current_hp_per_floor":[63,63,63,56,56,19,19,19,19,14,3,3,24,20,41,12,12],"gold":0,"neow_bonus":"BOSS_RELIC","is_daily":false,"chose_seed":false,"campfire_upgraded":1,"win_rate":0.0,"timestamp":1609905104,"path_taken":["M","M","?","M","?","E","R","M","T","M","?","?","R","E","R","BOSS"],"items_purchased_type":[],"build_version":"2020-12-22","purchased_purges":0,"victory":false,"max_hp_per_floor":[71,71,71,71,71,71,71,71,71,71,71,71,71,71,71,71,71],"relic_stats":{"counters":[2,17],"Ornamental Fan":[0],"Ectoplasm":334,"obtain_stats":[{"Ornamental Fan":0,"Ectoplasm":0,"Bag of Marbles":0,"Old Coin":14},{"Ornamental Fan":0,"Ectoplasm":0,"Bag of Marbles":0,"Old Coin":1},{"Ornamental Fan":0,"Ectoplasm":0,"Bag of Marbles":0,"Old Coin":12}]},"card_choices":[{"not_picked":["Loop","Turbo"],"picked":"Ball Lightning","floor":1.0},{"not_picked":["Static Discharge","Stack"],"picked":"Cold Snap","floor":2.0},{"not_picked":["Storm","BootSequence"],"picked":"Coolheaded","floor":4.0},{"not_picked":["Darkness","Static Discharge"],"picked":"Rebound","floor":6.0},{"not_picked":["Force Field","Hologram"],"picked":"Self Repair","floor":8.0},{"not_picked":["Storm","Conserve Battery"],"picked":"Glacier","floor":10.0},{"not_picked":["Hologram","Conserve Battery"],"picked":"Loop","floor":14}],"player_experience":1096957,"relics_obtained":[{"floor":6.0,"key":"Bag of Marbles"},{"floor":9.0,"key":"Ornamental Fan"},{"floor":14,"key":"Old Coin"}],"event_choices":[{"cards_removed":["Strike_B"],"damage_healed":0.0,"max_hp_gain":0.0,"max_hp_loss":0.0,"gold_gain":0.0,"event_name":"The Cleric","player_choice":"Card Removal","floor":3.0,"gold_loss":75.0,"damage_taken":0.0},{"cards_removed":["Strike_B"],"damage_healed":0.0,"max_hp_gain":0.0,"max_hp_loss":0.0,"gold_gain":0.0,"event_name":"Purifier","player_choice":"Purged","floor":5.0,"gold_loss":0.0,"damage_taken":0.0},{"damage_healed":0.0,"max_hp_gain":0.0,"max_hp_loss":0.0,"gold_gain":0.0,"event_name":"Scrap Ooze","player_choice":"Fled","floor":11.0,"gold_loss":0.0,"damage_taken":11.0},{"cards_removed":["Strike_B"],"damage_healed":0.0,"max_hp_gain":0.0,"max_hp_loss":0.0,"gold_gain":0.0,"event_name":"Living Wall","player_choice":"Forget","floor":12.0,"gold_loss":0.0,"damage_taken":0.0}],"is_beta":false,"boss_relics":[],"items_purged_floors":[],"is_endless":false,"potions_floor_spawned":[1,2,14],"killed_by":"Slime Boss","ascension_level":19}}