{"host":"u7lm8z2rvb4dg2oo","time":1609909442,"event":{"mods":["AchievementEnabler","BaseMod","Colored Map","Colored Powertips","Curses Come First","Googly Eyes","Highlight Path","Minty Spire (QoL Compilation)","Quick Restart","StSLib"],"gold_per_floor":[110,110,110,125,11,35,35,68,68,120,120,120,143,143,143,266,266,289,312,71,71,96,96,120,120,120,120,139,139,163,216,216,355,355,385,401,473,494,521,521,743,743,817,817,858,1191,644,319,319,319],"floor_reached":51,"playtime":3379,"items_purged":["Strike_P","Strike_P","Defend_P"],"score":990,"play_id":"bc5d12d5-3252-4c2a-a608-63646c001748","local_time":"20210106000402","is_ascension_mode":true,"campfire_choices":[{"data":"ReachHeaven","floor":7.0,"key":"SMITH"},{"data":"1","floor":11.0,"key":"LIFT"},{"data":"2","floor":15.0,"key":"LIFT"},{"floor":23.0,"key":"REST"},{"data":"3","floor":27.0,"key":"LIFT"},{"floor":29.0,"key":"REST"},{"data":"Blasphemy","floor":32.0,"key":"SMITH"},{"floor":40,"key":"REST"},{"floor":42,"key":"REST"},{"data":"SpiritShield","floor":44,"key":"SMITH"},{"data":"Establishment","floor":49,"key":"SMITH"}],"circlet_count":0,"master_deck":["Strike_P+1","Defend_P","Defend_P","Defend_P","Eruption+1","Vigilance","Protect","Perseverance","ReachHeaven+1","CutThroughFate","ReachHeaven","Blasphemy+1","Tantrum","BattleHymn","RitualDagger","ForeignInfluence","SpiritShield+1","Wireheading+1","BattleHymn+1","FlyingSleeves+1","Establishment+1"],"relics":["PureWater","NeowsBlessing","Girya","Gremlin Horn","Whetstone","VioletLotus","Eternal Feather","CeramicFish","Red Mask","Velvet Choker","Dead Branch","Pear","Question Card","Turnip","ClockworkSouvenir"],"acts_visited":["Exordium","TheCity","TheBeyond"],"potions_floor_usage":[33,50,50,50,50,50],"damage_taken":[{"damage":0.0,"enemies":"Jaw Worm","floor":1.0,"turns":1.0},{"damage":0.0,"enemies":"Small Slimes","floor":4.0,"turns":1.0},{"damage":0.0,"enemies":"Cultist","floor":6.0,"turns":1.0},{"damage":4.0,"enemies":"Lagavulin","floor":8.0,"turns":5.0},{"damage":3.0,"enemies":"Exordium Thugs","floor":13.0,"turns":2.0},{"damage":11.0,"enemies":"Slime Boss","floor":16.0,"turns":5.0},{"damage":0.0,"enemies":"Spheric Guardian","floor":18.0,"turns":3.0},{"damage":7.0,"enemies":"Shell Parasite","floor":19.0,"turns":3.0},{"damage":49.0,"enemies":"Sentry and Sphere","floor":22.0,"turns":4.0},{"damage":11.0,"enemies":"Snake Plant","floor":24.0,"turns":3.0},{"damage":0.0,"enemies":"Snecko","floor":28.0,"turns":2.0},{"damage":10.0,"enemies":"Chosen and Byrds","floor":30.0,"turns":3.0},{"damage":0.0,"enemies":"Masked Bandits","floor":31.0,"turns":2.0},{"damage":50,"enemies":"Champ","floor":33,"turns":5},{"damage":0,"enemies":"3 Shapes","floor":35,"turns":1},{"damage":9,"enemies":"3 Darklings","floor":36,"turns":5},{"damage":11,"enemies":"Mind Bloom Boss Battle","floor":37,"turns":3},{"damage":8,"enemies":"Transient","floor":38,"turns":5},{"damage":47,"enemies":"Jaw Worm Horde","floor":39,"turns":5},{"damage":16,"enemies":"Giant Head","floor":45,"turns":5},{"damage":62,"enemies":"Time Eater","floor":50,"turns":6}],"seed_played":"539745445046787134","potions_obtained":[{"floor":1.0,"key":"Ancient Potion"},{"floor":4.0,"key":"AttackPotion"},{"floor":8.0,"key":"Energy Potion"},{"floor":24.0,"key":"Explosive Potion"},{"floor":31.0,"key":"FearPotion"},{"floor":36,"key":"FairyPotion"},{"floor":39,"key":"EntropicBrew"},{"floor":45,"key":"StancePotion"}],"is_trial":false,"path_per_floor":["M","?","?","M","$","M","R","E","T","T","R","$","M","?","R","B",null,"M","M","$","?","M","R","M","?","T","R","M","R","M","?","R","B",null,"M","M","?","M","M","R","?","R","T","R","E","?","$","$","R","B",null],"character_chosen":"WATCHER","items_purchased":["ReachHeaven","Eternal Feather","Turnip","Establishment","ClockworkSouvenir","Energy Potion"],"campfire_rested":4,"item_purchase_floors":[5,20,47,47,48,48],"current_hp_per_floor":[65,47,47,47,47,47,47,43,43,43,43,43,40,40,40,29,61,61,54,54,54,5,35,24,18,18,27,27,57,47,47,56,6,56,56,47,36,28,2,35,35,68,78,82,66,66,66,66,78,16],"gold":319,"neow_bonus":"THREE_ENEMY_KILL","is_daily":false,"chose_seed":false,"campfire_upgraded":4,"win_rate":0.0,"timestamp":1609909442,"path_taken":["M","?","?","M","?","?","R","E","T","?","R","?","M","?","R","BOSS","M","M","$","?","M","R","M","?","T","R","M","R","M","?","R","BOSS","M","M","?","M","M","R","?","R","T","R","E","?","?","$","R","BOSS"],"items_purchased_type":["Card","Relic","Relic","Card","Relic","Potion"],"build_version":"2020-12-22","purchased_purges":3,"victory":true,"max_hp_per_floor":[72,72,72,72,72,72,72,72,72,72,72,72,72,72,72,72,72,72,72,72,72,72,72,72,72,72,72,72,72,72,72,72,72,72,72,72,72,72,72,72,72,72,82,82,82,82,82,82,82,82],"card_choices":[{"not_picked":["InnerPeace","BowlingBash"],"picked":"Protect","floor":1.0},{"not_picked":["EmptyBody","WaveOfTheHand","Vengeance"],"picked":"SKIP","floor":4.0},{"not_picked":["EmptyMind","Consecrate","Evaluate"],"picked":"SKIP","floor":6.0},{"not_picked":["Swivel","Study"],"picked":"CutThroughFate","floor":8.0},{"not_picked":["FlurryOfBlows","CrushJoints"],"picked":"ReachHeaven","floor":13.0},{"not_picked":["Brilliance","Establishment"],"picked":"Blasphemy","floor":16.0},{"not_picked":["FlurryOfBlows","Protect"],"picked":"Tantrum","floor":18.0},{"not_picked":["Sanctity","Nirvana","Evaluate+1"],"picked":"SKIP","floor":19.0},{"not_picked":["Consecrate","Evaluate","ReachHeaven"],"picked":"SKIP","floor":22.0},{"not_picked":["Crescendo+1","Meditate+1","ClearTheMind"],"picked":"SKIP","floor":24.0},{"not_picked":["Crescendo+1","Meditate+1","ClearTheMind"],"picked":"SKIP","floor":24.0},{"not_picked":["EmptyMind+1","CutThroughFate+1","Protect+1"],"picked":"SKIP","floor":28.0},{"not_picked":["Study","ThirdEye","Fasting2"],"picked":"SKIP","floor":30.0},{"not_picked":["CrushJoints+1","JustLucky"],"picked":"ForeignInfluence","floor":31.0},{"not_picked":["Judgement","Brilliance"],"picked":"SpiritShield","floor":33},{"not_picked":["EmptyBody","JustLucky"],"picked":"Wireheading+1","floor":35},{"not_picked":["CrushJoints+1","Vengeance","LikeWater+1"],"picked":"SKIP","floor":36},{"not_picked":["SashWhip+1","PathToVictory"],"picked":"BattleHymn+1","floor":37},{"not_picked":["Indignation","Swivel+1","JustLucky+1"],"picked":"SKIP","floor":38},{"not_picked":["Blasphemy","JustLucky"],"picked":"FlyingSleeves+1","floor":39},{"not_picked":["Vengeance+1","SandsOfTime+1","Evaluate+1"],"picked":"SKIP","floor":45}],"player_experience":1090316,"relics_obtained":[{"floor":8.0,"key":"Girya"},{"floor":9.0,"key":"Gremlin Horn"},{"floor":10.0,"key":"Whetstone"},{"floor":26.0,"key":"CeramicFish"},{"floor":31.0,"key":"Red Mask"},{"floor":37,"key":"Dead Branch"},{"floor":43,"key":"Pear"},{"floor":45,"key":"Question Card"}],"event_choices":[{"damage_healed":0.0,"max_hp_gain":0.0,"max_hp_loss":0.0,"gold_gain":0.0,"event_name":"Golden Idol","player_choice":"Take Damage","floor":2.0,"gold_loss":0.0,"damage_taken":18.0,"relics_obtained":["Golden Idol"]},{"damage_healed":0.0,"max_hp_gain":0.0,"max_hp_loss":0.0,"gold_gain":0.0,"cards_transformed":["Strike_P"],"event_name":"Living Wall","player_choice":"Change","floor":3.0,"gold_loss":0.0,"damage_taken":0.0,"cards_obtained":["Perseverance"]},{"damage_healed":0.0,"max_hp_gain":0.0,"max_hp_loss":0.0,"gold_gain":0.0,"event_name":"Shining Light","player_choice":"Ignored","floor":14.0,"gold_loss":0.0,"damage_taken":0.0},{"damage_healed":0.0,"max_hp_gain":0.0,"max_hp_loss":0.0,"gold_gain":0.0,"event_name":"The Library","player_choice":"Read","floor":21.0,"gold_loss":0.0,"damage_taken":0.0,"cards_obtained":["BattleHymn"]},{"damage_healed":0.0,"max_hp_gain":0.0,"max_hp_loss":0.0,"gold_gain":0.0,"event_name":"Nest","player_choice":"Joined the Cult","floor":25.0,"gold_loss":0.0,"damage_taken":6.0,"cards_obtained":["RitualDagger"]},{"damage_healed":0.0,"max_hp_gain":0.0,"max_hp_loss":0.0,"gold_gain":0.0,"event_name":"Masked Bandits","player_choice":"Fought Bandits","floor":31.0,"gold_loss":0.0,"damage_taken":0.0},{"damage_healed":0,"gold_gain":0,"player_choice":"Fight","damage_taken":0,"max_hp_gain":0,"max_hp_loss":0,"event_name":"MindBloom","floor":37,"gold_loss":0},{"damage_healed":0,"gold_gain":222,"player_choice":"Wore Mask","damage_taken":0,"max_hp_gain":0,"max_hp_loss":0,"event_name":"Tomb of Lord Red Mask","floor":41,"gold_loss":0},{"damage_healed":0,"gold_gain":333,"player_choice":"Gave Idol","damage_taken":0,"max_hp_gain":0,"max_hp_loss":0,"event_name":"The Moai Head","floor":46,"relics_lost":["Golden Idol"],"gold_loss":0}],"is_beta":false,"boss_relics":[{"not_picked":["Ectoplasm","Runic Dome"],"picked":"VioletLotus"},{"not_picked":["Busted Crown","Empty Cage"],"picked":"Velvet Choker"}],"items_purged_floors":[5,47,48],"is_endless":false,"potions_floor_spawned":[1,4,8,24,31,36,39,45],"ascension_level":9}}