{"host":"porgtwlvhh3hs75v","time":1609942715,"event":{"mods":["ATMod(°¢èªMod)","Act Like it!","BaseMod","GifTheSpireLib","KinomotoSakuraMod(Ä¾Ö®±¾Ó£)","Minty Spire (QoL Compilation)","Quick Restart","Replay The Spire","StSLib"],"gold_per_floor":[110,35,35,51,64,78,136,36,82,114,114,172,172,235,235,308,308,324,399,449,47,112,143,143,178,204,220,238,273,287,337,428,502,502,514,116,520,792,887,916,916,948,948,980,1030,1080,1097,1132,1132,1132,1132,1132,1132,200,234,234],"floor_reached":57,"playtime":4078,"items_purged":["ClowCardTheSword","ClowCardTheShield","ClowCardThePower","ClowCardTheJump"],"score":3568,"play_id":"6484494b-1627-407f-8566-76fed51fb019","local_time":"20210106221835","is_ascension_mode":true,"campfire_choices":[{"data":"ClowCardTheFlower","floor":11.0,"key":"SMITH"},{"floor":15.0,"key":"DIG"},{"data":"ClowCardTheGlow","floor":24.0,"key":"SMITH"},{"floor":41.0,"key":"RECALL"},{"data":"ClowCardTheWave","floor":49.0,"key":"SMITH"},{"data":"ClowCardTheDark","floor":53.0,"key":"SMITH"}],"circlet_count":0,"master_deck":["SakuraCardTheShadow+","SakuraCardTheDash+","SakuraCardTheSword+","AscendersBane","ClowCardTheSword","ClowCardTheShield","SpellCardSeal","SpellCardRelease","ClowCardTheFlower+1","ClowCardTheWave+1","ClowCardTheBubbles+1","ClowCardTheChange+1","ClowCardTheFloat","ClowCardTheGlow+1","ClowCardTheJump","ClowCardTheSleep","ClowCardTheGlow+1","ClowCardTheDark+1","ClowCardTheLock+1"],"relics":["KSMOD_SealedBook","KSMOD_SealedWand","AT_ATBox","NeowsBlessing","Replay:Rubber Ducky","Oddly Smooth Stone","KSMOD_TaoistSuit","SsserpentHead","Replay:Baseball","Empty Cage","Red Mask","ReplayTheSpireMod:Lightbulb","Orrery","AT_EbonyIvory","Centennial Puzzle","Replay:Wax Seal","Replay:WaspNest","Coffee Dripper","ReplayTheSpireMod:Ninjato","Old Coin","Ancient Tea Set","Bronze Scales","AT_ArcaneBoots","Gremlin Food","Torii","Medical Kit","KSMOD_TouyasBicycle","Kunai","Replay:Bottled Eggs"],"acts_visited":["Exordium","TheCity","TheBeyond","TheEnding"],"potions_floor_usage":[56,56],"damage_taken":[{"damage":0.0,"enemies":"Jaw Worm","floor":1.0,"turns":3.0},{"damage":0.0,"enemies":"Cultist","floor":4.0,"turns":2.0},{"damage":0.0,"enemies":"Small Slimes","floor":5.0,"turns":4.0},{"damage":0.0,"enemies":"3 Louse","floor":6.0,"turns":6.0},{"damage":8.0,"enemies":"Lagavulin","floor":7.0,"turns":5.0},{"damage":1.0,"enemies":"Gremlin Nob","floor":10.0,"turns":3.0},{"damage":3.0,"enemies":"3 Sentries","floor":12.0,"turns":7.0},{"damage":2.0,"enemies":"Red Slaver","floor":14.0,"turns":3.0},{"damage":0.0,"enemies":"Slime Boss","floor":16.0,"turns":5.0},{"damage":0.0,"enemies":"Chosen","floor":18.0,"turns":2.0},{"damage":4.0,"enemies":"Masked Bandits","floor":19.0,"turns":3.0},{"damage":0.0,"enemies":"3 Byrds","floor":22.0,"turns":7.0},{"damage":0.0,"enemies":"Book of Stabbing","floor":23.0,"turns":4.0},{"damage":4.0,"enemies":"Replay:Snechameleon","floor":25.0,"turns":3.0},{"damage":0.0,"enemies":"Sentry and Sphere","floor":27.0,"turns":3.0},{"damage":0.0,"enemies":"Snecko","floor":28.0,"turns":3.0},{"damage":6.0,"enemies":"Slavers","floor":29.0,"turns":6.0},{"damage":0.0,"enemies":"Cultist and Chosen","floor":30.0,"turns":4.0},{"damage":0.0,"enemies":"Champ","floor":33.0,"turns":5.0},{"damage":0.0,"enemies":"3 Shapes","floor":35.0,"turns":6.0},{"damage":2.0,"enemies":"2 Orb Walkers","floor":37.0,"turns":6.0},{"damage":12.0,"enemies":"Reptomancer","floor":40.0,"turns":4.0},{"damage":13.0,"enemies":"R_Hoarder","floor":42.0,"turns":6.0},{"damage":0.0,"enemies":"Giant Head","floor":44.0,"turns":3.0},{"damage":0.0,"enemies":"Orb Walker","floor":47.0,"turns":4.0},{"damage":0.0,"enemies":"R_Hoarder","floor":48.0,"turns":8.0},{"damage":18.0,"enemies":"Time Eater","floor":50.0,"turns":6.0},{"damage":0.0,"enemies":"Donu and Deca","floor":51.0,"turns":4.0},{"damage":0.0,"enemies":"Shield and Spear","floor":55.0,"turns":3.0},{"damage":0,"enemies":"The Heart","floor":56,"turns":6}],"seed_played":"6850023602268108737","potions_obtained":[{"floor":1.0,"key":"Milkshake"},{"floor":6.0,"key":"Dexterity Potion"},{"floor":7.0,"key":"BlessingOfTheForge"},{"floor":18.0,"key":"PowerPotion"},{"floor":22.0,"key":"CultistPotion"},{"floor":23.0,"key":"Ancient Potion"},{"floor":28.0,"key":"ColorlessPotion"}],"is_trial":false,"path_per_floor":["M","$","?","M","M","M","E","$","T","E","R","?","?","M","R","B",null,"M","?","?","$","M","E","R","E","T","M","M","E","M","?","R","B",null,"M","$","?","?","?","E","R","E","T","E","?","?","M","E","R","B","B",null,"R","$","E","B",null],"character_chosen":"KINOMOTOSAKURA","items_purchased":["ReplayTheSpireMod:Lightbulb","Orrery","ReplayTheSpireMod:Ninjato","Medical Kit","KSMOD_TouyasBicycle","Kunai","Reflective Coating","GamblersBrew"],"campfire_rested":0,"item_purchase_floors":[21,21,36,54,54,54,54,54],"current_hp_per_floor":[59,59,59,59,59,59,51,51,51,50,50,47,47,45,45,45,60,60,56,75,75,75,75,75,71,71,71,71,65,65,65,65,65,73,73,73,71,71,47,35,35,22,22,22,22,22,22,22,22,4,4,54,54,54,54,54],"gold":234,"neow_bonus":"THREE_ENEMY_KILL","is_daily":false,"chose_seed":false,"campfire_upgraded":4,"win_rate":0.0,"timestamp":1609942715,"path_taken":["M","$","?","M","?","M","E","$","T","E","R","?","?","?","R","BOSS","M","?","?","$","?","E","R","E","T","M","M","E","M","?","R","BOSS","M","$","?","?","?","E","R","E","T","E","?","?","M","E","R","BOSS","BOSS","R","$","E","BOSS"],"items_purchased_type":["Relic","Relic","Relic","Relic","Relic","Relic","Potion","Potion"],"build_version":"2020-12-22","purchased_purges":4,"victory":true,"max_hp_per_floor":[65,65,65,65,65,65,65,65,65,65,65,65,65,65,65,65,65,65,65,75,75,75,75,75,75,75,75,75,75,75,75,75,75,75,75,75,75,75,75,75,75,75,75,75,71,71,71,71,71,71,71,71,71,71,71,71],"card_choices":[{"not_picked":["ClowCardTheShot","ClowCardTheMist"],"picked":"ClowCardTheFlower","floor":1.0},{"not_picked":["ClowCardTheWatery","ClowCardTheCloud","ClowCardTheRain"],"picked":"SKIP","floor":4.0},{"not_picked":["ClowCardTheSweet","ClowCardTheSnow"],"picked":"ClowCardThePower","floor":5.0},{"not_picked":["ClowCardTheErase","ClowCardTheSilent"],"picked":"ClowCardTheWave","floor":6.0},{"not_picked":["ClowCardTheGlow","ClowCardTheReturn"],"picked":"ClowCardTheBubbles","floor":7.0},{"not_picked":["ClowCardTheJump","ClowCardTheStorm","ClowCardTheLock"],"picked":"SKIP","floor":10.0},{"not_picked":["ClowCardTheJump","ClowCardTheStorm","ClowCardTheLock"],"picked":"SKIP","floor":10.0},{"not_picked":["ClowCardTheStorm","ClowCardTheLock"],"picked":"ClowCardTheJump","floor":10.0},{"not_picked":["ClowCardTheVoice","ClowCardTheWatery","ClowCardTheMove"],"picked":"SKIP","floor":14.0},{"not_picked":["ClowCardTheDark","ClowCardTheThrough"],"picked":"ClowCardTheDash","floor":16.0},{"not_picked":["ClowCardTheIllusion","ClowCardTheMirror","ClowCardTheShadow"],"picked":"SKIP","floor":18.0},{"not_picked":["ClowCardTheWatery","ClowCardTheArrow+1"],"picked":"ClowCardTheChange","floor":19.0},{"not_picked":["ClowCardTheLoop","ClowCardTheThunder"],"picked":"ClowCardTheFloat","floor":21.0},{"not_picked":["ClowCardTheJump","ClowCardTheThunder"],"picked":"ClowCardTheGlow","floor":21.0},{"not_picked":["ClowCardTheErase+1","ClowCardTheMirror"],"picked":"ClowCardTheJump","floor":21.0},{"not_picked":["ClowCardTheLock","ClowCardTheMirror"],"picked":"ClowCardTheSleep","floor":22.0},{"not_picked":["ClowCardTheShadow","ClowCardTheSong","ClowCardTheErase"],"picked":"SKIP","floor":23.0},{"not_picked":["ClowCardTheVoice","ClowCardTheJump","ClowCardTheFight"],"picked":"SKIP","floor":25.0},{"not_picked":["ClowCardTheMist+1","ClowCardTheGlow","ClowCardTheMaze"],"picked":"SKIP","floor":27.0},{"not_picked":["ClowCardTheMist+1","ClowCardTheGlow","ClowCardTheMaze"],"picked":"SKIP","floor":27.0},{"not_picked":["ClowCardTheSilent","ClowCardTheMist"],"picked":"ClowCardTheGlow+1","floor":28.0},{"not_picked":["ClowCardTheShadow","ClowCardTheMaze+1","ClowCardThePower"],"picked":"SKIP","floor":29.0},{"not_picked":["ClowCardTheSnow","ClowCardTheMist"],"picked":"ClowCardTheShadow","floor":30.0},{"not_picked":["ClowCardTheThunder","ClowCardTheReturn"],"picked":"ClowCardTheDark","floor":33.0},{"not_picked":["ClowCardTheSilent","ClowCardThePower","ClowCardTheFirey"],"picked":"SKIP","floor":35.0},{"not_picked":["ClowCardTheArrow+1","ClowCardTheJump"],"picked":"ClowCardTheLock+1","floor":37.0},{"not_picked":["ClowCardTheShot","ClowCardTheBubbles","ClowCardTheMist"],"picked":"SKIP","floor":40.0},{"not_picked":["ClowCardTheShot","ClowCardTheBubbles","ClowCardTheMist"],"picked":"SKIP","floor":40.0},{"not_picked":["ClowCardTheDark","ClowCardTheMaze","ClowCardTheFirey+1"],"picked":"SKIP","floor":42.0},{"not_picked":["ClowCardTheMist","ClowCardTheDream","ClowCardTheWave"],"picked":"SKIP","floor":44.0},{"not_picked":["ClowCardTheLibra","ClowCardThePower","ClowCardTheRain"],"picked":"SKIP","floor":47.0},{"not_picked":["ClowCardTheCloud","ClowCardTheTwin","ClowCardTheMove"],"picked":"SKIP","floor":48.0},{"not_picked":["ClowCardTheCloud","ClowCardTheTwin","ClowCardTheMove"],"picked":"SKIP","floor":48.0},{"not_picked":["ClowCardTheLittle","ClowCardTheReturn","ClowCardTheMirror"],"picked":"SKIP","floor":55.0}],"player_experience":632782,"relics_obtained":[{"floor":9.0,"key":"Replay:Rubber Ducky"},{"floor":10.0,"key":"Oddly Smooth Stone"},{"floor":12.0,"key":"KSMOD_TaoistSuit"},{"floor":15.0,"key":"Replay:Baseball"},{"floor":19.0,"key":"Red Mask"},{"floor":23.0,"key":"AT_EbonyIvory"},{"floor":25.0,"key":"Centennial Puzzle"},{"floor":26.0,"key":"Replay:Wax Seal"},{"floor":29.0,"key":"Replay:WaspNest"},{"floor":37.0,"key":"Old Coin"},{"floor":39.0,"key":"Ancient Tea Set"},{"floor":40.0,"key":"Bronze Scales"},{"floor":42.0,"key":"AT_SpeedBoots"},{"floor":44.0,"key":"Gremlin Food"},{"floor":48.0,"key":"Torii"},{"floor":55.0,"key":"Replay:Bottled Eggs"}],"event_choices":[{"cards_removed":["ClowCardTheSword"],"damage_healed":0.0,"max_hp_gain":0.0,"max_hp_loss":0.0,"gold_gain":0.0,"event_name":"Purifier","player_choice":"Purged","floor":3.0,"gold_loss":0.0,"damage_taken":0.0},{"damage_healed":0.0,"max_hp_gain":0.0,"max_hp_loss":0.0,"gold_gain":0.0,"event_name":"Dead Adventurer","player_choice":"Searched \u00271\u0027 times","floor":12.0,"gold_loss":0.0,"damage_taken":0.0},{"damage_healed":0.0,"max_hp_gain":0.0,"max_hp_loss":0.0,"gold_gain":0.0,"event_name":"FaceTrader","player_choice":"Trade","floor":13.0,"gold_loss":0.0,"damage_taken":0.0,"relics_obtained":["SsserpentHead"]},{"damage_healed":0.0,"max_hp_gain":0.0,"max_hp_loss":0.0,"gold_gain":0.0,"event_name":"Masked Bandits","player_choice":"Fought Bandits","floor":19.0,"gold_loss":0.0,"damage_taken":0.0},{"cards_removed":["AT_FamilyPortrait"],"damage_healed":9.0,"max_hp_gain":10.0,"max_hp_loss":0.0,"gold_gain":0.0,"event_name":"Bonfire Elementals","player_choice":"Offered Rare","floor":20.0,"gold_loss":0.0,"damage_taken":0.0},{"damage_healed":0.0,"max_hp_gain":0.0,"max_hp_loss":0.0,"gold_gain":0.0,"event_name":"Accursed Blacksmith","player_choice":"Forge","floor":31.0,"gold_loss":0.0,"damage_taken":0.0,"cards_upgraded":["ClowCardTheChange"]},{"damage_healed":0.0,"max_hp_gain":0.0,"max_hp_loss":0.0,"gold_gain":0.0,"event_name":"Mysterious Sphere","player_choice":"Fight","floor":37.0,"gold_loss":0.0,"damage_taken":0.0},{"damage_healed":0.0,"max_hp_gain":0.0,"max_hp_loss":0.0,"gold_gain":222.0,"event_name":"Tomb of Lord Red Mask","player_choice":"Wore Mask","floor":38.0,"gold_loss":0.0,"damage_taken":0.0},{"damage_healed":0.0,"max_hp_gain":0.0,"max_hp_loss":4.0,"gold_gain":0.0,"event_name":"Winding Halls","player_choice":"Max HP","floor":45.0,"gold_loss":0.0,"damage_taken":0.0},{"damage_healed":0.0,"max_hp_gain":0.0,"max_hp_loss":0.0,"gold_gain":0.0,"event_name":"Transmorgrifier","player_choice":"Ignored","floor":46.0,"gold_loss":0.0,"damage_taken":0.0}],"is_beta":false,"boss_relics":[{"not_picked":["Honey Jar","Cursed Key"],"picked":"Empty Cage"},{"not_picked":["Sozu","Replay:Drink Me"],"picked":"Coffee Dripper"}],"items_purged_floors":[2,8,36,54],"is_endless":false,"potions_floor_spawned":[1,6,7,10,18,22,23,28,30,37,44,48,55],"ascension_level":20}}