{"host":"17xjy7b7ubl548g2","time":1609917730,"event":{"mods":["2.2 Compatiblity","Act Like it!","Aspiration","Astrologer","Bard","BaseMod","Bestiary","Challenge The Spire","ChefMod","Colored Map","Conspire","Elementarium","Energized Spire","Gensokyo","GifTheSpireLib","Halation","Hallownest","Hubris","Infinite Spire","Jedi Mod","Jorbs\u0027s Wanderer Trilogy","Marisa（霧雨　魔理沙）","Marked Mod","Menagerie","Minty Spire (QoL Compilation)","Pale of the Ancients","Permanent Neow","Puzzle Mod","Replay The Spire","Robot Space Explorer","Spicy Shops","StSLib","Stuff the Spire","The Blue Laboratory","The Bug Knight","The Construct","The Disciple","The Factory","The Hayseed","The Hierophant","The Marked","The Runesmith","The Sage","TheFirefly"],"gold_per_floor":[111,126,51,67,77,77,77,106,180,180,180,210,210,232,232,14,14,93,93,116,133,133,133,149,179,200,200,251,251,284,311,311,311],"floor_reached":32,"playtime":2636,"items_purged":["Strike_R"],"score":482,"play_id":"450851df-2f18-4fb7-b5c3-06a9987ebb50","local_time":"20210106022210","is_ascension_mode":true,"campfire_choices":[{"data":"Bash","floor":6.0,"key":"SMITH"},{"data":"hubris:StunningStrike","floor":13,"key":"SMITH"},{"floor":17,"key":"REST"},{"data":"hubris:StunningStrike","floor":27,"key":"SMITH"},{"floor":29,"key":"REST"}],"circlet_count":0,"master_deck":["AscendersBane","Strike_R","Strike_R","Strike_R","Defend_R","Defend_R","Defend_R","Defend_R","Bash+1","Clothesline","Thunderclap","Flame Barrier","Pommel Strike","hubris:StunningStrike+1","jedi:unlimitedpower","hubris:StunningStrike+1","Sword Boomerang","Battle Trance","Cleave","Sentinel","Twin Strike+1","Iron Wave"],"relics":["Burning Blood","Menagerie:HuntersKnife","jedi:HeartOfTheCards","Pet Ghost","Vajra","hubris:VirtuousBlindfold","hubris:Towel","Oddly Smooth Stone","Lantern","infinitespire:PuzzleCube","halation:SwordOfLegend","Pen Nib"],"acts_visited":["Exordium","Menagerie:Menagerie"],"potions_floor_usage":[8,12,25,25,30,32],"damage_taken":[{"damage":8.0,"enemies":"Menagerie:MonstrousExperiment","floor":1.0,"turns":4.0},{"damage":5.0,"enemies":"Menagerie:StygianBoar","floor":2.0,"turns":3.0},{"damage":2.0,"enemies":"Menagerie:WhisperingWraith","floor":4.0,"turns":4.0},{"damage":38.0,"enemies":"Menagerie:BEAST_MAGE_AND_PROWLING_AMALGAM","floor":5.0,"turns":11.0},{"damage":15,"enemies":"Menagerie:Hydra","floor":8,"turns":4},{"damage":13,"enemies":"Menagerie:VoidReaper","floor":12,"turns":8},{"damage":14,"enemies":"Menagerie:STYGIAN_BOAR_AND_WHISPERING_WRAITH","floor":14,"turns":6},{"damage":26,"enemies":"Menagerie:Chimera","floor":18,"turns":8},{"damage":4,"enemies":"Elementarium:2_ELEMENTALS","floor":20,"turns":5},{"damage":0,"enemies":"Elementarium:VoidCorruption","floor":21,"turns":4},{"damage":3,"enemies":"Elementarium:Hydrostalker","floor":24,"turns":6},{"damage":6,"enemies":"Nightmare","floor":25,"turns":8},{"damage":22,"enemies":"Elementarium:CYCLONE_AND_LIVING_STORMCLOUD","floor":26,"turns":8},{"damage":5,"enemies":"Elementarium:WarGolem","floor":30,"turns":3},{"damage":56,"enemies":"Elementarium:FIRE_NOBILITY","floor":32,"turns":8}],"seed_played":"-367808583592302352","potions_obtained":[{"floor":1.0,"key":"Reflective Coating"},{"floor":8,"key":"blueLaboratory:Moonshine"},{"floor":12,"key":"blueLaboratory:HorrorPotion"},{"floor":14,"key":"blueLaboratory:NullPotion"},{"floor":26,"key":"blueLaboratory:BottleOfRum"},{"floor":30,"key":"EssenceOfSteel"}],"is_trial":false,"path_per_floor":["M","M","$","M","M","R","?","E","T","PTL","PTL","E","R","M","?","$","R","B",null,"M","M","?","?","M","NM","M","R","T","R","E","T","E"],"character_chosen":"IRONCLAD","items_purchased":["Vajra","Block Potion"],"campfire_rested":2,"item_purchase_floors":[16,16],"current_hp_per_floor":[66,67,67,71,39,39,39,30,30,30,30,23,23,15,19,19,40,20,59,61,67,67,47,50,50,34,34,34,55,56,56,0,0],"gold":311,"neow_bonus":"TRANSFORM_CARD","is_daily":false,"chose_seed":false,"campfire_upgraded":3,"win_rate":0.0,"timestamp":1609917730,"path_taken":["M","M","$","?","?","R","?","E","T","PTL","PTL","E","R","?","?","$","R","BOSS","M","M","?","?","?","NM","M","R","T","R","E","?","E"],"items_purchased_type":["Relic","Potion"],"build_version":"2020-12-22","purchased_purges":1,"victory":false,"max_hp_per_floor":[75,75,75,75,75,75,68,68,68,68,68,68,68,68,72,72,72,72,72,72,72,72,72,72,72,72,72,72,72,72,72,72,72],"card_choices":[{"not_picked":["True Grit","StuffTheSpire:RockThrow"],"picked":"Thunderclap","floor":1.0},{"not_picked":["Combust","Havoc"],"picked":"Flame Barrier","floor":2.0},{"not_picked":["StuffTheSpire:BloodClot","Body Slam","Flex"],"picked":"SKIP","floor":4.0},{"not_picked":["Wild Strike","Replay:Undeath\u0027s Touch"],"picked":"Pommel Strike","floor":5.0},{"not_picked":["Hemokinesis","Run Through"],"picked":"hubris:StunningStrike","floor":8},{"not_picked":["Warcry","Sword Boomerang"],"picked":"jedi:unlimitedpower","floor":12},{"not_picked":["Second Wind","Warcry","Fire Breathing"],"picked":"SKIP","floor":14},{"not_picked":["Juggernaut","jedi:bloodyhammer"],"picked":"hubris:StunningStrike","floor":18},{"not_picked":["Flex","Dropkick"],"picked":"Sword Boomerang","floor":20},{"not_picked":["ReplayTheSpireMod:Strike From Hell","Life Link"],"picked":"Battle Trance","floor":21},{"not_picked":["Body Slam","Intimidate"],"picked":"Cleave","floor":24},{"not_picked":["Hemogenesis","Headbutt"],"picked":"Sentinel","floor":25},{"not_picked":["Headbutt","Evolve"],"picked":"Twin Strike+1","floor":26},{"not_picked":["Defy Death","Perfected Strike"],"picked":"Iron Wave","floor":30}],"player_experience":1693839,"relics_obtained":[{"floor":9,"key":"jedi:HeartOfTheCards"},{"floor":12,"key":"Pet Ghost"},{"floor":25,"key":"Lantern"},{"floor":28,"key":"infinitespire:PuzzleCube"},{"floor":30,"key":"halation:SwordOfLegend"},{"floor":31,"key":"Pen Nib"}],"event_choices":[{"damage_healed":0.0,"max_hp_gain":0.0,"max_hp_loss":7.0,"gold_gain":0.0,"event_name":"Menagerie:BigGameHunter","player_choice":"Take","floor":7.0,"gold_loss":0.0,"damage_taken":0.0,"relics_obtained":["Menagerie:HuntersKnife"]},{"damage_healed":0,"gold_gain":0,"player_choice":"Shield","damage_taken":0,"max_hp_gain":4,"max_hp_loss":0,"event_name":"Menagerie:HarrowingRitual","floor":15,"gold_loss":0}],"is_beta":false,"boss_relics":[{"not_picked":["Honey Jar","Runic Pyramid"],"picked":"hubris:VirtuousBlindfold"}],"items_purged_floors":[3],"is_endless":false,"potions_floor_spawned":[1,8,12,14,18,20,26,30],"killed_by":"Elementarium:FIRE_NOBILITY","ascension_level":17}}