{"host":"k5wd0jv1m6dz3iwi","time":1609924874,"event":{"mods":["Act Like it!","BaseMod","Better Vampires","Challenge The Spire","Custom Start","Hallownest","Highlight Path","HololiveMod","Minty Spire (QoL Compilation)","Rare Cards Sparkle","Relic Stats","Slay the Relics Exporter","StSLib","The Bug Knight","everything is the same but u backflip on backflip"],"gold_per_floor":[112,112,37,2,13,13,44,44,44,58,85,85,85,103,103,206,206,217,228,50,69,81,112,163,163,242,269,289,289,307,325,325,430,430,442,442,458,522,30,30,42,42,96,111,123,139,157,169,169,169],"floor_reached":51,"playtime":6059,"items_purged":["Writhe","HollowMod:NailStrikeStart"],"score":705,"play_id":"4f3ef5ae-501b-402c-b156-4bdce084213f","local_time":"20210106092114","is_ascension_mode":false,"campfire_choices":[{"data":"HollowMod:RecoilStrike","floor":6.0,"key":"SMITH"},{"floor":8.0,"key":"REST"},{"data":"HollowMod:InfectedAttack","floor":13.0,"key":"SMITH"},{"data":"HollowMod:MantisMark","floor":15.0,"key":"SMITH"},{"data":"HollowMod:HuntersJournal","floor":25.0,"key":"SMITH"},{"data":"HollowMod:InfectionAssault","floor":29.0,"key":"SMITH"},{"floor":32.0,"key":"REST"},{"floor":40.0,"key":"REST"},{"floor":42.0,"key":"REST"},{"floor":49.0,"key":"REST"}],"circlet_count":0,"master_deck":["HollowMod:NailStrikeStart","HollowMod:NailStrikeStart","HollowMod:NailStrikeStart","HollowMod:QuickDashStart","HollowMod:QuickDashStart","HollowMod:QuickDashStart","HollowMod:QuickDashStart","HollowMod:FocusHealStart","HollowMod:PogoStrike","HollowMod:InfectedAttack+1","HollowMod:RecoilStrike+1","HollowMod:InfectedCysts","HollowMod:MantisMark+1","HollowMod:GoodIntentions","HollowMod:CloakDash","HollowMod:AwokenDreamNail","HollowMod:DescendingDark","HollowMod:InfectionAssault+1","HollowMod:CornifersMapStart","HollowMod:FastStrike","HollowMod:HuntersJournal+1","HollowMod:InfectedAttack","HollowMod:Hiveblood","Apotheosis","HollowMod:GreatSlash","HollowMod:CrystalDash","HollowMod:PureNailStrike+1","HollowMod:SoulStrike+1","HollowMod:HeavyBlow+1"],"relics":["HollowMod:VesselMask","Oddly Smooth Stone","Gremlin Horn","HollowMod:MillibellesNoteRelic","Busted Crown","Mango","White Beast Statue","TungstenRod","Snecko Eye","FossilizedHelix","Orichalcum","Toy Ornithopter"],"acts_visited":["Exordium","Hallownest:Greenpath","Hallownest:CityofTears"],"potions_floor_usage":[50,50,50],"damage_taken":[{"damage":2.0,"enemies":"Hallownest:2_MossCreeps","floor":1.0,"turns":5.0},{"damage":0.0,"enemies":"Hallownest:2_Baldur","floor":5.0,"turns":4.0},{"damage":79.0,"enemies":"Hallownest:eliteVengeflyKing","floor":7.0,"turns":10.0},{"damage":4.0,"enemies":"Hallownest:monsterHuskGuard","floor":10.0,"turns":3.0},{"damage":32.0,"enemies":"Hallownest:eliteMossKnight","floor":11.0,"turns":9.0},{"damage":1.0,"enemies":"Hallownest:MossCreep_and_Mosskin","floor":14.0,"turns":4.0},{"damage":31.0,"enemies":"Hallownest:BossBrokenVessel","floor":16.0,"turns":10.0},{"damage":5.0,"enemies":"Hallownest:3_Youths","floor":18.0,"turns":5.0},{"damage":9.0,"enemies":"Hallownest:Flukemon_and_Top","floor":19.0,"turns":6.0},{"damage":14.0,"enemies":"Hallownest:Master_and_Novice","floor":21.0,"turns":4.0},{"damage":2.0,"enemies":"Hallownest:Warrior_and_Youth","floor":22.0,"turns":5.0},{"damage":40.0,"enemies":"Hallownest:eliteWatcherKnight","floor":23.0,"turns":10.0},{"damage":22.0,"enemies":"Hallownest:Glutton_and_Coward","floor":24.0,"turns":4.0},{"damage":25.0,"enemies":"Hallownest:Nosk","floor":27.0,"turns":7.0},{"damage":0.0,"enemies":"Hallownest:monsterShrumalOgre","floor":28.0,"turns":3.0},{"damage":19.0,"enemies":"Hallownest:monsterMisterMushroom","floor":30.0,"turns":5.0},{"damage":4.0,"enemies":"Hallownest:2_Husk_Sentries","floor":31.0,"turns":3.0},{"damage":60.0,"enemies":"Hallownest:BossSoulMaster","floor":33.0,"turns":7.0},{"damage":36.0,"enemies":"Hallownest:Shield_Heavy","floor":35.0,"turns":4.0},{"damage":30.0,"enemies":"Hallownest:3_Siblings","floor":37.0,"turns":7.0},{"damage":54.0,"enemies":"Hallownest:2_Primals","floor":38.0,"turns":3.0},{"damage":13.0,"enemies":"Hallownest:2_Wing_and_1_Kings","floor":41.0,"turns":10.0},{"damage":35.0,"enemies":"Hallownest:2_Wandering_and_1_Horned","floor":44.0,"turns":5.0},{"damage":37.0,"enemies":"Hallownest:Xero_Hu_Marmu","floor":45.0,"turns":12.0},{"damage":0.0,"enemies":"Hallownest:2_Soldiers_and_1_Guardian","floor":46.0,"turns":3.0},{"damage":20.0,"enemies":"Hallownest:Slobbering_and_Violent","floor":47.0,"turns":4.0},{"damage":32.0,"enemies":"Hallownest:monsterPrimalAspid","floor":48.0,"turns":4.0},{"damage":30,"enemies":"Hallownest:BossGreyPrinceZote","floor":50,"turns":9}],"seed_played":"-6222769142481566394","potions_obtained":[{"floor":7.0,"key":"Regen Potion"},{"floor":14.0,"key":"SteroidPotion"},{"floor":18.0,"key":"Swift Potion"},{"floor":19.0,"key":"DistilledChaos"},{"floor":22.0,"key":"DistilledChaos"},{"floor":23.0,"key":"Ancient Potion"},{"floor":27.0,"key":"Swift Potion"},{"floor":28.0,"key":"AttackPotion"},{"floor":30.0,"key":"EssenceOfSteel"},{"floor":31.0,"key":"CultistPotion"},{"floor":33.0,"key":"Energy Potion"},{"floor":35.0,"key":"DuplicationPotion"},{"floor":37.0,"key":"Ancient Potion"},{"floor":38.0,"key":"Ancient Potion"},{"floor":41.0,"key":"AttackPotion"},{"floor":44.0,"key":"Swift Potion"},{"floor":45.0,"key":"Regen Potion"},{"floor":46.0,"key":"LiquidMemories"},{"floor":47.0,"key":"Explosive Potion"},{"floor":48.0,"key":"Swift Potion"}],"is_trial":false,"path_per_floor":["M","?","$","?","M","R","E","R","T","M","E","?","R","M","R","B",null,"M","M","$","M","M","E","M","R","T","E","M","R","M","M","R","B",null,"M","?","M","?","$","R","M","R","T","M","M","M","M","M","R","B",null],"character_chosen":"THE_BUGKNIGHT","items_purchased":["HollowMod:InfectionAssault","Apotheosis","HollowMod:GreatSlash","Orichalcum","HollowMod:CrystalDash"],"campfire_rested":5,"item_purchase_floors":[20,39,39,39,39],"current_hp_per_floor":[82,92,92,97,97,97,18,47,47,43,38,62,62,67,67,46,97,97,97,97,89,93,79,63,63,63,48,54,54,41,37,70,16,111,87,87,78,24,24,57,81,111,111,81,88,101,96,76,109,93],"gold":169,"neow_bonus":"TEN_PERCENT_HP_BONUS","is_daily":false,"chose_seed":false,"campfire_upgraded":5,"win_rate":0.0,"timestamp":1609924874,"path_taken":["M","?","$","?","M","R","E","R","T","M","E","?","R","?","R","BOSS","M","M","$","M","M","E","M","R","T","E","M","R","M","M","R","BOSS","M","?","M","?","$","R","M","R","T","M","M","?","M","M","R","BOSS"],"items_purchased_type":["Card","Card","Card","Relic","Card"],"build_version":"2020-12-22","purchased_purges":2,"victory":true,"max_hp_per_floor":[82,92,92,97,97,97,97,97,97,97,97,97,97,97,97,97,97,97,97,97,97,97,111,111,111,111,111,111,111,111,111,111,111,111,111,111,111,111,111,111,111,111,111,111,111,111,111,111,111,111],"relic_stats":{"Busted Crown":40,"Gremlin Horn":[33,33],"counters":[28,165],"Snecko Eye":[145,113,156,150],"Orichalcum":[96],"obtain_stats":[{"Busted Crown":17,"Gremlin Horn":9,"Oddly Smooth Stone":7,"Snecko Eye":34,"HollowMod:VesselMask":0,"Mango":23,"Orichalcum":39,"HollowMod:MillibellesNoteRelic":11,"White Beast Statue":26,"TungstenRod":27,"FossilizedHelix":38,"Toy Ornithopter":43},{"Busted Crown":7,"Gremlin Horn":3,"Oddly Smooth Stone":3,"Snecko Eye":18,"HollowMod:VesselMask":0,"Mango":12,"Orichalcum":21,"HollowMod:MillibellesNoteRelic":5,"White Beast Statue":13,"TungstenRod":14,"FossilizedHelix":21,"Toy Ornithopter":22},{"Busted Crown":45,"Gremlin Horn":19,"Oddly Smooth Stone":19,"Snecko Eye":104,"HollowMod:VesselMask":0,"Mango":75,"Orichalcum":118,"HollowMod:MillibellesNoteRelic":31,"White Beast Statue":79,"TungstenRod":86,"FossilizedHelix":118,"Toy Ornithopter":128}],"TungstenRod":82,"Toy Ornithopter":22},"card_choices":[{"not_picked":["HollowMod:SoulSplash","HollowMod:NewJinnsSoul"],"picked":"HollowMod:InfectedAttack","floor":1.0},{"not_picked":["HollowMod:GoodIntentions","HollowMod:NewGlowingWomb"],"picked":"HollowMod:RecoilStrike","floor":5.0},{"not_picked":["HollowMod:DescendingDark","HollowMod:SoulStrike"],"picked":"HollowMod:InfectedCysts","floor":7.0},{"not_picked":["HollowMod:SiblingsShadow","HollowMod:InfectedAttack"],"picked":"HollowMod:MantisMark","floor":10.0},{"not_picked":["HollowMod:DescendingDark","HollowMod:Weaversong"],"picked":"HollowMod:GoodIntentions","floor":11.0},{"not_picked":["HollowMod:DreamGate","HollowMod:SoulSplash"],"picked":"HollowMod:CloakDash","floor":14.0},{"not_picked":["HollowMod:VoidDash","HollowMod:theNailsmith"],"picked":"HollowMod:AwokenDreamNail","floor":16.0},{"not_picked":["HollowMod:InfectedAttack"],"picked":"SKIP","floor":18.0},{"not_picked":[],"picked":"HollowMod:DescendingDark","floor":19.0},{"not_picked":["HollowMod:LifebloodCocoon"],"picked":"SKIP","floor":21.0},{"not_picked":[],"picked":"HollowMod:CornifersMapStart","floor":22.0},{"not_picked":[],"picked":"HollowMod:FastStrike","floor":23.0},{"not_picked":[],"picked":"HollowMod:HuntersJournal","floor":24.0},{"not_picked":["HollowMod:ShadowDash"],"picked":"SKIP","floor":27.0},{"not_picked":["HollowMod:CornifersMapStart"],"picked":"SKIP","floor":28.0},{"not_picked":["HollowMod:WraithStrike+1"],"picked":"SKIP","floor":30.0},{"not_picked":[],"picked":"HollowMod:InfectedAttack","floor":31.0},{"not_picked":[],"picked":"HollowMod:Hiveblood","floor":33.0},{"not_picked":["HollowMod:SiblingsShadow+1"],"picked":"SKIP","floor":35.0},{"not_picked":["HollowMod:ChannelNail"],"picked":"SKIP","floor":37.0},{"not_picked":[],"picked":"HollowMod:PureNailStrike+1","floor":41.0},{"not_picked":["HollowMod:ChannelNail+1"],"picked":"SKIP","floor":44.0},{"not_picked":[],"picked":"HollowMod:SoulStrike+1","floor":45.0},{"not_picked":["HollowMod:VengefulVoid"],"picked":"SKIP","floor":46.0},{"not_picked":[],"picked":"HollowMod:HeavyBlow+1","floor":47.0},{"not_picked":["HollowMod:DescendingDark"],"picked":"SKIP","floor":48.0}],"player_experience":1261019,"relics_obtained":[{"floor":7.0,"key":"Oddly Smooth Stone"},{"floor":9.0,"key":"Gremlin Horn"},{"floor":11.0,"key":"HollowMod:MillibellesNoteRelic"},{"floor":23.0,"key":"Mango"},{"floor":26.0,"key":"White Beast Statue"},{"floor":27.0,"key":"TungstenRod"},{"floor":38.0,"key":"FossilizedHelix"},{"floor":43.0,"key":"Toy Ornithopter"}],"event_choices":[],"is_beta":false,"boss_relics":[{"not_picked":["SacredBark","Pandora\u0027s Box"],"picked":"Busted Crown"},{"not_picked":["Hololive_TopUpMoneyS","Tiny House"],"picked":"Snecko Eye"}],"items_purged_floors":[3,20],"is_endless":false,"potions_floor_spawned":[7,14,18,19,22,23,27,28,30,31,33,35,37,38,41,44,45,46,47,48],"ascension_level":0}}