{"host":"z9grmtg2w0nmz8n1","time":1609946391,"event":{"mods":["Aspiration","Bard","BaseMod","Beaked The Cultist","Better Altar","Better Match","Better Note","Better Sensory Stone","Better Skull","Better Third Choice","BetterRewards","CCEM","Colored Map","Conspire","Downfall","GifTheSpireLib","Googly Eyes","Halation","Hermit","Highlight Path","Hubris","Hunter ??","Jedi Mod","Jorbs\u0027s Wanderer Trilogy","Mad Scientist","Marisa????????","Minty Spire (QoL Compilation)","Permanent Neow","Replay The Spire","Shade Mod","Shop Mod","Spicy Shops","StSLib","Stuff the Spire","The Bug Knight","The Construct","The Necromancer","The Runesmith","The Witch"],"gold_per_floor":[113,113,2,19,31,63,63,78,131,131,166,184,203,203,203,306,306,323,323,323,323],"floor_reached":20,"playtime":1187,"items_purged":[],"score":193,"play_id":"601c957d-3910-461a-8c90-f54b33887ac7","local_time":"20210106131951","is_ascension_mode":true,"campfire_choices":[{"floor":10,"key":"RECALL"},{"floor":15,"key":"REST"}],"circlet_count":0,"master_deck":["Strike_B","Strike_B","Strike_B","Defend_B","Defend_B","Defend_B","Defend_B","Zap","Dualcast","Cold Snap+1","Defragment","Blizzard","ReplayTheSpireMod:Calculation Training","Cold Snap","Streamline","Ball Lightning","Thunder Strike"],"relics":["Cracked Core","CCEMRelics:Icicle","jedi:purplefairy","Replay:Grab Bag","Replay:Bronze Core","Sozu","construct:WeddingRing"],"acts_visited":["Exordium","TheCity"],"potions_floor_usage":[6,16],"damage_taken":[{"damage":9,"enemies":"Jaw Worm","floor":1,"turns":3},{"damage":0,"enemies":"2 Louse","floor":4,"turns":3},{"damage":0,"enemies":"Cultist","floor":5,"turns":3},{"damage":15,"enemies":"Gremlin Nob","floor":6,"turns":4},{"damage":2,"enemies":"2 Fungi Beasts","floor":8,"turns":4},{"damage":21,"enemies":"Lagavulin","floor":11,"turns":6},{"damage":15,"enemies":"Exordium Wildlife","floor":12,"turns":5},{"damage":2,"enemies":"Large Slime","floor":13,"turns":5},{"damage":20,"enemies":"The Guardian","floor":16,"turns":11},{"damage":2,"enemies":"Shell Parasite","floor":18,"turns":4}],"seed_played":"2210574701482646740","potions_obtained":[{"floor":4,"key":"Block Potion"},{"floor":8,"key":"jedi:wingpotion"},{"floor":12,"key":"EssenceOfSteel"},{"floor":13,"key":"FearPotion"},{"floor":16,"key":"LiquidBronze"}],"is_trial":false,"path_per_floor":["M","?","$","M","M","E","?","M","T","R","E","M","M","?","R","B",null,"M","?","?"],"character_chosen":"DEFECT","items_purchased":["Blizzard"],"campfire_rested":1,"item_purchase_floors":[3],"current_hp_per_floor":[66,66,66,66,66,51,51,49,49,49,28,13,11,4,26,6,75,73,73,0,0],"gold":323,"neow_bonus":"THREE_CARDS","is_daily":false,"chose_seed":false,"campfire_upgraded":0,"win_rate":0.0,"timestamp":1609946391,"path_taken":["M","?","$","M","M","E","?","?","T","R","E","M","M","?","R","BOSS","M","?","?"],"items_purchased_type":["Card"],"build_version":"2020-12-22","purchased_purges":0,"victory":false,"max_hp_per_floor":[75,75,75,75,75,75,75,75,75,75,75,75,75,75,75,75,75,75,75,75,75],"card_choices":[{"not_picked":["Steam","StuffTheSpire:LoadUp"],"picked":"Cold Snap","floor":0},{"not_picked":["Compile Driver","Hologram"],"picked":"Defragment","floor":1},{"not_picked":["jedi:locknload","Streamline"],"picked":"ReplayTheSpireMod:Calculation Training","floor":4},{"not_picked":["Ball Lightning","Compile Driver"],"picked":"Cold Snap","floor":5},{"not_picked":["BasicCrystalCard","StuffTheSpire:Plugnplay","conspire:SharedLibrary"],"picked":"SKIP","floor":6},{"not_picked":["Ball Lightning","jedi:blockon"],"picked":"Streamline","floor":8},{"not_picked":["hubris:SpecializedCircuitry","jedi:BurstLightning","StuffTheSpire:LoadUp"],"picked":"SKIP","floor":11},{"not_picked":["Double Energy","Beam Cell"],"picked":"Ball Lightning","floor":12},{"not_picked":["StuffTheSpire:ForEach","Steam Power","Beam Cell"],"picked":"SKIP","floor":13},{"not_picked":["Core Surge","Seek"],"picked":"Thunder Strike","floor":16},{"not_picked":["Static Discharge","jedi:BurstFrost+1","ReplayTheSpireMod:GoodbyeWorld+1"],"picked":"SKIP","floor":18}],"player_experience":797341,"relics_obtained":[{"floor":6,"key":"CCEMRelics:Icicle"},{"floor":11,"key":"jedi:purplefairy"}],"event_choices":[{"damage_healed":0,"gold_gain":0,"player_choice":"Leave","damage_taken":0,"max_hp_gain":0,"max_hp_loss":0,"event_name":"conspire:Investor","floor":2,"gold_loss":0},{"damage_healed":0,"gold_gain":0,"player_choice":"Bought 0 Potions","damage_taken":0,"max_hp_gain":0,"max_hp_loss":0,"event_name":"The Woman in Blue","floor":7,"gold_loss":0},{"cards_removed":["Strike_B"],"damage_healed":0,"gold_gain":0,"player_choice":"Card Removal","damage_taken":7,"max_hp_gain":0,"max_hp_loss":0,"event_name":"Golden Wing","floor":14,"gold_loss":0},{"damage_healed":0,"gold_gain":0,"player_choice":"Upgraded","damage_taken":0,"max_hp_gain":0,"max_hp_loss":0,"event_name":"Upgrade Shrine","floor":19,"gold_loss":0,"cards_upgraded":["Cold Snap"]}],"is_beta":false,"boss_relics":[{"not_picked":["conspire:SlowCooker","aspiration:RunicSpoon"],"picked":"Replay:Grab Bag"},{"not_picked":["CCEMRelics:GreenEgg","Philosopher\u0027s Stone"],"picked":"Replay:Bronze Core"},{"not_picked":["Runesmith:UraniumAnvil","halation:SmartPhone"],"picked":"Sozu"},{"not_picked":["Astrolabe","halation:Risk"],"picked":"construct:WeddingRing"}],"items_purged_floors":[],"is_endless":false,"potions_floor_spawned":[4,8,12,13,16],"ascension_level":1}}