{"host":"w3x3n9s6mrz4xpf0","time":1609918018,"event":{"mods":["BaseMod","Minty Spire (QoL Compilation)","StSLib","SuperFastMode"],"gold_per_floor":[113,128,203,221,221,253,253,278,278,291,291,310,310,328,328,402,402,414,444,494,494,132,132,162,162,162,162,162,197,197,25,25,104,104,118,172,184,184,184],"floor_reached":38,"playtime":1575,"items_purged":[],"score":842,"play_id":"445dfef9-8df3-46ba-b31a-5efdd9780bb4","local_time":"20210106162658","is_ascension_mode":true,"campfire_choices":[{"floor":7.0,"key":"REST"},{"floor":11.0,"key":"REST"},{"data":"Catalyst","floor":13.0,"key":"SMITH"},{"data":"Phantasmal Killer","floor":15.0,"key":"SMITH"},{"floor":23.0,"key":"REST"},{"data":"Tactician","floor":25.0,"key":"SMITH"},{"data":"Tactician","floor":27.0,"key":"SMITH"},{"data":"Well Laid Plans","floor":30.0,"key":"SMITH"},{"data":"Cloak And Dagger","floor":32.0,"key":"SMITH"}],"circlet_count":0,"master_deck":["AscendersBane","Survivor","Neutralize","Footwork","All Out Attack","Dodge and Roll","Phantasmal Killer+1","Dagger Throw","Bouncing Flask","Catalyst+1","Acrobatics","Bane","Backflip","Corpse Explosion","Die Die Die","Cloak And Dagger+1","Terror+1","Cloak And Dagger","Tactician+1","Escape Plan","Endless Agony","Tactician+1","Blade Dance+1","Well Laid Plans+1","Blur","Accuracy","Acrobatics+1","Ghostly+1","Ghostly+1","Ghostly+1","Backflip+1","Envenom"],"relics":["Cursed Key","WingedGreaves","Prayer Wheel","Pandora\u0027s Box","Red Mask","Ornamental Fan","Toxic Egg 2","Pear","War Paint","WristBlade","Torii"],"acts_visited":["TheCity","TheBeyond"],"potions_floor_usage":[],"damage_taken":[{"damage":5.0,"enemies":"2 Louse","floor":1.0,"turns":3.0},{"damage":3.0,"enemies":"Jaw Worm","floor":2.0,"turns":5.0},{"damage":2.0,"enemies":"Small Slimes","floor":4.0,"turns":4.0},{"damage":31.0,"enemies":"3 Sentries","floor":6.0,"turns":11.0},{"damage":7.0,"enemies":"Lagavulin","floor":8.0,"turns":6.0},{"damage":6.0,"enemies":"3 Louse","floor":10.0,"turns":3.0},{"damage":6.0,"enemies":"Blue Slaver","floor":12.0,"turns":4.0},{"damage":0.0,"enemies":"2 Fungi Beasts","floor":14.0,"turns":4.0},{"damage":8.0,"enemies":"The Guardian","floor":16.0,"turns":9.0},{"damage":14.0,"enemies":"Spheric Guardian","floor":18.0,"turns":5.0},{"damage":31.0,"enemies":"Masked Bandits","floor":19.0,"turns":4.0},{"damage":7.0,"enemies":"Gremlin Leader","floor":24.0,"turns":7.0},{"damage":2.0,"enemies":"Book of Stabbing","floor":29.0,"turns":4.0},{"damage":4.0,"enemies":"Champ","floor":33.0,"turns":7.0},{"damage":0.0,"enemies":"3 Shapes","floor":35.0,"turns":3.0},{"damage":0.0,"enemies":"2 Orb Walkers","floor":36.0,"turns":4.0},{"damage":23.0,"enemies":"3 Darklings","floor":37.0,"turns":5.0},{"damage":22,"enemies":"Sphere and 2 Shapes","floor":38,"turns":4}],"seed_played":"1085736948325980276","potions_obtained":[{"floor":1.0,"key":"Poison Potion"},{"floor":6.0,"key":"SkillPotion"},{"floor":8.0,"key":"CunningPotion"},{"floor":12.0,"key":"SpeedPotion"},{"floor":14.0,"key":"ColorlessPotion"},{"floor":18.0,"key":"CunningPotion"},{"floor":24.0,"key":"Strength Potion"}],"is_trial":false,"path_per_floor":["M","M","?","M","T","E","R","E","T","M","R","M","R","M","R","B",null,"M","?","?","?","$","R","E","R","T","R","?","E","R","$","R","B",null,"M","?","M","M"],"character_chosen":"THE_SILENT","items_purchased":["Ornamental Fan","Accuracy","War Paint"],"campfire_rested":3,"item_purchase_floors":[22,22,31],"current_hp_per_floor":[54,51,40,38,38,7,26,19,19,13,32,26,26,26,26,18,54,40,9,9,9,9,28,21,21,21,21,21,29,29,29,29,25,39,39,39,16,0,0],"gold":184,"neow_bonus":"BOSS_RELIC","is_daily":false,"chose_seed":false,"campfire_upgraded":6,"win_rate":0.0,"timestamp":1609918018,"path_taken":["M","M","?","M","?","E","R","E","T","M","R","M","R","M","R","BOSS","M","?","?","?","?","R","E","R","T","R","?","E","R","$","R","BOSS","M","?","M","M"],"items_purchased_type":["Relic","Card","Relic"],"build_version":"2020-12-22","purchased_purges":0,"victory":false,"max_hp_per_floor":[66,66,66,66,66,66,66,66,66,66,66,66,66,66,66,66,66,66,66,66,66,66,66,66,66,66,66,33,43,43,43,43,43,43,43,43,43,43,43],"card_choices":[{"not_picked":["Choke","Deadly Poison"],"picked":"Footwork","floor":1.0},{"not_picked":["Escape Plan","Caltrops"],"picked":"All Out Attack","floor":2.0},{"not_picked":["Bane","Leg Sweep"],"picked":"Dodge and Roll","floor":4.0},{"not_picked":["Outmaneuver","Prepared"],"picked":"Phantasmal Killer","floor":6.0},{"not_picked":["Sucker Punch","Calculated Gamble"],"picked":"Dagger Throw","floor":8.0},{"not_picked":["Crippling Poison","Deadly Poison"],"picked":"Bouncing Flask","floor":10.0},{"not_picked":["Reflex","Bane"],"picked":"Catalyst","floor":10.0},{"not_picked":["Flying Knee","Bane"],"picked":"Acrobatics","floor":12.0},{"not_picked":["Deadly Poison","Blade Dance"],"picked":"Bane","floor":12.0},{"not_picked":["Dodge and Roll","Deflect"],"picked":"Backflip","floor":14.0},{"not_picked":["Bane","Prepared"],"picked":"Corpse Explosion","floor":14.0},{"not_picked":["A Thousand Cuts","Storm of Steel"],"picked":"Die Die Die","floor":16.0},{"not_picked":["Flechettes+1","PiercingWail","Prepared"],"picked":"SKIP","floor":18.0},{"not_picked":["Dagger Spray","Deflect","Noxious Fumes"],"picked":"SKIP","floor":18.0},{"not_picked":["Blade Dance+1","Terror+1"],"picked":"Acrobatics+1","floor":24.0},{"not_picked":["Cloak And Dagger+1","Prepared+1"],"picked":"Backflip+1","floor":29.0},{"not_picked":["Burst+1","Doppelganger+1"],"picked":"Envenom","floor":33.0},{"not_picked":["Heel Hook+1","Predator","Outmaneuver+1"],"picked":"SKIP","floor":35.0},{"not_picked":["Dagger Throw","Prepared+1","Quick Slash"],"picked":"SKIP","floor":35.0},{"not_picked":["Deadly Poison+1","Escape Plan+1","Backflip+1"],"picked":"SKIP","floor":37.0},{"not_picked":["Distraction+1","Dodge and Roll+1","Blade Dance+1"],"picked":"SKIP","floor":37.0}],"player_experience":105611,"relics_obtained":[{"floor":6.0,"key":"WingedGreaves"},{"floor":8.0,"key":"Prayer Wheel"},{"floor":19.0,"key":"Red Mask"},{"floor":24.0,"key":"Toxic Egg 2"},{"floor":29.0,"key":"Pear"},{"floor":36.0,"key":"Torii"}],"event_choices":[{"damage_healed":0.0,"max_hp_gain":0.0,"max_hp_loss":0.0,"gold_gain":75.0,"event_name":"World of Goop","player_choice":"Gather Gold","floor":3.0,"gold_loss":0.0,"damage_taken":11.0},{"damage_healed":0.0,"max_hp_gain":0.0,"max_hp_loss":0.0,"gold_gain":0.0,"event_name":"Masked Bandits","player_choice":"Fought Bandits","floor":19.0,"gold_loss":0.0,"damage_taken":0.0},{"damage_healed":0.0,"max_hp_gain":0.0,"max_hp_loss":0.0,"gold_gain":50.0,"event_name":"Nest","player_choice":"Stole From Cult","floor":20.0,"gold_loss":0.0,"damage_taken":0.0},{"damage_healed":0.0,"max_hp_gain":0.0,"max_hp_loss":0.0,"gold_gain":0.0,"event_name":"Vampires","player_choice":"Ignored","floor":21.0,"gold_loss":0.0,"damage_taken":0.0},{"damage_healed":0.0,"max_hp_gain":0.0,"max_hp_loss":33.0,"gold_gain":0.0,"event_name":"Ghosts","player_choice":"Became a Ghost","floor":28.0,"gold_loss":0.0,"damage_taken":0.0,"cards_obtained":["Ghostly","Ghostly","Ghostly"]},{"damage_healed":0.0,"max_hp_gain":0.0,"max_hp_loss":0.0,"gold_gain":0.0,"event_name":"Mysterious Sphere","player_choice":"Fight","floor":36.0,"gold_loss":0.0,"damage_taken":0.0}],"is_beta":false,"boss_relics":[{"not_picked":["Fusion Hammer","Calling Bell"],"picked":"Pandora\u0027s Box"},{"not_picked":["Astrolabe","Tiny House"],"picked":"WristBlade"}],"items_purged_floors":[],"is_endless":false,"potions_floor_spawned":[1,6,8,12,14,18,24],"killed_by":"Sphere and 2 Shapes","ascension_level":18}}