{"host":"wna8kqr6yweggo4i","time":1609925571,"event":{"mods":["BaseMod","Colored Powertips","Hubris","Marisa????????","Minty Spire (QoL Compilation)","StSLib"],"gold_per_floor":[109,126,126,140,215,215,247,247,318,318,21,21,38,68,68,164,164,184,283,294,311,325,325,325,341,341,359,359,376,386,403,403,505,505,517,517,537,89,89,89,0,32,108,108,108,126,126,126,126,126,126],"floor_reached":50,"playtime":2001,"items_purged":[],"score":482,"play_id":"412a4e5e-db1a-47bd-b901-5e744e01690b","local_time":"20210106033251","is_ascension_mode":false,"campfire_choices":[{"data":"MasterSpark","floor":6,"key":"SMITH"},{"floor":8,"key":"REST"},{"floor":12,"key":"REST"},{"floor":15,"key":"REST"},{"floor":23,"key":"REST"},{"floor":28,"key":"REST"},{"floor":32,"key":"REST"},{"floor":40,"key":"REST"},{"data":"EnergyFlow","floor":45,"key":"SMITH"},{"floor":47,"key":"RECALL"},{"floor":49,"key":"REST"}],"circlet_count":0,"master_deck":["Strike_MRS","Strike_MRS+1","Strike_MRS","Strike_MRS","Defend_MRS","Defend_MRS","Defend_MRS","Defend_MRS","MasterSpark+1","UpSweep","DC+1","NonDirectionalLaser","hubris:NaturalOne","SprinkleStarSeal","EnergyFlow+1","JA","DoubleSpark+1","EarthLightRay+1","GrandCross","MysteriousBeam+1","WitchLeyline","GasGiant+1","AsteroidBelt","ShootingEcho","MillisecondPulsars+1","GasGiant+1","6A+1","ShootingEcho+1","Parasite","Writhe"],"relics":["MiniHakkero","hubris:Icosahedron","Anchor","The Courier","Lizard Tail","Bag of Marbles","Philosopher\u0027s Stone","Nilry\u0027s Codex","Art of War","Gremlin Horn","Membership Card","Whetstone","Strawberry","Letter Opener","Juzu Bracelet","Blood Vial","Red Mask","hubris:MysteriousPyramids","Mercury Hourglass"],"acts_visited":["Exordium","TheCity","TheBeyond"],"potions_floor_usage":[1,7,16,33,33,33,42,42,50],"damage_taken":[{"damage":0,"enemies":"Small Slimes","floor":1,"turns":3},{"damage":0,"enemies":"2 Louse","floor":2,"turns":2},{"damage":1,"enemies":"Cultist","floor":4,"turns":3},{"damage":26,"enemies":"3 Sentries","floor":7,"turns":7},{"damage":0,"enemies":"2 Fungi Beasts","floor":13,"turns":3},{"damage":20,"enemies":"Gremlin Nob","floor":14,"turns":4},{"damage":53,"enemies":"Hexaghost","floor":16,"turns":9},{"damage":12,"enemies":"2 Thieves","floor":18,"turns":3},{"damage":2,"enemies":"3 Byrds","floor":20,"turns":4},{"damage":12,"enemies":"Centurion and Healer","floor":21,"turns":5},{"damage":22,"enemies":"Snecko","floor":22,"turns":4},{"damage":20,"enemies":"Snake Plant","floor":25,"turns":3},{"damage":15,"enemies":"Shelled Parasite and Fungi","floor":27,"turns":3},{"damage":16,"enemies":"Cultist and Chosen","floor":29,"turns":5},{"damage":9,"enemies":"Snake Plant","floor":30,"turns":2},{"damage":7,"enemies":"Centurion and Healer","floor":31,"turns":6},{"damage":48,"enemies":"hubris:MusketHawk","floor":33,"turns":8},{"damage":15,"enemies":"Orb Walker","floor":35,"turns":4},{"damage":2,"enemies":"3 Shapes","floor":37,"turns":3},{"damage":57,"enemies":"Reptomancer","floor":42,"turns":3},{"damage":28,"enemies":"Writhing Mass","floor":46,"turns":7},{"damage":80,"enemies":"Donu and Deca","floor":50,"turns":7}],"seed_played":"6804936752957175101","potions_obtained":[{"floor":0,"key":"Block Potion"},{"floor":0,"key":"Weak Potion"},{"floor":0,"key":"BlessingOfTheForge"},{"floor":1,"key":"DuplicationPotion"},{"floor":13,"key":"SkillPotion"},{"floor":21,"key":"Explosive Potion"},{"floor":22,"key":"LiquidBronze"},{"floor":33,"key":"EssenceOfSteel"},{"floor":37,"key":"ShroomBrew"},{"floor":42,"key":"GamblersBrew"}],"is_trial":false,"path_per_floor":["M","M","?","M","?","R","E","R","T","?","$","R","M","E","R","B",null,"M","?","M","M","M","R","?","M","T","M","R","M","M","M","R","B",null,"M","T","M","$","?","R","?","E","T","?","R","M","R","?","R","B"],"character_chosen":"MARISA","items_purchased":["Lizard Tail","SprinkleStarSeal","Membership Card","Whetstone","Strawberry","Letter Opener","Juzu Bracelet","Blood Vial"],"campfire_rested":8,"item_purchase_floors":[11,11,38,38,38,38,38,38],"current_hp_per_floor":[75,75,75,74,63,63,37,59,59,59,59,75,75,55,75,22,75,63,63,61,55,39,61,45,25,25,16,38,28,19,18,40,35,75,60,60,58,65,65,82,82,31,31,72,72,44,44,62,72,0,0],"gold":126,"neow_bonus":"THREE_SMALL_POTIONS","is_daily":false,"chose_seed":false,"campfire_upgraded":2,"win_rate":0.0,"timestamp":1609925571,"path_taken":["M","M","?","M","?","R","E","R","T","?","$","R","?","E","R","BOSS","M","?","M","M","M","R","?","M","T","?","R","M","M","M","R","BOSS","M","?","M","$","?","R","?","E","T","?","R","M","R","?","R","BOSS"],"items_purchased_type":["Relic","Card","Relic","Relic","Relic","Relic","Relic","Relic"],"build_version":"2020-12-22","purchased_purges":0,"victory":false,"max_hp_per_floor":[75,75,75,75,75,75,75,75,75,75,75,75,75,75,75,75,75,75,75,75,75,75,75,75,75,75,75,75,75,75,75,75,75,75,75,75,75,82,82,82,82,82,82,72,72,72,72,72,72,72,72],"card_choices":[{"not_picked":["StarlightTyphoon","ShootingEcho"],"picked":"DC","floor":1},{"not_picked":["PropBag","EnergyFlow"],"picked":"NonDirectionalLaser","floor":2},{"not_picked":["MagicChant","DragonMeteor","GravityBeat"],"picked":"SKIP","floor":4},{"not_picked":["StarlightTyphoon","GravityBeat","OpenUniverse"],"picked":"SKIP","floor":7},{"not_picked":["WitchOfGreed","EventHorizon","ShootingEcho"],"picked":"SKIP","floor":13},{"not_picked":["MillisecondPulsars","ChargingUp"],"picked":"EnergyFlow","floor":14},{"not_picked":["TreasureHunter","EscapeVelocity"],"picked":"JA","floor":16},{"not_picked":["NonDirectionalLaser","Acceleration"],"picked":"DoubleSpark","floor":18},{"not_picked":["SporeBomb","6A+1"],"picked":"EarthLightRay+1","floor":20},{"not_picked":["Acceleration","MysteriousBeam"],"picked":"GrandCross","floor":21},{"not_picked":["GrandCross","6A+1"],"picked":"MysteriousBeam+1","floor":22},{"not_picked":["BlazingStar","GrandCross"],"picked":"WitchLeyline","floor":25},{"not_picked":["MysteriousBeam","IllusionStar"],"picked":"GasGiant+1","floor":27},{"not_picked":["DC","OneTimeOff","GrandCross"],"picked":"SKIP","floor":29},{"not_picked":["OrrerysSun","OneTimeOff"],"picked":"AsteroidBelt","floor":30},{"not_picked":["GravityBeat","SuperPerseids"],"picked":"ShootingEcho","floor":31},{"not_picked":["TreasureHunter","AbsoluteMagnitude"],"picked":"MillisecondPulsars","floor":33},{"not_picked":["GravityBeat","IllusionStar"],"picked":"GasGiant+1","floor":35},{"not_picked":["UnstableBomb","PowerUp"],"picked":"6A+1","floor":37},{"not_picked":["ShootTheMoon+1","GasGiant"],"picked":"ShootingEcho+1","floor":42},{"not_picked":["EarthLightRay","ManaConvection","LuminesStrike"],"picked":"SKIP","floor":46}],"player_experience":389412,"relics_obtained":[{"floor":7,"key":"Anchor"},{"floor":9,"key":"The Courier"},{"floor":14,"key":"Bag of Marbles"},{"floor":24,"key":"Nilry\u0027s Codex"},{"floor":26,"key":"Art of War"},{"floor":36,"key":"Gremlin Horn"},{"floor":42,"key":"hubris:MysteriousPyramids"}],"event_choices":[{"damage_healed":0,"gold_gain":75,"player_choice":"Gather Gold","damage_taken":11,"max_hp_gain":0,"max_hp_loss":0,"event_name":"World of Goop","floor":5,"gold_loss":0},{"damage_healed":0,"gold_gain":0,"player_choice":"Upgraded","damage_taken":0,"max_hp_gain":0,"max_hp_loss":0,"event_name":"Upgrade Shrine","floor":10,"gold_loss":0,"cards_upgraded":["DC"]},{"damage_healed":0,"gold_gain":99,"player_choice":"Stole From Cult","damage_taken":0,"max_hp_gain":0,"max_hp_loss":0,"event_name":"Nest","floor":19,"gold_loss":0},{"damage_healed":0,"gold_gain":0,"player_choice":"Obtained Book","damage_taken":16,"max_hp_gain":0,"max_hp_loss":0,"event_name":"Cursed Tome","floor":24,"gold_loss":0},{"damage_healed":0,"gold_gain":0,"player_choice":"Paid","damage_taken":0,"relics_obtained":["Red Mask"],"max_hp_gain":0,"max_hp_loss":0,"event_name":"Tomb of Lord Red Mask","floor":41,"gold_loss":89},{"damage_healed":72,"gold_gain":0,"player_choice":"Heal","damage_taken":0,"max_hp_gain":0,"max_hp_loss":10,"event_name":"The Moai Head","floor":44,"gold_loss":0},{"damage_healed":18,"gold_gain":0,"player_choice":"Writhe","damage_taken":0,"max_hp_gain":0,"max_hp_loss":0,"event_name":"Winding Halls","floor":48,"gold_loss":0,"cards_obtained":["Writhe"]}],"is_beta":false,"boss_relics":[{"not_picked":["SlaversCollar","Tiny House"],"picked":"Philosopher\u0027s Stone"},{"not_picked":["Runic Dome","hubris:BlackHole","hubris:TerracottaHorce"]}],"items_purged_floors":[],"is_endless":false,"potions_floor_spawned":[1,4,13,16,21,22,27,31,33,37,42],"killed_by":"Donu and Deca","ascension_level":0}}