{"host":"91blwi3hgehj6ch9","time":1609933697,"event":{"mods":["2.2 Compatiblity","AchievementEnabler","BaseMod","Colored Map","DeckTracker","Keyboard Shortcuts","Minty Spire (QoL Compilation)","Permanent Neow","Quick Restart","StSLib","SuperFastMode"],"gold_per_floor":[109,127,52,70,86,118,118,148,148,160,9,9,309,337,337,440,440,454,474,487,500,510,510,541,262,262,177,177,177,188,199,199,295,295,315,315,315,326,344,370,370,223,249,298,153,173,208,222,222,222,222],"floor_reached":50,"playtime":2221,"items_purged":["Defend_R","Bash","Defend_R"],"score":724,"play_id":"8b382f88-e721-4db3-aa09-53a6c26a7b77","local_time":"20210106204817","is_ascension_mode":true,"campfire_choices":[{"data":"Power Through","floor":7.0,"key":"SMITH"},{"data":"Body Slam","floor":12.0,"key":"SMITH"},{"data":"Perfected Strike","floor":15.0,"key":"SMITH"},{"data":"Warcry","floor":23.0,"key":"SMITH"},{"data":"Warcry","floor":29.0,"key":"SMITH"},{"data":"Perfected Strike","floor":32.0,"key":"SMITH"},{"data":"Barricade","floor":41,"key":"SMITH"},{"floor":49,"key":"REST"}],"circlet_count":0,"master_deck":["Strike_R","Strike_R+1","Strike_R","Strike_R","Strike_R+1","Defend_R","Defend_R","Perfected Strike+1","Wild Strike","Power Through+1","Second Wind","Impervious","Ghostly Armor","Body Slam+1","Perfected Strike+1","Ghostly Armor","Double Tap","Feel No Pain","Wild Strike+1","Warcry+1","Warcry+1","Offering","Flame Barrier+1","Perfected Strike","Barricade+1","True Grit","Warcry","Perfected Strike","Fire Breathing","Shrug It Off","Offering","Warcry+1","Entrench","Perfected Strike+1"],"relics":["Burning Blood","Whetstone","Red Skull","Shuriken","Letter Opener","Old Coin","Eternal Feather","Mark of Pain","Boot","Singing Bowl","StrikeDummy","Gambling Chip","Black Star","Turnip","MealTicket","Nunchaku","Mango","Molten Egg 2","Centennial Puzzle"],"acts_visited":["Exordium","TheCity","TheBeyond"],"potions_floor_usage":[50,50],"damage_taken":[{"damage":1.0,"enemies":"Cultist","floor":1.0,"turns":3.0},{"damage":8.0,"enemies":"Jaw Worm","floor":2.0,"turns":3.0},{"damage":0.0,"enemies":"Small Slimes","floor":4.0,"turns":2.0},{"damage":9.0,"enemies":"3 Louse","floor":5.0,"turns":3.0},{"damage":20.0,"enemies":"Gremlin Nob","floor":6.0,"turns":4.0},{"damage":0.0,"enemies":"Lagavulin","floor":8.0,"turns":7.0},{"damage":1.0,"enemies":"Large Slime","floor":10.0,"turns":4.0},{"damage":18.0,"enemies":"3 Sentries","floor":14.0,"turns":6.0},{"damage":55.0,"enemies":"Hexaghost","floor":16.0,"turns":9.0},{"damage":5.0,"enemies":"Chosen","floor":18.0,"turns":4.0},{"damage":17.0,"enemies":"3 Byrds","floor":19.0,"turns":5.0},{"damage":2.0,"enemies":"Centurion and Healer","floor":20.0,"turns":7.0},{"damage":39.0,"enemies":"Snecko","floor":21.0,"turns":6.0},{"damage":21.0,"enemies":"Snake Plant","floor":22.0,"turns":4.0},{"damage":0.0,"enemies":"Book of Stabbing","floor":24.0,"turns":3.0},{"damage":6.0,"enemies":"Centurion and Healer","floor":30.0,"turns":4.0},{"damage":16.0,"enemies":"Shelled Parasite and Fungi","floor":31.0,"turns":3.0},{"damage":45,"enemies":"Automaton","floor":33,"turns":8},{"damage":13,"enemies":"Orb Walker","floor":35,"turns":3},{"damage":9,"enemies":"3 Shapes","floor":38,"turns":4},{"damage":13,"enemies":"Jaw Worm Horde","floor":39,"turns":5},{"damage":50,"enemies":"Nemesis","floor":40,"turns":8},{"damage":24,"enemies":"2 Orb Walkers","floor":44,"turns":4},{"damage":6,"enemies":"Maw","floor":46,"turns":8},{"damage":19,"enemies":"Reptomancer","floor":47,"turns":9},{"damage":24,"enemies":"Sphere and 2 Shapes","floor":48,"turns":4},{"damage":92,"enemies":"Awakened One","floor":50,"turns":10}],"seed_played":"6752592073818567843","potions_obtained":[{"floor":2.0,"key":"BlessingOfTheForge"},{"floor":5.0,"key":"FearPotion"},{"floor":6.0,"key":"Energy Potion"},{"floor":24.0,"key":"Weak Potion"},{"floor":30.0,"key":"Energy Potion"},{"floor":31.0,"key":"Fire Potion"}],"is_trial":false,"path_per_floor":["M","M","$","M","M","E","R","E","T","M","$","R","T","E","R","B",null,"M","M","M","M","M","R","E","$","T","?","T","R","M","M","R","B",null,"M","?","?","M","M","E","R","$","T","?","$","M","E","M","R","B"],"character_chosen":"IRONCLAD","items_purchased":["Perfected Strike","Offering","Perfected Strike","Fire Breathing","Shrug It Off","Offering"],"campfire_rested":1,"item_purchase_floors":[11,25,42,42,42,45],"current_hp_per_floor":[80,78,78,80,77,63,63,69,69,74,74,74,74,62,71,22,80,80,69,73,40,25,37,43,43,43,43,43,55,55,45,57,18,80,73,73,80,77,72,30,45,60,60,58,73,73,60,42,90,0,0],"gold":222,"neow_bonus":"RANDOM_COMMON_RELIC","is_daily":false,"chose_seed":false,"campfire_upgraded":7,"win_rate":0.0,"timestamp":1609933697,"path_taken":["M","?","$","M","M","E","R","E","T","M","$","R","?","E","R","BOSS","M","M","M","M","M","R","E","$","T","?","?","R","M","M","R","BOSS","M","?","?","M","?","E","R","?","T","?","$","M","E","M","R","BOSS"],"items_purchased_type":["Card","Card","Card","Card","Card","Card"],"build_version":"2020-12-22","purchased_purges":3,"victory":false,"max_hp_per_floor":[80,80,80,80,80,80,80,80,80,80,80,80,80,80,80,80,80,80,80,80,80,80,80,80,80,80,80,80,80,80,80,80,80,80,80,80,80,80,82,84,84,84,84,100,100,100,100,100,100,100,100],"card_choices":[{"not_picked":["True Grit","Headbutt"],"picked":"Perfected Strike","floor":1.0},{"not_picked":["Shrug It Off","Havoc"],"picked":"Wild Strike","floor":2.0},{"not_picked":["Cleave","Warcry"],"picked":"Power Through","floor":4.0},{"not_picked":["Thunderclap","Clash"],"picked":"Second Wind","floor":5.0},{"not_picked":["Carnage","Intimidate"],"picked":"Impervious","floor":6.0},{"not_picked":["Heavy Blade","Flex"],"picked":"Ghostly Armor","floor":8.0},{"not_picked":["Pommel Strike","Evolve"],"picked":"Body Slam","floor":10.0},{"not_picked":["Heavy Blade","Anger"],"picked":"Ghostly Armor","floor":14.0},{"not_picked":["Bludgeon","Feed"],"picked":"Double Tap","floor":16.0},{"not_picked":["Thunderclap","Anger","Twin Strike"],"picked":"SKIP","floor":18.0},{"not_picked":["Dropkick","Thunderclap+1","Infernal Blade"],"picked":"SKIP","floor":19.0},{"not_picked":["Dropkick","Thunderclap+1","Infernal Blade"],"picked":"SKIP","floor":19.0},{"not_picked":["Iron Wave","Rampage"],"picked":"Feel No Pain","floor":20.0},{"not_picked":["Feel No Pain+1","Body Slam"],"picked":"Wild Strike+1","floor":21.0},{"not_picked":["Clash+1","Bloodletting+1"],"picked":"Warcry","floor":22.0},{"not_picked":["Inflame+1","Seeing Red+1"],"picked":"Warcry","floor":24.0},{"not_picked":["Feed","Sword Boomerang"],"picked":"Flame Barrier+1","floor":30.0},{"not_picked":["Thunderclap+1","Clash"],"picked":"Perfected Strike","floor":31.0},{"not_picked":["Berserk","Double Tap"],"picked":"Barricade","floor":33},{"not_picked":["Sword Boomerang","Body Slam"],"picked":"True Grit","floor":35},{"not_picked":["Rupture+1","Clothesline+1"],"picked":"Warcry","floor":38},{"not_picked":["Thunderclap+1","Iron Wave","Berserk"],"picked":"Singing Bowl","floor":39},{"not_picked":["Rampage+1","Thunderclap","Reaper"],"picked":"Singing Bowl","floor":40},{"not_picked":["Inflame","Carnage+1","Flex"],"picked":"Singing Bowl","floor":44},{"not_picked":["Cleave+1","Clash+1"],"picked":"Warcry+1","floor":46},{"not_picked":["Reckless Charge+1","Sword Boomerang+1"],"picked":"Entrench","floor":47},{"not_picked":["Carnage+1","Inflame+1"],"picked":"Perfected Strike+1","floor":48}],"player_experience":103138,"relics_obtained":[{"floor":6.0,"key":"Red Skull"},{"floor":8.0,"key":"Shuriken"},{"floor":9.0,"key":"Letter Opener"},{"floor":13.0,"key":"Old Coin"},{"floor":14.0,"key":"Eternal Feather"},{"floor":24.0,"key":"Boot"},{"floor":26.0,"key":"Singing Bowl"},{"floor":28.0,"key":"Gambling Chip"},{"floor":40,"key":"Turnip"},{"floor":40,"key":"MealTicket"},{"floor":43,"key":"Nunchaku"},{"floor":44,"key":"Mango"},{"floor":47,"key":"Molten Egg 2"},{"floor":47,"key":"Centennial Puzzle"}],"event_choices":[{"damage_healed":0.0,"max_hp_gain":0.0,"max_hp_loss":0.0,"gold_gain":0.0,"event_name":"Addict","player_choice":"Obtained Relic","floor":27.0,"gold_loss":85.0,"damage_taken":0.0,"relics_obtained":["StrikeDummy"]},{"damage_healed":0,"gold_gain":0,"player_choice":"Ignored","damage_taken":0,"max_hp_gain":0,"max_hp_loss":0,"event_name":"Tomb of Lord Red Mask","floor":36,"gold_loss":0},{"damage_healed":7,"gold_gain":0,"player_choice":"Full Heal","damage_taken":0,"max_hp_gain":0,"max_hp_loss":0,"event_name":"Wheel of Change","floor":37,"gold_loss":0},{"damage_healed":0,"gold_gain":0,"player_choice":"Fight","damage_taken":0,"max_hp_gain":0,"max_hp_loss":0,"event_name":"Mysterious Sphere","floor":44,"gold_loss":0}],"is_beta":false,"boss_relics":[{"not_picked":["Tiny House","SacredBark"],"picked":"Mark of Pain"},{"not_picked":["Pandora\u0027s Box","Velvet Choker"],"picked":"Black Star"}],"items_purged_floors":[3,11,25],"is_endless":false,"potions_floor_spawned":[2,5,6,16,18,20,24,30,31,38,39,44,48],"killed_by":"Awakened One","ascension_level":1}}