{"host":"jx3f6ezc0g3s9edc","time":1609894083,"event":{"mods":["AchievementEnabler","BaseMod","Bestiary","Colored Map","Highlight Path","Minty Spire (QoL Compilation)","StSLib"],"gold_per_floor":[114,114,125,19,37,37,37,66,66,85,10,10,36,57,57,166,202,229,229,229,255,265,302,331,331,356,281,306,306,332,367,367,474,474,493,502,502,264,273,273,286,286,318,351,351,373,373,400,400,400],"floor_reached":51,"playtime":5220,"items_purged":["Strike_P"],"score":707,"play_id":"9679084d-5d54-47cc-b249-735e943362a0","local_time":"20210105194803","is_ascension_mode":true,"campfire_choices":[{"data":"Adaptation","floor":6.0,"key":"SMITH"},{"data":"Halt","floor":12.0,"key":"SMITH"},{"floor":15.0,"key":"REST"},{"floor":25.0,"key":"REST"},{"data":"Worship","floor":29.0,"key":"SMITH"},{"floor":32.0,"key":"REST"},{"floor":40.0,"key":"REST"},{"data":"Apotheosis","floor":47,"key":"SMITH"},{"floor":49,"key":"REST"}],"circlet_count":0,"master_deck":["Eruption+1","Vigilance","JustLucky+1","Crescendo+1","CarveReality+1","Consecrate+1","CutThroughFate","EmptyFist","Adaptation+1","Wireheading","Halt+1","InnerPeace","DevaForm","Fasting2","Pray","Collect","Worship+1","Weave+1","BowlingBash","EmptyBody+1","ForeignInfluence+1","Vault","Vault","Protect+1","Apotheosis+1","Wallop+1","Clumsy","ThirdEye+1","Halt+1"],"relics":["Astrolabe","Bottled Tornado","White Beast Statue","CeramicFish","Pandora\u0027s Box","Whetstone","Anchor","Damaru","Singing Bowl","Cursed Key","TeardropLocket","PreservedInsect","Incense Burner"],"acts_visited":["Exordium","TheCity","TheBeyond"],"potions_floor_usage":[48,50],"damage_taken":[{"damage":1.0,"enemies":"Small Slimes","floor":1.0,"turns":3.0},{"damage":0.0,"enemies":"2 Louse","floor":3.0,"turns":1.0},{"damage":3.0,"enemies":"Jaw Worm","floor":5.0,"turns":2.0},{"damage":5.0,"enemies":"Lagavulin","floor":8.0,"turns":6.0},{"damage":3.0,"enemies":"Red Slaver","floor":10.0,"turns":4.0},{"damage":4.0,"enemies":"3 Sentries","floor":13.0,"turns":4.0},{"damage":0.0,"enemies":"Looter","floor":14.0,"turns":2.0},{"damage":39.0,"enemies":"Hexaghost","floor":16.0,"turns":8.0},{"damage":4.0,"enemies":"Shell Parasite","floor":18.0,"turns":5.0},{"damage":3.0,"enemies":"Spheric Guardian","floor":22.0,"turns":3.0},{"damage":22.0,"enemies":"Book of Stabbing","floor":23.0,"turns":5.0},{"damage":3.0,"enemies":"3 Cultists","floor":24.0,"turns":4.0},{"damage":5.0,"enemies":"Snake Plant","floor":28.0,"turns":3.0},{"damage":13.0,"enemies":"Chosen and Byrds","floor":30.0,"turns":5.0},{"damage":31.0,"enemies":"Gremlin Leader","floor":31.0,"turns":4.0},{"damage":34.0,"enemies":"Automaton","floor":33.0,"turns":6.0},{"damage":23.0,"enemies":"Orb Walker","floor":35.0,"turns":4.0},{"damage":0.0,"enemies":"3 Darklings","floor":41.0,"turns":4.0},{"damage":8.0,"enemies":"Reptomancer","floor":44.0,"turns":3.0},{"damage":4,"enemies":"Sphere and 2 Shapes","floor":46,"turns":4},{"damage":6,"enemies":"Jaw Worm Horde","floor":48,"turns":2},{"damage":42,"enemies":"Time Eater","floor":50,"turns":7}],"seed_played":"8446753030648356954","potions_obtained":[{"floor":5.0,"key":"PowerPotion"},{"floor":8.0,"key":"Explosive Potion"},{"floor":10.0,"key":"AttackPotion"},{"floor":13.0,"key":"BottledMiracle"},{"floor":14.0,"key":"Dexterity Potion"},{"floor":16.0,"key":"DistilledChaos"},{"floor":18.0,"key":"SpeedPotion"},{"floor":22.0,"key":"Weak Potion"},{"floor":23.0,"key":"DuplicationPotion"},{"floor":24.0,"key":"ColorlessPotion"},{"floor":28.0,"key":"LiquidMemories"},{"floor":30.0,"key":"FearPotion"},{"floor":31.0,"key":"Regen Potion"},{"floor":33.0,"key":"Ambrosia"},{"floor":35.0,"key":"BottledMiracle"},{"floor":41.0,"key":"DistilledChaos"},{"floor":44.0,"key":"Block Potion"},{"floor":46,"key":"Swift Potion"},{"floor":48,"key":"BottledMiracle"}],"is_trial":false,"path_per_floor":["M","?","M","$","M","R","?","E","T","M","$","R","E","M","R","B",null,"M","?","?","T","M","E","M","R","T","?","M","R","M","E","R","B",null,"M","?","?","$","?","R","M","?","T","E","?","M","R","M","R","B",null],"character_chosen":"WATCHER","items_purchased":["CutThroughFate","EmptyFist","TeardropLocket"],"campfire_rested":5,"item_purchase_floors":[4,4,38],"current_hp_per_floor":[71,71,71,71,68,68,68,63,63,60,60,60,56,56,72,33,72,68,68,68,68,65,43,40,61,61,61,56,56,43,12,33,14,72,49,49,49,49,49,70,72,72,72,66,66,62,62,56,76,34],"gold":400,"neow_bonus":"BOSS_RELIC","is_daily":false,"chose_seed":false,"campfire_upgraded":4,"win_rate":0.0,"timestamp":1609894083,"path_taken":["M","?","M","$","M","R","?","E","T","M","$","R","E","M","R","BOSS","M","?","?","?","?","E","M","R","T","?","M","R","M","E","R","BOSS","M","?","?","$","?","R","?","?","T","E","?","M","R","?","R","BOSS"],"items_purchased_type":["Card","Card","Relic"],"build_version":"2020-12-22","purchased_purges":1,"victory":true,"max_hp_per_floor":[72,72,72,72,72,72,72,72,72,72,72,72,72,72,72,72,72,72,72,72,72,72,72,72,72,72,72,72,72,72,72,72,72,72,72,72,72,72,72,72,74,74,74,76,76,76,76,76,76,76],"card_choices":[{"not_picked":["FollowUp","EmptyFist"],"picked":"CarveReality","floor":1.0},{"not_picked":["WindmillStrike","Evaluate"],"picked":"Consecrate","floor":3.0},{"not_picked":["SandsOfTime","BowlingBash"],"picked":"Adaptation","floor":5.0},{"not_picked":["Prostrate","Swivel"],"picked":"Wireheading","floor":8.0},{"not_picked":["SashWhip","ThirdEye"],"picked":"Halt","floor":10.0},{"not_picked":["FlyingSleeves","Wish","Swivel"],"picked":"SKIP","floor":13.0},{"not_picked":["Crescendo","ThirdEye"],"picked":"InnerPeace","floor":14.0},{"not_picked":["Alpha","Wish"],"picked":"DevaForm","floor":16.0},{"not_picked":["Study","FlurryOfBlows+1"],"picked":"Worship","floor":18.0},{"not_picked":["CutThroughFate","Crescendo","Sanctity"],"picked":"SKIP","floor":22.0},{"not_picked":["Devotion","EmptyFist"],"picked":"Weave+1","floor":23.0},{"not_picked":["Adaptation+1","Pray"],"picked":"BowlingBash","floor":24.0},{"not_picked":["Consecrate+1","Protect"],"picked":"EmptyBody+1","floor":28.0},{"not_picked":["Consecrate+1","SashWhip+1"],"picked":"ForeignInfluence+1","floor":30.0},{"not_picked":["Nirvana","Consecrate"],"picked":"Vault","floor":31.0},{"not_picked":["SpiritShield","DevaForm"],"picked":"Vault","floor":33.0},{"not_picked":["Weave","Evaluate+1"],"picked":"Protect+1","floor":35.0},{"not_picked":["Blind","Jack Of All Trades"],"picked":"Apotheosis","floor":36.0},{"not_picked":["JustLucky+1","CrushJoints+1","Wallop"],"picked":"Singing Bowl","floor":41.0},{"not_picked":["CutThroughFate","PathToVictory+1","Consecrate"],"picked":"Singing Bowl","floor":44.0},{"not_picked":["Consecrate+1","BowlingBash"],"picked":"ThirdEye+1","floor":46},{"not_picked":["Scrawl","Protect"],"picked":"Halt+1","floor":48}],"player_experience":717723,"relics_obtained":[{"floor":8.0,"key":"Bottled Tornado"},{"floor":9.0,"key":"White Beast Statue"},{"floor":13.0,"key":"CeramicFish"},{"floor":21.0,"key":"Whetstone"},{"floor":23.0,"key":"Anchor"},{"floor":26.0,"key":"Damaru"},{"floor":31.0,"key":"Singing Bowl"},{"floor":43.0,"key":"PreservedInsect"},{"floor":44.0,"key":"Incense Burner"}],"event_choices":[{"damage_healed":0.0,"max_hp_gain":0.0,"max_hp_loss":0.0,"gold_gain":0.0,"event_name":"Living Wall","player_choice":"Grow","floor":2.0,"gold_loss":0.0,"damage_taken":0.0,"cards_upgraded":["Eruption"]},{"damage_healed":0.0,"max_hp_gain":0.0,"max_hp_loss":0.0,"gold_gain":0.0,"event_name":"The Cleric","player_choice":"Leave","floor":7.0,"gold_loss":0.0,"damage_taken":0.0},{"damage_healed":0.0,"max_hp_gain":0.0,"max_hp_loss":0.0,"gold_gain":0.0,"event_name":"Vampires","player_choice":"Ignored","floor":19.0,"gold_loss":0.0,"damage_taken":0.0},{"damage_healed":0.0,"max_hp_gain":0.0,"max_hp_loss":0.0,"gold_gain":0.0,"event_name":"Ghosts","player_choice":"Ignored","floor":20.0,"gold_loss":0.0,"damage_taken":0.0},{"cards_removed":["SpiritShield"],"damage_healed":0.0,"max_hp_gain":0.0,"max_hp_loss":0.0,"gold_gain":0.0,"event_name":"Beggar","player_choice":"Gave Gold","floor":27.0,"gold_loss":75.0,"damage_taken":0.0},{"damage_healed":0.0,"max_hp_gain":0.0,"max_hp_loss":0.0,"gold_gain":0.0,"event_name":"SensoryStone","player_choice":"Memory 1","floor":36.0,"gold_loss":0.0,"damage_taken":0.0},{"damage_healed":0.0,"max_hp_gain":0.0,"max_hp_loss":0.0,"gold_gain":0.0,"event_name":"Mysterious Sphere","player_choice":"Ignored","floor":37.0,"gold_loss":0.0,"damage_taken":0.0},{"damage_healed":0.0,"max_hp_gain":0.0,"max_hp_loss":0.0,"gold_gain":0.0,"event_name":"Duplicator","player_choice":"Copied","floor":39.0,"gold_loss":0.0,"damage_taken":0.0,"cards_obtained":["Wallop"]},{"cards_removed":["Wallop"],"damage_healed":0.0,"max_hp_gain":0.0,"max_hp_loss":0.0,"gold_gain":0.0,"event_name":"Falling","player_choice":"Removed Attack","floor":42.0,"gold_loss":0.0,"damage_taken":0.0},{"damage_healed":0.0,"max_hp_gain":0.0,"max_hp_loss":0.0,"gold_gain":0.0,"event_name":"SecretPortal","player_choice":"Ignored","floor":45.0,"gold_loss":0.0,"damage_taken":0.0}],"is_beta":false,"boss_relics":[{"not_picked":["Philosopher\u0027s Stone","Snecko Eye"],"picked":"Pandora\u0027s Box"},{"not_picked":["Busted Crown","Empty Cage"],"picked":"Cursed Key"}],"items_purged_floors":[11],"is_endless":false,"potions_floor_spawned":[5,8,10,13,14,16,18,22,23,24,28,30,31,33,35,41,44,46,48],"ascension_level":1}}