{"host":"qfskrnw3pl1q86j0","time":1609930854,"event":{"mods":["BaseMod","Block Reminder","Hermit","Marisa????????","Minty Spire (QoL Compilation)","Quick Restart","Random Character Button","Relic Stats","StSLib","The Poker Player","slay the spire mod where everything is the same but ironclad has a cowboy hat"],"gold_per_floor":[115,115,166,181,201,201,219,219,242,252,287,287,334,334,334,430,430,450,450,176,186,204,204,216,229,229,229,260,276,276,276,276,379,379,392,406,114,133,155,155,205,57,57,57,86,28,40,54,54,54],"floor_reached":51,"playtime":1934,"items_purged":["Defend_MRS+1","Strike_MRS+1"],"score":799,"play_id":"aca12d00-65f3-4a93-a97a-af20b62e0416","local_time":"20210106120054","is_ascension_mode":false,"campfire_choices":[{"data":"MasterSpark","floor":6.0,"key":"SMITH"},{"data":"EarthLightRay","floor":8.0,"key":"SMITH"},{"data":"SprinkleStarSeal","floor":12.0,"key":"SMITH"},{"data":"AsteroidBelt","floor":15,"key":"SMITH"},{"data":"MillisecondPulsars","floor":23,"key":"SMITH"},{"data":"OortCloud","floor":27,"key":"SMITH"},{"data":"GrandCross","floor":30,"key":"SMITH"},{"data":"SporeBomb","floor":32,"key":"SMITH"},{"data":"CollectingQuirk","floor":40,"key":"SMITH"},{"data":"OortCloud","floor":44,"key":"SMITH"},{"data":"Acceleration","floor":49,"key":"SMITH"}],"circlet_count":0,"master_deck":["Strike_MRS+1","Strike_MRS+1","Defend_MRS+1","Defend_MRS+1","Defend_MRS+1","MasterSpark+1","UpSweep+1","GrandCross+1","EarthLightRay+1","AsteroidBelt+1","SprinkleStarSeal+1","MillisecondPulsars+1","OrrerysSun","AsteroidBelt","SporeBomb+1","Acceleration+1","OortCloud+1","GrandCross+1","CollectingQuirk+1","OortCloud+1","MilkyWay+1","GalacticHalo+1","EarthLightRay+1"],"relics":["MiniHakkero","Art of War","Nunchaku","Bronze Scales","Coffee Dripper","Oddly Smooth Stone","Toxic Egg 2","AmplifyWand","GremlinMask","Sozu","CeramicFish","Torii","Blood Vial","Ornamental Fan","Akabeko","Orichalcum"],"acts_visited":["Exordium","TheCity","TheBeyond"],"potions_floor_usage":[16,16,22,28,28],"damage_taken":[{"damage":1.0,"enemies":"Jaw Worm","floor":1.0,"turns":3.0},{"damage":4.0,"enemies":"2 Louse","floor":4.0,"turns":2.0},{"damage":0.0,"enemies":"Cultist","floor":5.0,"turns":2.0},{"damage":10.0,"enemies":"Looter","floor":7.0,"turns":2.0},{"damage":8.0,"enemies":"Red Slaver","floor":10.0,"turns":2.0},{"damage":13.0,"enemies":"3 Sentries","floor":11.0,"turns":5.0},{"damage":0,"enemies":"Slime Boss","floor":16,"turns":6},{"damage":0,"enemies":"Chosen","floor":18,"turns":3},{"damage":1,"enemies":"Shell Parasite","floor":21,"turns":4},{"damage":4,"enemies":"Sentry and Sphere","floor":22,"turns":4},{"damage":0,"enemies":"Snecko","floor":24,"turns":3},{"damage":0,"enemies":"Centurion and Healer","floor":25,"turns":4},{"damage":0,"enemies":"Slavers","floor":28,"turns":3},{"damage":4,"enemies":"Shelled Parasite and Fungi","floor":29,"turns":4},{"damage":31,"enemies":"Champ","floor":33,"turns":9},{"damage":10,"enemies":"Orb Walker","floor":35,"turns":3},{"damage":9,"enemies":"3 Darklings","floor":36,"turns":5},{"damage":0,"enemies":"Jaw Worm Horde","floor":38,"turns":3},{"damage":0,"enemies":"Maw","floor":39,"turns":6},{"damage":0,"enemies":"Mind Bloom Boss Battle","floor":41,"turns":3},{"damage":0,"enemies":"Giant Head","floor":45,"turns":5},{"damage":2,"enemies":"4 Shapes","floor":47,"turns":4},{"damage":0,"enemies":"Transient","floor":48,"turns":5},{"damage":10,"enemies":"Awakened One","floor":50,"turns":10}],"seed_played":"5674165683561688900","potions_obtained":[{"floor":1.0,"key":"BottledSpark"},{"floor":5.0,"key":"DistilledChaos"},{"floor":11.0,"key":"SkillPotion"},{"floor":16,"key":"SteroidPotion"},{"floor":22,"key":"AttackPotion"},{"floor":24,"key":"SkillPotion"},{"floor":25,"key":"Regen Potion"}],"is_trial":false,"path_per_floor":["M","?","?","M","M","R","M","R","T","M","E","R","T","?","R","B",null,"M","?","$","M","M","R","M","M","T","R","E","M","R","?","R","B",null,"M","M","$","M","M","R","?","$","T","R","E","?","M","M","R","B",null],"character_chosen":"MARISA","items_purchased":["Oddly Smooth Stone","AsteroidBelt","CeramicFish","MilkyWay+1","Blood Vial"],"campfire_rested":0,"item_purchase_floors":[20,20,37,37,42],"current_hp_per_floor":[74,59,59,55,55,55,45,45,45,43,36,36,36,36,36,42,75,75,75,75,75,71,71,71,75,75,75,75,75,75,75,75,44,75,71,68,68,74,75,75,75,75,75,75,75,75,75,75,75,75],"gold":54,"neow_bonus":"REMOVE_CARD","is_daily":false,"chose_seed":false,"campfire_upgraded":11,"win_rate":0.0,"timestamp":1609930854,"path_taken":["M","?","?","M","M","R","M","R","T","M","E","R","?","?","R","BOSS","M","?","$","M","M","R","M","M","T","R","E","M","R","?","R","BOSS","M","M","$","M","M","R","?","$","T","R","E","?","M","M","R","BOSS"],"items_purchased_type":["Relic","Card","Relic","Card","Relic"],"build_version":"2020-12-22","purchased_purges":2,"victory":true,"max_hp_per_floor":[75,75,75,75,75,75,75,75,75,75,75,75,75,75,75,75,75,75,75,75,75,75,75,75,75,75,75,75,75,75,75,75,75,75,75,75,75,75,75,75,75,75,75,75,75,75,75,75,75,75],"relic_stats":{"Sozu":4,"Blood Vial":0,"Nunchaku":[16],"Torii":0,"counters":[24,100],"Ornamental Fan":[32],"Bronze Scales":[197],"CeramicFish":27,"Art of War":[5],"Orichalcum":[0],"obtain_stats":[{"AmplifyWand":28,"Torii":41,"CeramicFish":37,"Oddly Smooth Stone":20,"GremlinMask":31,"Orichalcum":46,"Akabeko":45,"Sozu":34,"Blood Vial":42,"Nunchaku":11,"Shuriken":16,"Ornamental Fan":43,"Bronze Scales":13,"Art of War":9,"Coffee Dripper":17,"MiniHakkero":0,"Toxic Egg 2":26},{"AmplifyWand":13,"Torii":20,"CeramicFish":17,"Oddly Smooth Stone":8,"GremlinMask":14,"Orichalcum":21,"Akabeko":21,"Sozu":15,"Blood Vial":20,"Nunchaku":6,"Shuriken":7,"Ornamental Fan":20,"Bronze Scales":6,"Art of War":4,"Coffee Dripper":7,"MiniHakkero":0,"Toxic Egg 2":12},{"AmplifyWand":43,"Torii":76,"CeramicFish":64,"Oddly Smooth Stone":25,"GremlinMask":47,"Orichalcum":81,"Akabeko":81,"Sozu":56,"Blood Vial":76,"Nunchaku":16,"Shuriken":19,"Ornamental Fan":76,"Bronze Scales":16,"Art of War":9,"Coffee Dripper":22,"MiniHakkero":0,"Toxic Egg 2":40}]},"card_choices":[{"not_picked":["DarkMatter","DoubleSpark"],"picked":"GrandCross","floor":1.0},{"not_picked":["WitchOfGreed","SuperPerseids","Occultation"],"picked":"SKIP","floor":4.0},{"not_picked":["UnstableBomb","DarkMatter","MysteriousBeam"],"picked":"SKIP","floor":5.0},{"not_picked":["EnergyRecoil","GravityBeat"],"picked":"EarthLightRay","floor":7.0},{"not_picked":["AlicesGift","EnergyRecoil"],"picked":"AsteroidBelt","floor":10.0},{"not_picked":["OrrerysSun","NonDirectionalLaser"],"picked":"SprinkleStarSeal","floor":11.0},{"not_picked":["JA","AbsoluteMagnitude"],"picked":"MillisecondPulsars","floor":16},{"not_picked":["OpenUniverse","GravityBeat"],"picked":"OrrerysSun","floor":18},{"not_picked":["AsteroidBelt","WitchLeyline"],"picked":"SporeBomb","floor":21},{"not_picked":["ShootingEcho","GalacticHalo+1"],"picked":"Acceleration","floor":22},{"not_picked":["MagicAbsorber","RefractionSpark"],"picked":"OortCloud","floor":24},{"not_picked":["Orbital","AsteroidBelt","ShootingEcho+1"],"picked":"SKIP","floor":25},{"not_picked":["LuminesStrike+1","6A","MeteoricShower"],"picked":"SKIP","floor":28},{"not_picked":["DC+1","Occultation+1"],"picked":"GrandCross","floor":29},{"not_picked":["StarDustReverie+1","FinalSpark"],"picked":"CollectingQuirk","floor":33},{"not_picked":["IllusionStar+1","6A"],"picked":"OortCloud","floor":35},{"not_picked":["DarkMatter+1","DC+1","6A+1"],"picked":"SKIP","floor":36},{"not_picked":["Singularity","UnstableBomb"],"picked":"GalacticHalo+1","floor":38},{"not_picked":["NonDirectionalLaser+1","RefractionSpark+1"],"picked":"EarthLightRay+1","floor":39},{"not_picked":["StarDustReverie+1","DoubleSpark+1","6A+1"],"picked":"SKIP","floor":45},{"not_picked":["6A","Orbital+1","SprinkleStarSeal+1"],"picked":"SKIP","floor":47},{"not_picked":["DarkMatter+1","SporeBomb+1","OpenUniverse+1"],"picked":"SKIP","floor":48}],"player_experience":928137,"relics_obtained":[{"floor":9.0,"key":"Art of War"},{"floor":11.0,"key":"Nunchaku"},{"floor":13.0,"key":"Bronze Scales"},{"floor":26,"key":"Toxic Egg 2"},{"floor":28,"key":"AmplifyWand"},{"floor":41,"key":"Torii"},{"floor":43,"key":"Ornamental Fan"},{"floor":45,"key":"Akabeko"}],"event_choices":[{"damage_healed":0.0,"max_hp_gain":0.0,"max_hp_loss":0.0,"gold_gain":0.0,"event_name":"Shining Light","player_choice":"Entered Light","floor":2.0,"gold_loss":0.0,"damage_taken":15.0,"cards_upgraded":["Strike_MRS","GrandCross"]},{"damage_healed":0.0,"max_hp_gain":0.0,"max_hp_loss":0.0,"gold_gain":51.0,"event_name":"Golden Wing","player_choice":"Gained Gold","floor":3.0,"gold_loss":0.0,"damage_taken":0.0},{"damage_healed":0,"gold_gain":0,"player_choice":"Forge","damage_taken":0,"max_hp_gain":0,"max_hp_loss":0,"event_name":"Accursed Blacksmith","floor":14,"gold_loss":0,"cards_upgraded":["UpSweep"]},{"damage_healed":0,"gold_gain":0,"player_choice":"Simplicity","damage_taken":0,"max_hp_gain":0,"max_hp_loss":0,"event_name":"Back to Basics","floor":19,"gold_loss":0,"cards_upgraded":["Strike_MRS","Strike_MRS","Defend_MRS","Defend_MRS","Defend_MRS","Defend_MRS"]},{"damage_healed":0,"gold_gain":0,"player_choice":"Trade","damage_taken":0,"relics_obtained":["GremlinMask"],"max_hp_gain":0,"max_hp_loss":0,"event_name":"FaceTrader","floor":31,"gold_loss":0},{"damage_healed":0,"gold_gain":0,"player_choice":"Fight","damage_taken":0,"max_hp_gain":0,"max_hp_loss":0,"event_name":"MindBloom","floor":41,"gold_loss":0},{"damage_healed":0,"gold_gain":0,"player_choice":"Paid Gold","damage_taken":0,"relics_obtained":["Orichalcum"],"max_hp_gain":0,"max_hp_loss":0,"event_name":"WeMeetAgain","floor":46,"gold_loss":58}],"is_beta":false,"boss_relics":[{"not_picked":["Pandora\u0027s Box","Velvet Choker"],"picked":"Coffee Dripper"},{"not_picked":["ExperimentalFamiliar","Fusion Hammer"],"picked":"Sozu"}],"items_purged_floors":[20,37],"is_endless":false,"potions_floor_spawned":[1,5,11,16,22,24,25,36,38,45,47],"ascension_level":0}}