{"host":"6a06qhlf17v5rcww","time":1609905864,"event":{"mods":["Act Like it!","BaseMod","Beaked The Cultist","Better Altar","Better Match","Better Note","Better Sensory Stone","Better Skull","Better Third Choice","Better Vampires","BetterRewards","Block Reminder","Colored Powertips","Downfall","Hallownest","Hermit","Infinite Spire","Minty Spire (QoL Compilation)","Rare Cards Sparkle","Replay The Spire","Shade Mod","StSLib","The Cursed","The Jungle","The Marked","The Witch"],"gold_per_floor":[76,115,129,129,142,170,240,258,285,295,220,220,233,267,286,383,383,383,403,328,348,348,109,109,119,148,148,148,148,202,225,245,355,355,355,393,413,288,288,350,397,397,429,429,349,375,398,433,467,489],"floor_reached":51,"playtime":5155,"items_purged":[],"score":1360,"play_id":"6bad0497-fc4a-4686-8db6-6101d7244489","local_time":"20210105230424","is_ascension_mode":true,"campfire_choices":[{"floor":1.0,"key":"DIG"},{"floor":12.0,"key":"REST"},{"floor":18.0,"key":"DIG"},{"floor":27.0,"key":"DIG"},{"floor":35.0,"key":"DIG"},{"data":"infinitespire:Collect","floor":42,"key":"SMITH"},{"data":"Shade:TouchOfTheGrave","floor":42,"key":"SMITH"}],"circlet_count":0,"master_deck":["Shade:Strike_Shade","Shade:Strike_Shade","Shade:Strike_Shade","Shade:Defend_Shade","Shade:Defend_Shade","Shade:Defend_Shade","Shade:Defend_Shade","Shade:AnimateDead","Shade:CarefulCut","Shade:WallOfFlesh","Shade:Premonition","Shade:AncientSpear","Shade:Frenzy","Shade:SanguineRitual","Shade:CloudOfShrapnel","Shade:FleshToFlesh+1","Shade:TouchOfTheGrave+1","Shade:Excise","Shade:FleshOffering","Shade:OminousRitual+1","Shade:UnbarTheGrave+1","Shade:GreaterAnimation+1","Shade:Brains","Shade:FleshToFlesh","Shade:Trample","Shade:Coordination","Shade:Awaken+1","Shade:LichForm+1","Shade:Bite_Shade+1","ReplayTheSpireMod:Brewmster+1","Shade:FuneraryJewels+1","Shade:Bite_Shade","Clumsy","Shade:GraveStillness","Shade:StitchTogether+1","infinitespire:Collect+1","Shade:GoDigging+1","EternalThirst","Shade:FleshLikeOak+1","Shade:ExtraLimbs+1","AscendersBane","infinitespire:TheBestDefense+1","Replay:Hysterical Blindness","Hallownest:attackMasterDashSlash","Shade:Carnophage+1","Shade:Premonition+1","Shade:FleshLikeOak+1"],"relics":["Shade:YorickSkull","Strange Spoon","Simple Rune","Torii","Shovel","Replay:Arrowhead","Hallownest:DreamNailRelic","Guardian:GemstoneGun","infinitespire:FocusingShard","Iron Hammer","Nunchaku","Cursed Key","Quantum Egg","Red Mask","ReplayTheSpireMod:TigerMarble","Golden Egg","Regal Pillow","Replay:Bandana","ReplayFunnel","Replay:Wax Seal","ReplayTheSpireMod:EnergyBall","Replay:Ancient Bell","Omamori","Toxic Egg 2","Dead Branch","Anchor","Hallownest:SoulVesselRelic","Ice Cream","Juzu Bracelet","Hallownest:BeastSealRelic"],"acts_visited":["Exordium","Hallownest:Greenpath","Hallownest:CityofTears"],"potions_floor_usage":[47,48,50,50],"damage_taken":[{"damage":0.0,"enemies":"Hallownest:2_Baldur","floor":2.0,"turns":3.0},{"damage":0.0,"enemies":"2_ Uuma","floor":3.0,"turns":4.0},{"damage":0.0,"enemies":"Hallownest:2_Tiktiks_and_1_Crawlid","floor":5.0,"turns":4.0},{"damage":3.0,"enemies":"Hallownest:eliteMossKnight","floor":6.0,"turns":15.0},{"damage":0.0,"enemies":"Hallownest:Wandering_and_Horned","floor":8.0,"turns":3.0},{"damage":0.0,"enemies":"Hallownest:eliteVengeflyKing","floor":9.0,"turns":4.0},{"damage":1.0,"enemies":"Hallownest:Guard_and_Warrior","floor":10.0,"turns":6.0},{"damage":0.0,"enemies":"Hallownest:1_Baldur_1_Crawlid_1_Warrior","floor":13.0,"turns":3.0},{"damage":2.0,"enemies":"Hallownest:eliteCrystalGuardian","floor":14.0,"turns":4.0},{"damage":0.0,"enemies":"Hallownest:monsterAspidMother","floor":15.0,"turns":5.0},{"damage":2.0,"enemies":"downfall:Silent","floor":16.0,"turns":6.0},{"damage":12.0,"enemies":"Hallownest:3_Youths","floor":19.0,"turns":4.0},{"damage":2.0,"enemies":"Hallownest:Guard_and_Sentry","floor":21.0,"turns":8.0},{"damage":0.0,"enemies":"downfall:FleeingMerchant","floor":23.0,"turns":4.0},{"damage":0.0,"enemies":"Hallownest:Master_and_Novice","floor":25.0,"turns":3.0},{"damage":2.0,"enemies":"Hallownest:Nosk","floor":26.0,"turns":5.0},{"damage":0.0,"enemies":"Hallownest:Glutton_and_Coward","floor":30.0,"turns":6.0},{"damage":2.0,"enemies":"Hallownest:monsterShrumalOgre","floor":31.0,"turns":4.0},{"damage":0.0,"enemies":"Hallownest:Warrior_and_Youth","floor":32.0,"turns":4.0},{"damage":2.0,"enemies":"downfall:Watcher","floor":33.0,"turns":7.0},{"damage":2.0,"enemies":"Hallownest:2_Littles","floor":36.0,"turns":3.0},{"damage":4.0,"enemies":"Hallownest:3_Siblings","floor":37.0,"turns":7.0},{"damage":2,"enemies":"Hallownest:eliteCollector","floor":40,"turns":4},{"damage":0,"enemies":"Hallownest:Shield_Sturdy","floor":43,"turns":3},{"damage":0,"enemies":"Hallownest:2_Great","floor":46,"turns":2},{"damage":2,"enemies":"Hallownest:2_Wandering_and_1_Horned","floor":47,"turns":7},{"damage":0,"enemies":"Hallownest:2_Wing_and_1_Kings","floor":48,"turns":4},{"damage":2,"enemies":"Hallownest:Shield_Sturdy","floor":49,"turns":5},{"damage":2,"enemies":"downfall:Ironclad","floor":50,"turns":3}],"seed_played":"3468085808418404932","potions_obtained":[{"floor":2.0,"key":"DuplicationPotion"},{"floor":6.0,"key":"Weak Potion"},{"floor":9.0,"key":"Strength Potion"},{"floor":30.0,"key":"Fruit Juice"}],"is_trial":false,"path_per_floor":["R","M","M","?","M","E","T","M","E","M","?","R","M","E","M","B",null,"R","M","?","M","?","$","T","M","E","R","?","AVR","M","M","M","B",null,"R","M","M","?","?","E","T","R","M","?","?","M","M","M","M","B",null],"character_chosen":"SHADE","items_purchased":["Strange Spoon","Torii","Shade:WallOfFlesh","Shade:Premonition","Shade:AncientSpear","ReplayTheSpireMod:TigerMarble","Shade:Bite_Shade"],"campfire_rested":1,"item_purchase_floors":[0,0,0,0,0,23,23],"current_hp_per_floor":[29,29,29,29,29,26,26,26,26,25,25,44,44,42,42,40,65,65,53,53,54,54,57,57,57,61,61,16,16,27,27,32,43,70,70,70,69,69,69,70,70,70,70,70,70,70,70,70,68,66],"gold":489,"neow_bonus":"","is_daily":false,"chose_seed":false,"campfire_upgraded":2,"win_rate":0.0,"timestamp":1609905864,"path_taken":["R","M","?","?","M","E","T","?","E","M","?","R","M","E","M","BOSS","R","M","?","?","?","?","T","M","E","R","?","AVR","?","M","M","BOSS","R","M","M","?","?","E","T","R","M","?","?","M","M","M","M","BOSS"],"items_purchased_type":["Relic","Relic","Card","Card","Card","Relic","Card"],"build_version":"2020-12-22","purchased_purges":0,"victory":true,"max_hp_per_floor":[65,65,65,65,65,65,65,65,65,65,65,65,65,65,65,65,65,65,65,65,65,65,65,65,65,65,65,65,65,70,70,70,70,70,70,70,70,70,70,70,70,70,70,70,70,70,70,70,70,70],"card_choices":[{"not_picked":["Shade:FeralStrike","Shade:Trample"],"picked":"Shade:Frenzy","floor":2.0},{"not_picked":["Shade:Haruspicy","Shade:PressTheAttack"],"picked":"Shade:SanguineRitual","floor":3.0},{"not_picked":["Shade:WallOfFlesh","Shade:GoDigging"],"picked":"Shade:CloudOfShrapnel","floor":5.0},{"not_picked":["Shade:OfferingToTheBeyond","Shade:Doomsay"],"picked":"Shade:FleshToFlesh","floor":6.0},{"not_picked":["Shade:AncientSpear","Shade:Bonestorm"],"picked":"Shade:TouchOfTheGrave","floor":8.0},{"not_picked":["Shade:Doomsay","Shade:Asphyxiate"],"picked":"Shade:Excise","floor":9.0},{"not_picked":["Shade:AncientSpear","Shade:Carnophage"],"picked":"Shade:FleshOffering","floor":10.0},{"not_picked":["Shade:Putrefaction+1","Shade:DarkOfNight+1"],"picked":"Shade:OminousRitual+1","floor":11.0},{"not_picked":["Shade:LoseControl+1","Shade:SelfBurial+1"],"picked":"Shade:UnbarTheGrave+1","floor":11.0},{"not_picked":["Shade:OfferingToTheBeyond+1","Shade:MadHubris+1"],"picked":"Shade:GreaterAnimation+1","floor":11.0},{"not_picked":["Shade:CommandSoldier","Shade:FuneraryArmor"],"picked":"Shade:Brains","floor":13.0},{"not_picked":["Shade:CloudOfShrapnel","Shade:Putrefaction"],"picked":"Shade:FleshToFlesh","floor":14.0},{"not_picked":["Shade:AuraOfUnlife","Shade:WallOfFlesh"],"picked":"Shade:Trample","floor":15.0},{"not_picked":["Shade:UnbarTheGrave","Shade:OneIsEnough"],"picked":"Shade:Coordination","floor":16.0},{"not_picked":["Shade:Bonestorm","Shade:Premonition"],"picked":"Shade:Awaken","floor":19.0},{"not_picked":["Shade:MadHubris+1","Shade:Putrefaction+1"],"picked":"Shade:LichForm+1","floor":20.0},{"not_picked":["Shade:PoundOfFlesh+1","Shade:PressTheAttack+1"],"picked":"Shade:Bite_Shade+1","floor":20.0},{"not_picked":["The Bomb+1","Thinking Ahead+1"],"picked":"ReplayTheSpireMod:Brewmster+1","floor":20.0},{"not_picked":["Shade:LichForm","Shade:BoneShards","Shade:SanguineRitual+1"],"picked":"SKIP","floor":21.0},{"not_picked":["Shade:SkeletonHug+1","Shade:DangerousRitual"],"picked":"Shade:FuneraryJewels+1","floor":23.0},{"not_picked":["Shade:Excise","Shade:RavenousHorde"],"picked":"Shade:GraveStillness","floor":25.0},{"not_picked":["Shade:UnbarTheGrave","Shade:FingerOfDeath"],"picked":"Shade:StitchTogether+1","floor":26.0},{"not_picked":["Shade:Bonestorm","Shade:Premonition","Shade:LyeBath"],"picked":"SKIP","floor":30.0},{"not_picked":["Shade:AblativeArmor","Shade:AuraOfUnlife"],"picked":"Shade:GoDigging+1","floor":31.0},{"not_picked":["Shade:Doomsay","Shade:GraveStillness","Shade:FingerOfDeath"],"picked":"SKIP","floor":32.0},{"not_picked":["ReplayTheSpireMod:Restless Dread","EternalThirst"],"picked":"Regret","floor":34.0},{"not_picked":["Spreading Infection","Looming Evil"],"picked":"Clumsy","floor":34.0},{"not_picked":["infinitespire:Pacifist","betterMatch:CurseCard"],"picked":"EternalThirst","floor":34.0},{"not_picked":["Shade:FuneraryArmor+1","Shade:FreshBones+1"],"picked":"Shade:FleshLikeOak+1","floor":36.0},{"not_picked":["Shade:FeralStrike+1","Shade:Doomsay"],"picked":"Shade:ExtraLimbs+1","floor":37.0},{"not_picked":["Shade:FleshToFlesh+1","Shade:CoffinDance","Shade:FleshOffering+1"],"picked":"SKIP","floor":40},{"not_picked":["Shade:Haruspicy+1","Shade:MadHubris+1","Shade:Bonestorm"],"picked":"SKIP","floor":43},{"not_picked":["Shade:FeralStrike","Shade:OpenGraves","Shade:BoneShards+1"],"picked":"SKIP","floor":46},{"not_picked":["Shade:CallWraith+1","Shade:FreshBones+1"],"picked":"Shade:Carnophage+1","floor":47},{"not_picked":["Shade:BoneShards","Shade:SensePrey+1"],"picked":"Shade:Premonition+1","floor":48},{"not_picked":["Shade:SensePrey+1","Shade:GraveStillness+1"],"picked":"Shade:FleshLikeOak+1","floor":49}],"player_experience":748981,"relics_obtained":[{"floor":1.0,"key":"Replay:Arrowhead"},{"floor":6.0,"key":"Guardian:GemstoneGun"},{"floor":7.0,"key":"infinitespire:FocusingShard"},{"floor":9.0,"key":"Iron Hammer"},{"floor":14.0,"key":"Nunchaku"},{"floor":18.0,"key":"Quantum Egg"},{"floor":24.0,"key":"Golden Egg"},{"floor":26.0,"key":"Regal Pillow"},{"floor":27.0,"key":"Replay:Bandana"},{"floor":35.0,"key":"Anchor"},{"floor":40,"key":"Ice Cream"},{"floor":41,"key":"Juzu Bracelet"}],"event_choices":[{"damage_healed":0.0,"max_hp_gain":0.0,"max_hp_loss":0.0,"gold_gain":0.0,"event_name":"betterMatch:BetterMatch","player_choice":"3","floor":11.0,"gold_loss":0.0,"damage_taken":0.0,"cards_obtained":["betterMatch:RareCard"]},{"damage_healed":0.0,"max_hp_gain":0.0,"max_hp_loss":0.0,"gold_gain":0.0,"event_name":"betterMatch:BetterMatch","player_choice":"2","floor":20.0,"gold_loss":0.0,"damage_taken":0.0,"cards_obtained":["betterMatch:RareCard","betterMatch:UncommonCard","betterMatch:ColorlessRareCard"]},{"damage_healed":0.0,"max_hp_gain":0.0,"max_hp_loss":0.0,"gold_gain":0.0,"event_name":"betterSkull:BetterSkull","player_choice":"UP UP RE RE ","floor":28.0,"gold_loss":0.0,"damage_taken":53.0,"cards_upgraded":["Shade:FleshToFlesh","Shade:Awaken"],"relics_obtained":["ReplayFunnel","Replay:Wax Seal"]},{"damage_healed":0,"gold_gain":3,"player_choice":"3","damage_taken":0,"max_hp_gain":0,"max_hp_loss":0,"event_name":"betterStone:BetterStone","floor":39,"gold_loss":0,"cards_obtained":["infinitespire:TheBestDefense"]}],"is_beta":false,"boss_relics":[{"not_picked":["Tiny House","Painkiller Herb"],"picked":"Cursed Key"},{"not_picked":["Pandora\u0027s Box","Kintsugi"],"picked":"Replay:Ancient Bell"},{"not_picked":["Pet Ghost","Pen Nib"],"picked":"Omamori"},{"not_picked":["infinitespire:Eraser","InkBottle"],"picked":"Toxic Egg 2"},{"not_picked":["StoneCalendar","Incense Burner"],"picked":"Dead Branch"}],"items_purged_floors":[],"is_endless":false,"potions_floor_spawned":[2,6,9,13,14,21,25,30,33,36,40,46,48,49],"ascension_level":2}}