{"host":"mi0eibewekhugwl1","time":1609921896,"event":{"mods":["AchievementEnabler","BaseMod","Colored Map","Colored Powertips","DeckTracker","Keyboard Shortcuts","Minty Spire (QoL Compilation)","Quick Restart","Rare Cards Sparkle","Relic Stats","StSLib","SuperFastMode","everything is the same but u backflip on backflip"],"gold_per_floor":[110,66,341,354,366,394,394,394,464,481,188,201,216,242,242,242,242],"floor_reached":16,"playtime":236,"items_purged":["Regret"],"score":224,"play_id":"a1d567bd-f36a-47fe-a2e2-cb3e40cba256","local_time":"20210106173136","is_ascension_mode":true,"campfire_choices":[{"data":"Inflame","floor":8.0,"key":"SMITH"},{"data":"Feed","floor":15.0,"key":"SMITH"}],"circlet_count":0,"master_deck":["AscendersBane","Strike_R","Strike_R","Strike_R","Strike_R","Strike_R+1","Defend_R","Defend_R+1","Defend_R","Defend_R","Bash+1","Inflame+1","Carnage+1","Pommel Strike","Clothesline","Feed+1","Shrug It Off","Intimidate","Cleave"],"relics":["Burning Blood","NeowsBlessing","Whetstone","Gremlin Horn","Magic Flower"],"acts_visited":["Exordium"],"potions_floor_usage":[16,16],"damage_taken":[{"damage":0.0,"enemies":"Small Slimes","floor":1.0,"turns":1.0},{"damage":0.0,"enemies":"Cultist","floor":4.0,"turns":1.0},{"damage":0.0,"enemies":"2 Louse","floor":5.0,"turns":1.0},{"damage":30.0,"enemies":"Gremlin Nob","floor":6.0,"turns":4.0},{"damage":6.0,"enemies":"Looter","floor":10.0,"turns":2.0},{"damage":5.0,"enemies":"Red Slaver","floor":12.0,"turns":3.0},{"damage":4.0,"enemies":"Exordium Thugs","floor":13.0,"turns":3.0},{"damage":12.0,"enemies":"3 Sentries","floor":14.0,"turns":6.0},{"damage":36,"enemies":"Slime Boss","floor":16,"turns":6}],"seed_played":"1672390865743453426","potions_obtained":[{"floor":1.0,"key":"EntropicBrew"},{"floor":12.0,"key":"FearPotion"},{"floor":13.0,"key":"SneckoOil"}],"is_trial":false,"path_per_floor":["M","$","?","M","M","E","?","R","T","M","$","M","M","E","R","B"],"character_chosen":"IRONCLAD","items_purchased":["Carnage","Feed","Shrug It Off"],"campfire_rested":0,"item_purchase_floors":[2,11,11],"current_hp_per_floor":[74,74,74,75,75,51,28,28,28,28,28,29,34,31,31,0,0],"gold":242,"neow_bonus":"THREE_ENEMY_KILL","is_daily":false,"chose_seed":false,"campfire_upgraded":2,"win_rate":0.0,"timestamp":1609921896,"path_taken":["M","$","?","?","M","E","?","R","T","M","$","M","M","E","R","BOSS"],"items_purchased_type":["Card","Card","Card"],"build_version":"2020-12-22","purchased_purges":1,"victory":false,"max_hp_per_floor":[75,75,75,75,75,75,75,75,75,75,75,75,78,81,81,81,81],"relic_stats":{"Gremlin Horn":[4,4],"counters":[9,27],"Magic Flower":[0],"Whetstone":["Carnage","Bash"],"obtain_stats":[{"NeowsBlessing":0,"Gremlin Horn":9,"Magic Flower":14,"Whetstone":6,"Burning Blood":0},{"NeowsBlessing":0,"Gremlin Horn":4,"Magic Flower":8,"Whetstone":4,"Burning Blood":0},{"NeowsBlessing":0,"Gremlin Horn":7,"Magic Flower":21,"Whetstone":7,"Burning Blood":0}],"Burning Blood":37},"card_choices":[{"not_picked":["Dark Embrace","Perfected Strike"],"picked":"Inflame","floor":1.0},{"not_picked":["Havoc","Warcry"],"picked":"Pommel Strike","floor":4.0},{"not_picked":["Intimidate","Iron Wave"],"picked":"Clothesline","floor":5.0},{"not_picked":["Perfected Strike","Flex","Body Slam"],"picked":"SKIP","floor":6.0},{"not_picked":["Wild Strike","Shockwave","Armaments"],"picked":"SKIP","floor":10.0},{"not_picked":["Pommel Strike","Clash"],"picked":"Intimidate","floor":12.0},{"not_picked":["Heavy Blade","Intimidate"],"picked":"Cleave","floor":13.0},{"not_picked":["Metallicize","Wild Strike","Entrench"],"picked":"SKIP","floor":14.0}],"player_experience":1734891,"relics_obtained":[{"floor":6.0,"key":"Whetstone"},{"floor":9.0,"key":"Gremlin Horn"},{"floor":14.0,"key":"Magic Flower"}],"event_choices":[{"damage_healed":0.0,"max_hp_gain":0.0,"max_hp_loss":0.0,"gold_gain":275.0,"event_name":"Golden Shrine","player_choice":"Desecrate","floor":3.0,"gold_loss":0.0,"damage_taken":0.0,"cards_obtained":["Regret"]},{"damage_healed":0.0,"max_hp_gain":0.0,"max_hp_loss":0.0,"gold_gain":0.0,"event_name":"Shining Light","player_choice":"Entered Light","floor":7.0,"gold_loss":0.0,"damage_taken":23.0,"cards_upgraded":["Strike_R","Defend_R"]}],"is_beta":false,"boss_relics":[],"items_purged_floors":[11],"is_endless":false,"potions_floor_spawned":[1,12,13],"killed_by":"Slime Boss","ascension_level":20}}