{"host":"npubv26u89aif4fa","time":1609901606,"event":{"mods":["Astrologer","BaseMod","Better Vampires","Better-Laid Plans","Colored Powertips","GifTheSpireLib","GungeonMod","HornydragonMod","Hubris","Jedi Mod","Minty Spire (QoL Compilation)","Quick Restart","Remilia（蕾米莉亚）","Replay The Spire","StSLib","Td1madao Mod","The Administrix","The Alterego","The Bug Knight","The Cursed","The Runesmith","Yuri Mod","残留之物"],"gold_per_floor":[118,118,133,145,155,189,204,222,222,222,222,239,256,287,287,389,389,403,403,403,419,429,458,476,476,476,488,500,532,549,577,577,672,672,691,709,205,185,201,223,223,236,236,11,11,22,32,50,50,50,50,50,50,81,81],"floor_reached":56,"playtime":5597,"items_purged":["Strike_G"],"score":1209,"play_id":"f9adadac-e533-4bec-94fe-e21f6aa51539","local_time":"20210106105326","is_ascension_mode":false,"campfire_choices":[{"data":"jedi:studypoison","floor":11.0,"key":"SMITH"},{"floor":15.0,"key":"RECALL"},{"floor":25.0,"key":"REST"},{"floor":32.0,"key":"REST"},{"data":"Footwork","floor":41.0,"key":"SMITH"},{"data":"Distraction","floor":45.0,"key":"SMITH"},{"floor":49.0,"key":"DIG"},{"data":"Footwork","floor":52.0,"key":"SMITH"}],"circlet_count":0,"master_deck":["Strike_G","Strike_G+1","Defend_G","Defend_G","Defend_G","Defend_G+1","Defend_G","Survivor","Neutralize","TheCursedMod:Defend_TheCursed","jedi:studypoison+1","Bane","Distraction+1","Poisoned Stab","All Out Attack","Poisoned Stab","Escape Plan","Replay:Bag of Tricks+1","jedi:acidrain+1","Corpse Explosion+1","hubris:Insight","Deadly Poison+1","Well Laid Plans","Footwork+1","Backflip","ReplayTheSpireMod:Speed Training","Bane+1","Fluid Movement+1","Finesse+1","Sneak Up+1","Blade Dance+1","ReplayTheSpireMod:Speed Training","Crippling Poison+1","Well Laid Plans","Acrobatics+1","jedi:pocketpoison+1","Replay:Poison Smokescreen+1","Footwork+1","PiercingWail+1"],"relics":["Ring of the Snake","hubris:Towel","FossilizedHelix","Matryoshka","Ring of Hypnosis","DemoMod:ClearGuonStone","jedi:hotpepper","hubris:SlimyHat","DemoMod:PoisonVial","hubris:CrystalStatue","DemoMod:RingOfEthereal","Astrolabe","Bag of Preparation","Happy Flower","Simple Rune","Pet Ghost","Paper Crane","Guide Book","Replay:Baseball","Kunai"],"acts_visited":["Exordium","TheCity","TheBeyond","TheEnding"],"potions_floor_usage":[55],"damage_taken":[{"damage":4.0,"enemies":"2 Louse","floor":1.0,"turns":3.0},{"damage":1.0,"enemies":"Jaw Worm","floor":3.0,"turns":4.0},{"damage":0.0,"enemies":"Small Slimes","floor":4.0,"turns":2.0},{"damage":10.0,"enemies":"Gremlin Gang","floor":5.0,"turns":5.0},{"damage":23.0,"enemies":"Lagavulin","floor":6.0,"turns":8.0},{"damage":0.0,"enemies":"Large Slime","floor":7.0,"turns":5.0},{"damage":0.0,"enemies":"Red Slaver","floor":8.0,"turns":3.0},{"damage":0.0,"enemies":"Gremlin Gang","floor":12.0,"turns":1.0},{"damage":0.0,"enemies":"Exordium Wildlife","floor":13.0,"turns":2.0},{"damage":0.0,"enemies":"3 Sentries","floor":14.0,"turns":5.0},{"damage":16.0,"enemies":"The Guardian","floor":16.0,"turns":12.0},{"damage":14.0,"enemies":"Shell Parasite","floor":18.0,"turns":5.0},{"damage":0.0,"enemies":"3 Byrds","floor":21.0,"turns":3.0},{"damage":0.0,"enemies":"Cultist and Chosen","floor":22.0,"turns":3.0},{"damage":24.0,"enemies":"Gremlin Leader","floor":23.0,"turns":6.0},{"damage":1.0,"enemies":"Centurion and Healer","floor":24.0,"turns":4.0},{"damage":8.0,"enemies":"Snecko","floor":27.0,"turns":5.0},{"damage":2.0,"enemies":"3 Cultists","floor":28.0,"turns":5.0},{"damage":0.0,"enemies":"Book of Stabbing","floor":29.0,"turns":6.0},{"damage":0.0,"enemies":"Chosen and Byrds","floor":30.0,"turns":6.0},{"damage":0.0,"enemies":"Gremlin Leader","floor":31.0,"turns":5.0},{"damage":0.0,"enemies":"Champ","floor":33.0,"turns":14.0},{"damage":0.0,"enemies":"3 Shapes","floor":35.0,"turns":4.0},{"damage":0.0,"enemies":"3 Darklings","floor":36.0,"turns":3.0},{"damage":0.0,"enemies":"Sphere and 2 Shapes","floor":39.0,"turns":3.0},{"damage":0.0,"enemies":"Giant Head","floor":40.0,"turns":10.0},{"damage":0.0,"enemies":"Maw","floor":42.0,"turns":8.0},{"damage":0.0,"enemies":"3 Darklings","floor":46.0,"turns":3.0},{"damage":0.0,"enemies":"Sphere and 2 Shapes","floor":47.0,"turns":3.0},{"damage":0.0,"enemies":"Jaw Worm Horde","floor":48.0,"turns":6.0},{"damage":0.0,"enemies":"Replay:Hell Engine","floor":50.0,"turns":10.0},{"damage":0.0,"enemies":"Shield and Spear","floor":54.0,"turns":5.0},{"damage":36,"enemies":"The Heart","floor":55,"turns":9}],"seed_played":"-3074374233758027403","potions_obtained":[{"floor":4.0,"key":"Poison Potion"},{"floor":5.0,"key":"LiquidMemories"},{"floor":6.0,"key":"BlessingOfTheForge"},{"floor":14.0,"key":"Adrenaline Potion"},{"floor":18.0,"key":"SteroidPotion"},{"floor":21.0,"key":"LiquidBronze"},{"floor":28.0,"key":"SkillPotion"},{"floor":29.0,"key":"Adrenaline Potion"},{"floor":30.0,"key":"EntropicBrew"},{"floor":31.0,"key":"DemoMod:LeadSkinPotion"},{"floor":35.0,"key":"Poison Potion"},{"floor":38.0,"key":"SneckoOil"},{"floor":47.0,"key":"Elixir"},{"floor":54.0,"key":"Fruit Juice"}],"is_trial":false,"path_per_floor":["M","?","M","M","M","E","M","M","T","?","R","M","M","E","R","B",null,"M","?","?","M","M","E","M","R","T","M","M","E","M","E","R","B",null,"M","M","$","?","M","E","R","M","T","$","R","M","M","M","R","B",null,"R","$","E","B",null],"character_chosen":"THE_SILENT","items_purchased":["Bag of Preparation","Happy Flower","Well Laid Plans","Acrobatics+1","Guide Book","Footwork"],"campfire_rested":2,"item_purchase_floors":[37,37,37,37,44,44],"current_hp_per_floor":[66,66,65,68,58,35,35,35,35,35,35,35,35,35,35,19,52,38,38,38,38,38,14,13,28,28,20,18,18,18,18,33,33,52,52,52,52,52,52,52,52,52,52,52,52,52,52,52,52,52,52,52,52,55,19],"gold":81,"neow_bonus":"THREE_RARE_CARDS","is_daily":false,"chose_seed":false,"campfire_upgraded":4,"win_rate":0.0,"timestamp":1609901606,"path_taken":["M","?","M","M","M","E","M","M","T","?","R","M","?","E","R","BOSS","M","?","?","?","M","E","M","R","T","M","M","E","M","E","R","BOSS","M","M","$","?","M","E","R","M","T","$","R","?","M","M","R","BOSS","R","$","E","BOSS"],"items_purchased_type":["Relic","Relic","Card","Card","Relic","Card"],"build_version":"2020-12-22","purchased_purges":1,"victory":true,"max_hp_per_floor":[70,70,70,70,70,70,70,70,70,70,70,70,70,70,70,70,52,52,52,52,52,52,52,52,52,52,52,52,52,52,52,52,52,52,52,52,52,52,52,52,52,52,52,52,52,52,52,52,52,52,52,52,52,55,55],"card_choices":[{"not_picked":["Poison Darts","Tools of the Trade"],"picked":"jedi:studypoison","floor":0.0},{"not_picked":["Masterful Stab","Finisher"],"picked":"Bane","floor":1.0},{"not_picked":["hubris:Counter","Backflip"],"picked":"Distraction","floor":3.0},{"not_picked":["Flying Knee","Prepared","Slice"],"picked":"SKIP","floor":4.0},{"not_picked":["Sneak Up","Flying Knee"],"picked":"Poisoned Stab","floor":5.0},{"not_picked":["Acrobatics","Dagger Spray","Dagger Throw"],"picked":"SKIP","floor":6.0},{"not_picked":["Tactician","Flying Knee"],"picked":"All Out Attack","floor":7.0},{"not_picked":["Terror","Slice"],"picked":"Poisoned Stab","floor":8.0},{"not_picked":["ReplayTheSpireMod:Tripwire","Dagger Spray"],"picked":"Escape Plan","floor":12.0},{"not_picked":["Dagger Spray","Choke","Flying Knee"],"picked":"SKIP","floor":13.0},{"not_picked":["Infinite Blades","Hidden Blade","Poisoned Stab"],"picked":"SKIP","floor":14.0},{"not_picked":["jedi:studyshivs","A Thousand Cuts"],"picked":"Replay:Bag of Tricks","floor":16.0},{"not_picked":["Blade Dance","Backflip"],"picked":"jedi:acidrain+1","floor":18.0},{"not_picked":["Dagger Spray","ReplayTheSpireMod:Exploit Weakness","hubris:Sniper+1"],"picked":"SKIP","floor":21.0},{"not_picked":["hubris:Counter+1","Heel Hook"],"picked":"Deadly Poison+1","floor":22.0},{"not_picked":["Blade Dance","Slice+1"],"picked":"Well Laid Plans","floor":23.0},{"not_picked":["Expertise","Flying Knee"],"picked":"Footwork","floor":24.0},{"not_picked":["Dodge and Roll+1","hubris:TrickCloak+1","Caltrops"],"picked":"SKIP","floor":27.0},{"not_picked":["Expertise","Prepared+1"],"picked":"Backflip","floor":28.0},{"not_picked":["Slice+1","Hidden Blade"],"picked":"ReplayTheSpireMod:Speed Training","floor":29.0},{"not_picked":["Quick Slash","Deadly Poison+1"],"picked":"Bane+1","floor":30.0},{"not_picked":["hubris:TrickCloak","Reflex"],"picked":"Fluid Movement+1","floor":31.0},{"not_picked":["Finisher+1","Underhanded Strike+1"],"picked":"ReplayTheSpireMod:Speed Training","floor":35.0},{"not_picked":["Blade Dance","Deadly Poison"],"picked":"Crippling Poison+1","floor":36.0},{"not_picked":["Underhanded Strike+1","Outmaneuver+1","Dagger Throw+1"],"picked":"SKIP","floor":39.0},{"not_picked":["Poison Darts","hubris:SlightOfHand+1"],"picked":"jedi:pocketpoison+1","floor":40.0},{"not_picked":["Acrobatics","Tactician"],"picked":"Replay:Poison Smokescreen+1","floor":42.0},{"not_picked":["Flechettes","Hidden Blade","Flying Knee+1"],"picked":"SKIP","floor":46.0},{"not_picked":["Well Laid Plans","Sucker Punch+1","Outmaneuver"],"picked":"SKIP","floor":47.0},{"not_picked":["Sucker Punch","PiercingWail+1","Masterful Stab"],"picked":"SKIP","floor":48.0},{"not_picked":["Sucker Punch","Masterful Stab"],"picked":"PiercingWail+1","floor":48.0},{"not_picked":["ReplayTheSpireMod:The Works","Flechettes+1","Prepared+1"],"picked":"SKIP","floor":54.0}],"player_experience":217034,"relics_obtained":[{"floor":6.0,"key":"FossilizedHelix"},{"floor":9.0,"key":"Matryoshka"},{"floor":10.0,"key":"Ring of Hypnosis"},{"floor":14.0,"key":"DemoMod:ClearGuonStone"},{"floor":23.0,"key":"hubris:SlimyHat"},{"floor":26.0,"key":"DemoMod:PoisonVial"},{"floor":29.0,"key":"hubris:CrystalStatue"},{"floor":31.0,"key":"DemoMod:RingOfEthereal"},{"floor":40.0,"key":"Simple Rune"},{"floor":43.0,"key":"Pet Ghost"},{"floor":43.0,"key":"Paper Crane"},{"floor":49.0,"key":"Replay:Baseball"},{"floor":54.0,"key":"Kunai"}],"event_choices":[{"damage_healed":0.0,"max_hp_gain":0.0,"max_hp_loss":0.0,"gold_gain":0.0,"event_name":"Ghosts","player_choice":"Ignored","floor":19.0,"gold_loss":0.0,"damage_taken":0.0},{"damage_healed":0.0,"max_hp_gain":0.0,"max_hp_loss":0.0,"gold_gain":0.0,"event_name":"Match and Keep!","player_choice":"2 cards matched","floor":20.0,"gold_loss":0.0,"damage_taken":0.0,"cards_obtained":["Corpse Explosion","hubris:Insight"]},{"damage_healed":0.0,"max_hp_gain":0.0,"max_hp_loss":0.0,"gold_gain":0.0,"event_name":"The Woman in Blue","player_choice":"Bought 1 Potion","floor":38.0,"gold_loss":0.0,"damage_taken":0.0}],"is_beta":false,"boss_relics":[{"not_picked":["Honey Jar","ChewingGum"],"picked":"jedi:hotpepper"},{"not_picked":["hubris:GrandSneckoEye","Replay:Ancient Bell"],"picked":"Astrolabe"}],"items_purged_floors":[37],"is_endless":false,"potions_floor_spawned":[4,5,6,12,14,18,21,28,29,30,31,35,39,47,54],"ascension_level":0}}