{"host":"mvz90ilxx8epviq1","time":1609895435,"event":{"mods":["2.2 Compatiblity","AchievementEnabler","Act Like it!","Bartender","BaseMod","Better Note","Better Third Choice","Better Vampires","Clockwork Mod","Colored Map","Colored Powertips","Downfall","Gensokyo","Hallownest","Hermit","Hubris","Koishi","Marisa????????","Minty Spire (QoL Compilation)","Replay The Spire","SIMod","Shop Mod","Spicy Shops","StSLib","The Alterego","The Blackbeard","The Bug Knight","The Construct","The Cursed","The Mystic","The Senshi","The Servant 0.9.4","The Wild Card","slay the spire mod where everything is the same but ironclad has a cowboy hat"],"gold_per_floor":[117,135,135,145,95,128,141,155,181,181,213,213,242,261,261,361,361,380,380,38,49,62,62,62],"floor_reached":23,"playtime":2846,"items_purged":[],"score":238,"play_id":"a96aaaeb-578b-42df-a725-39f8eb8b85ca","local_time":"20210105201035","is_ascension_mode":false,"campfire_choices":[{"data":"HollowMod:GreatSlash","floor":12.0,"key":"SMITH"},{"floor":15.0,"key":"REST"}],"circlet_count":0,"master_deck":["HollowMod:NailStrikeStart","HollowMod:NailStrikeStart","HollowMod:NailStrikeStart","HollowMod:NailStrikeStart","HollowMod:QuickDashStart","HollowMod:QuickDashStart","HollowMod:QuickDashStart","HollowMod:QuickDashStart","HollowMod:PogoStrike","HollowMod:LuriensSpire","HollowMod:InfectionAssault","HollowMod:CloakDash","HollowMod:NewGlowingWomb","HollowMod:LifebloodCocoon","HollowMod:GreatSlash+1","Pain","HollowMod:CoiledNail","HollowMod:FastStrike","HollowMod:MawleksShell","HollowMod:NewInfectedGuardian","HollowMod:GoodIntentions+1","Gensokyo:FourOfAKind","Gensokyo:FourOfAKind","Gensokyo:FourOfAKind","Gensokyo:FourOfAKind","Gensokyo:TekeTeke","Gensokyo:RustyChest","Gensokyo:BlemishedSteel","Gensokyo:TarnishedGold","Gensokyo:RPG","HollowMod:DashSlash+1","HollowMod:CloakDash"],"relics":["hubris:GrandSneckoEye","hubris:Icosahedron","ReplayTheSpireMod:Lightbulb","Centennial Puzzle","WarpedTongs","Vajra","Boot","Runic Dome","Frozen Eye"],"acts_visited":["Exordium","Gensokyo:Gensokyoer"],"potions_floor_usage":[23],"damage_taken":[{"damage":1.0,"enemies":"Jaw Worm","floor":1.0,"turns":3.0},{"damage":1.0,"enemies":"2 Louse","floor":2.0,"turns":2.0},{"damage":0.0,"enemies":"Cultist","floor":4.0,"turns":2.0},{"damage":12.0,"enemies":"Gremlin Nob","floor":6.0,"turns":3.0},{"damage":2.0,"enemies":"3 Louse","floor":7.0,"turns":3.0},{"damage":0.0,"enemies":"Red Slaver","floor":8.0,"turns":2.0},{"damage":6.0,"enemies":"3 Sentries","floor":11.0,"turns":3.0},{"damage":20.0,"enemies":"Replay:BlueRogue","floor":13.0,"turns":2.0},{"damage":5.0,"enemies":"Lots of Slimes","floor":14.0,"turns":3.0},{"damage":11.0,"enemies":"HollowMod:FalseKnight","floor":16.0,"turns":5.0},{"damage":0.0,"enemies":"Gensokyo:3_Dogs","floor":18.0,"turns":3.0},{"damage":9.0,"enemies":"Gensokyo:AngelMirror","floor":21.0,"turns":2.0},{"damage":5.0,"enemies":"Gensokyo:Slime_Group","floor":22.0,"turns":3.0},{"damage":39,"enemies":"Gensokyo:Koishi","floor":23,"turns":2}],"seed_played":"5859155328648606265","potions_obtained":[{"floor":1.0,"key":"Swift Potion"},{"floor":6.0,"key":"champ:CounterPotion"},{"floor":7.0,"key":"BlessingOfTheForge"},{"floor":18.0,"key":"ColorlessPotion"}],"is_trial":false,"path_per_floor":["M","M","?","M","?","E","M","M","T","?","E","R","E","M","R","B",null,"M","?","COS","M","M","E"],"character_chosen":"THE_BUGKNIGHT","items_purchased":[],"campfire_rested":1,"item_purchase_floors":[],"current_hp_per_floor":[74,73,73,75,75,63,61,61,61,61,55,55,35,30,52,41,75,75,53,53,44,39,0,0],"gold":62,"neow_bonus":"BOSS_RELIC","is_daily":false,"chose_seed":false,"campfire_upgraded":1,"win_rate":0.0,"timestamp":1609895435,"path_taken":["M","M","?","M","?","E","M","M","T","?","E","R","E","?","R","BOSS","M","?","COS","M","M","E"],"items_purchased_type":[],"build_version":"2020-12-22","purchased_purges":0,"victory":false,"max_hp_per_floor":[75,75,75,75,75,75,75,75,75,75,75,75,75,75,75,75,75,75,53,53,53,53,53,53],"card_choices":[{"not_picked":["HollowMod:BrokenVessel","HollowMod:TaintedHusks"],"picked":"HollowMod:LuriensSpire","floor":1.0},{"not_picked":["HollowMod:DesolateDive","HollowMod:DoubleDash"],"picked":"HollowMod:InfectionAssault","floor":2.0},{"not_picked":["HollowMod:NewLittleFool","HollowMod:MawleksShell"],"picked":"HollowMod:CloakDash","floor":4.0},{"not_picked":["HollowMod:VengefulVoid","HollowMod:LuriensSpire"],"picked":"HollowMod:NewGlowingWomb","floor":6.0},{"not_picked":["HollowMod:PureNailStrike","HollowMod:CycloneSlash"],"picked":"HollowMod:LifebloodCocoon","floor":7.0},{"not_picked":["HollowMod:PerfectDash","HollowMod:TaintedHusks"],"picked":"HollowMod:GreatSlash","floor":8.0},{"not_picked":["HollowMod:SoulShaman","HollowMod:MantisMark"],"picked":"HollowMod:CoiledNail","floor":11.0},{"not_picked":["HollowMod:SharpenedNail","HollowMod:WraithStrike"],"picked":"HollowMod:FastStrike","floor":13.0},{"not_picked":["HollowMod:SoulSplash","HollowMod:CornifersMapStart"],"picked":"HollowMod:MawleksShell","floor":14.0},{"not_picked":["HollowMod:LifebloodCore","HollowMod:ElderbugsWisdom"],"picked":"HollowMod:NewInfectedGuardian","floor":16.0},{"not_picked":["HollowMod:MothsMistake","HollowMod:SoulStrike"],"picked":"HollowMod:GoodIntentions+1","floor":18.0},{"not_picked":["HollowMod:GoodIntentions","HollowMod:TaintedHusks"],"picked":"HollowMod:DashSlash+1","floor":21.0},{"not_picked":["HollowMod:SharpenedNail","HollowMod:SiblingsShadow"],"picked":"HollowMod:CloakDash","floor":22.0}],"player_experience":468280,"relics_obtained":[{"floor":6.0,"key":"ReplayTheSpireMod:Lightbulb"},{"floor":9.0,"key":"Centennial Puzzle"},{"floor":11.0,"key":"Vajra"},{"floor":13.0,"key":"Boot"}],"event_choices":[{"cards_removed":["HollowMod:FocusHealStart"],"damage_healed":0.0,"max_hp_gain":0.0,"max_hp_loss":0.0,"gold_gain":0.0,"event_name":"The Cleric","player_choice":"Card Removal","floor":5.0,"gold_loss":50.0,"damage_taken":0.0},{"damage_healed":0.0,"max_hp_gain":0.0,"max_hp_loss":0.0,"gold_gain":0.0,"event_name":"Accursed Blacksmith","player_choice":"Rummage","floor":10.0,"gold_loss":0.0,"damage_taken":0.0,"relics_obtained":["WarpedTongs"],"cards_obtained":["Pain"]}],"is_beta":false,"boss_relics":[{"not_picked":["Ectoplasm","Velvet Choker"],"picked":"Runic Dome"}],"items_purged_floors":[],"is_endless":false,"potions_floor_spawned":[1,6,7,8,18],"killed_by":"Gensokyo:Koishi","ascension_level":0}}