{"host":"qvm8mnkwg7phaqzl","time":1609909667,"event":{"mods":["2.2 Compatiblity","Act Like it!","Aspiration","Astrologer","Bard","BaseMod","Beaked The Cultist","Better Altar","Better Match","Better Note","Better Sensory Stone","Better Skull","Better Third Choice","CCEM","CapriCore","CatGirl Mod","Chen","Colored Map","Conspire","DeckTracker","Downfall","Elementarium","Friendly Minions","Gensokyo","GifTheSpireLib","Gremlin Mod","Halation","Hermit","Hubris","Koishi","Marisa（霧雨　魔理沙）","Marked Mod","Mathematician","Minty Spire (QoL Compilation)","Onozuka Komachi Mod","Potionbrewer","Random Character Button","Rare Cards Sparkle","Reimu（博??梦）","Replay The Spire","Shade Mod","Somnambulant","StSLib","The Accelerator","The Administrix","The Alterego","The Blackbeard","The Bladedancer","The Bug Knight","The Caster","The Construct","The Cursed","The Disciple","The Dragon Tamer","The Druid","The Elementalist","The Factory","The Florist","The Forsaken","The Gatherer","The Hierophant","The Immortal","The Judge","The Juggle","The Jungle","The Marked","The Mystic","The Necromancer","The Poker Player","The Problem Sleuth","The Runesmith","The Sage","The Servant 0.9.4","The Spell Scribe","The Valiant","The Witch","TheArtist","TheBandit","TheFirefly","Wandering Minibosses","Yakumo Yukari mod","Yuyuko","vexMod","yUi"],"gold_per_floor":[99,112,112,22,39,24,24,9,28,59,72,72,72,43,54,158,158,83,298,298,313,327,252,320,320,320],"floor_reached":25,"playtime":3783,"items_purged":["Clumsy"],"score":201,"play_id":"4571ce0a-225c-4848-8548-c3a17656ffde","local_time":"20210105230747","is_ascension_mode":false,"campfire_choices":[{"data":"champ:Taunt","floor":1,"key":"SMITH"},{"data":"champ:Lariat","floor":12,"key":"SMITH"},{"floor":18,"key":"RECALL"},{"data":"champ:IronFortress","floor":23,"key":"SMITH"}],"circlet_count":0,"master_deck":["champ:Strike","champ:Strike","champ:Strike","champ:Defend","champ:Defend","champ:Defend","champ:Defend","champ:Execute","champ:Taunt+1","champ:GladiatorStyle","champ:Lariat+1","champ:FanOfKnives","champ:FaceSlap","champ:Shatter","champ:ShieldWall","champ:CrownThrow","champ:IronFortress+1","champ:FanOfKnives"],"relics":["champ:ChampionCrown","Gensokyo:NagashiBinaDoll","Blood Vial","Happy Flower","Empty Cage","downfall:HeartBlessingBlue","downfall:HeartBlessingRed","Golden Egg"],"acts_visited":["Gensokyo:Gensokyo","Gensokyo:Gensokyoer"],"potions_floor_usage":[6,9,16,25,25],"damage_taken":[{"damage":8,"enemies":"Gensokyo:Gryphon","floor":2,"turns":4},{"damage":10,"enemies":"downfall:FleeingMerchant","floor":4,"turns":4},{"damage":5,"enemies":"Gensokyo:Python","floor":5,"turns":5},{"damage":5,"enemies":"downfall:FleeingMerchant","floor":6,"turns":4},{"damage":30,"enemies":"downfall:FleeingMerchant","floor":8,"turns":4},{"damage":9,"enemies":"Gensokyo:3_Fairies","floor":9,"turns":3},{"damage":25,"enemies":"Gensokyo:Aya","floor":10,"turns":5},{"damage":10,"enemies":"Gensokyo:VengefulSpirit","floor":11,"turns":3},{"damage":13,"enemies":"Gensokyo:2_Rabbits","floor":15,"turns":4},{"damage":35,"enemies":"downfall:Watcher","floor":16,"turns":8},{"damage":54,"enemies":"Gensokyo:CosmicMonolith","floor":19,"turns":6},{"damage":8,"enemies":"Gensokyo:2_Gloops","floor":21,"turns":3},{"damage":27,"enemies":"Gensokyo:Mirror_and_Dog","floor":22,"turns":6},{"damage":59,"enemies":"Gensokyo:Slime_Group","floor":25,"turns":4}],"seed_played":"1766586354941065752","potions_obtained":[{"floor":5,"key":"PowerPotion"},{"floor":9,"key":"potionbrewer:SplittingPotion"},{"floor":10,"key":"champ:OpenerPotion"},{"floor":11,"key":"potionbrewer:NoxiousPotion"},{"floor":22,"key":"champ:TechniquePotion"}],"is_trial":false,"path_per_floor":["R_BF","M","?","$","M","$","T","$","M","E","M","R","?","COS","M","B",null,"R_BF","M","?","M","M","R","T","M"],"character_chosen":"THE_CHAMP","items_purchased":[],"campfire_rested":0,"item_purchase_floors":[],"current_hp_per_floor":[90,87,72,72,72,72,72,62,62,50,52,52,52,52,49,24,90,100,61,67,69,47,47,47,0,0],"gold":320,"neow_bonus":"RANDOM_EVENT","is_daily":false,"chose_seed":false,"campfire_upgraded":3,"win_rate":0.0,"timestamp":1609909667,"path_taken":["R_BF","M","?","$","M","?","T","$","?","E","M","R","?","COS","M","BOSS","R_BF","M","?","M","M","R","T","?"],"items_purchased_type":[],"build_version":"2020-12-22","purchased_purges":1,"victory":false,"max_hp_per_floor":[90,90,90,90,90,90,90,90,90,90,90,90,90,90,90,90,90,100,100,100,100,100,100,100,100,100],"card_choices":[{"not_picked":["champ:RapidStrikes","champ:Haymaker"],"picked":"champ:GladiatorStyle","floor":2},{"not_picked":["champ:AdrenalArmor","champ:StanceDance"],"picked":"champ:Lariat","floor":4},{"not_picked":["champ:TornadoPunch","champ:RisingSlash"],"picked":"champ:BladeFlurry","floor":5},{"not_picked":["champ:Haymaker","champ:GutPunch"],"picked":"champ:FanOfKnives","floor":6},{"not_picked":["champ:BladeFlurry","champ:PerfectForm","champ:Circumvent"],"picked":"SKIP","floor":8},{"not_picked":["champ:Duel","champ:Haymaker"],"picked":"champ:FaceSlap","floor":9},{"not_picked":["champ:Backstep","champ:RapidStrikes"],"picked":"champ:DeathBlow","floor":10},{"not_picked":["champ:Encircle","champ:StanceDance"],"picked":"champ:Shatter","floor":11},{"not_picked":["champ:ViciousMockery","champ:FlashCut"],"picked":"champ:ShieldWall","floor":15},{"not_picked":["champ:PerfectForm","champ:CheapShot"],"picked":"champ:CrownThrow","floor":16},{"not_picked":["champ:BerserkersShout","champ:PerfectedStrike","champ:Circumvent"],"picked":"SKIP","floor":19},{"not_picked":["champ:Duel+1","champ:Backstep"],"picked":"champ:IronFortress","floor":21},{"not_picked":["champ:Circumvent","champ:StanceDance"],"picked":"champ:FanOfKnives","floor":22}],"player_experience":649236,"relics_obtained":[{"floor":10,"key":"Blood Vial"},{"floor":24,"key":"Golden Egg"}],"event_choices":[{"damage_healed":6,"gold_gain":0,"player_choice":"LEAVE ","damage_taken":0,"relics_obtained":[],"max_hp_gain":0,"max_hp_loss":0,"event_name":"betterSkull:BetterSkull","floor":20,"gold_loss":0,"cards_upgraded":[]}],"is_beta":false,"boss_relics":[{"not_picked":["Astrolabe","theForsaken:PaleLantern"],"picked":"Empty Cage"}],"items_purged_floors":[4],"is_endless":false,"potions_floor_spawned":[5,9,10,11,15,22],"killed_by":"Gensokyo:Slime_Group","ascension_level":0}}