{"host":"xkmvu47k9fdstweo","time":1609964037,"event":{"mods":["BaseMod","Colored Map","Conspire","Hubris","Minty Spire (QoL Compilation)","Quick Restart","Railgun Mod","Shop Mod","StSLib","The Alterego","The Servant 0.9.4","The Wild Card","TheBandit","WarShipGirlsR/??è≠èóR mod","vexMod"],"gold_per_floor":[116,130,5,17,17,17,17,45,45,78,98,108,108,126,126,225,225,244,259,259,259],"floor_reached":20,"playtime":651,"items_purged":[],"score":279,"play_id":"fcc536ee-7ad6-4a3c-b9a3-17c1e838cdca","local_time":"20210106151357","is_ascension_mode":true,"campfire_choices":[{"data":"Inflame","floor":6.0,"key":"SMITH"},{"floor":13,"key":"REST"},{"data":"Pummel","floor":15,"key":"SMITH"}],"circlet_count":0,"master_deck":["AscendersBane","Strike_R","Strike_R","Strike_R","Strike_R","Defend_R","Defend_R","Defend_R","Defend_R","Bash","Reaper","Inflame+1","Whirlwind","Shrug It Off","Pummel+1","Sever Soul","Twin Strike","Dropkick","Sword Boomerang","Exhume","Limit Break","Rampage"],"relics":["Burning Blood","hubris:SlimyHat","conspire:DecoderRing","hubris:BottledRain","Runic Pyramid"],"acts_visited":["Exordium","TheCity"],"potions_floor_usage":[11,11,12,16],"damage_taken":[{"damage":14.0,"enemies":"Cultist","floor":1.0,"turns":5.0},{"damage":9.0,"enemies":"Jaw Worm","floor":2.0,"turns":4.0},{"damage":10.0,"enemies":"conspire:RoseBush","floor":4.0,"turns":6.0},{"damage":17.0,"enemies":"3 Sentries","floor":8.0,"turns":6.0},{"damage":56.0,"enemies":"Lagavulin","floor":10.0,"turns":10.0},{"damage":56,"enemies":"Gremlin Gang","floor":11,"turns":4},{"damage":20,"enemies":"3 Louse","floor":12,"turns":4},{"damage":16,"enemies":"Blue Slaver","floor":14,"turns":4},{"damage":36,"enemies":"Slime Boss","floor":16,"turns":9},{"damage":80,"enemies":"conspire:FuzzyDice","floor":18,"turns":7},{"damage":21,"enemies":"Chosen","floor":19,"turns":5},{"damage":2,"enemies":"Shelled Parasite and Fungi","floor":20,"turns":2}],"seed_played":"-3648064378214345598","potions_obtained":[{"floor":1.0,"key":"GamblersBrew"},{"floor":10.0,"key":"SteroidPotion"},{"floor":11,"key":"BloodPotion"},{"floor":14,"key":"ColorlessPotion"}],"is_trial":false,"path_per_floor":["M","M","$","M","?","R","$","E","T","E","M","M","R","M","R","B",null,"M","M","M"],"character_chosen":"IRONCLAD","items_purchased":["Shrug It Off","Fruit Juice"],"campfire_rested":1,"item_purchase_floors":[3,3],"current_hp_per_floor":[70,67,67,77,77,77,77,80,80,33,19,36,61,58,58,58,78,25,10,8,8],"gold":259,"neow_bonus":"ONE_RANDOM_RARE_CARD","is_daily":false,"chose_seed":false,"campfire_upgraded":2,"win_rate":0.0,"timestamp":1609964037,"path_taken":["M","M","$","M","?","R","$","E","T","E","M","M","R","M","R","BOSS","M","?","M"],"items_purchased_type":["Card","Potion"],"build_version":"2020-12-22","purchased_purges":0,"victory":false,"max_hp_per_floor":[80,80,80,85,85,85,85,85,85,85,85,85,85,85,85,85,85,85,85,85,85],"card_choices":[{"not_picked":["conspire:ExplosiveBarrier","True Grit"],"picked":"Inflame","floor":1.0},{"not_picked":["Anger","Perfected Strike"],"picked":"Whirlwind","floor":2.0},{"not_picked":["Body Slam","Carnage"],"picked":"Pummel","floor":4.0},{"not_picked":["Body Slam","Headbutt"],"picked":"Twin Strike","floor":8.0},{"not_picked":["Clothesline","Hemokinesis"],"picked":"Dropkick","floor":10.0},{"not_picked":["hubris:ReadiedAction","Havoc"],"picked":"Sword Boomerang","floor":11},{"not_picked":["Rage","Body Slam"],"picked":"Exhume","floor":12},{"not_picked":["Dual Wield","Hemokinesis","Reckless Charge"],"picked":"SKIP","floor":14},{"not_picked":["Berserk","Juggernaut"],"picked":"Limit Break","floor":16},{"not_picked":["Evolve","hubris:ReadiedAction"],"picked":"Rampage","floor":18},{"not_picked":["Clash","Searing Blow+1","conspire:Charge"],"picked":"SKIP","floor":19}],"player_experience":355176,"relics_obtained":[{"floor":8.0,"key":"hubris:SlimyHat"},{"floor":9.0,"key":"conspire:DecoderRing"},{"floor":10.0,"key":"hubris:BottledRain"}],"event_choices":[{"damage_healed":0.0,"max_hp_gain":0.0,"max_hp_loss":0.0,"gold_gain":0.0,"cards_transformed":["Strike_R"],"event_name":"Transmorgrifier","player_choice":"Transformed","floor":5.0,"gold_loss":0.0,"damage_taken":0.0,"cards_obtained":["Sever Soul"]}],"is_beta":false,"boss_relics":[{"not_picked":["hubris:CrackedHourglass","vexMod:CursedCompass"],"picked":"Runic Pyramid"}],"items_purged_floors":[],"is_endless":false,"potions_floor_spawned":[1,10,11,14],"killed_by":"Shelled Parasite and Fungi","ascension_level":10}}