{"host":"f5n4tidiz2n5sooh","time":1609893654,"event":{"mods":["BaseMod","Bestiary","Colored Map","Minty Spire (QoL Compilation)","Relic Stats","StSLib"],"gold_per_floor":[109,128,138,152,13,13,41,41,96,114,126,153,153,78,78,154,154,174,99,99,99,116,116,116,116,116,116,116],"floor_reached":27,"playtime":1141,"items_purged":["Strike_G"],"score":442,"play_id":"f4becf47-ebc4-401c-9584-28bd69558040","local_time":"20210105184054","is_ascension_mode":true,"campfire_choices":[{"data":"All Out Attack","floor":6.0,"key":"SMITH"},{"floor":8.0,"key":"REST"},{"data":"Glass Knife","floor":13.0,"key":"SMITH"},{"data":"Well Laid Plans","floor":15.0,"key":"SMITH"},{"floor":23,"key":"REST"},{"data":"Burst","floor":25,"key":"SMITH"}],"circlet_count":0,"master_deck":["AscendersBane","Strike_G","Defend_G","Defend_G","Defend_G","Defend_G","Defend_G","Survivor","Neutralize","All Out Attack+1","Well Laid Plans+1","Dagger Spray","Eviscerate","Dagger Throw","Glass Knife+1","Backflip","Burst+1","Calculated Gamble","Crippling Poison"],"relics":["SacredBark","Bottled Tornado","Nunchaku","Centennial Puzzle","Empty Cage","MutagenicStrength","Shuriken"],"acts_visited":["Exordium","TheCity"],"potions_floor_usage":[],"damage_taken":[{"damage":3.0,"enemies":"2 Louse","floor":1.0,"turns":4.0},{"damage":1.0,"enemies":"Small Slimes","floor":2.0,"turns":3.0},{"damage":6.0,"enemies":"Cultist","floor":3.0,"turns":4.0},{"damage":6.0,"enemies":"2 Fungi Beasts","floor":4.0,"turns":4.0},{"damage":12.0,"enemies":"3 Sentries","floor":7.0,"turns":4.0},{"damage":6.0,"enemies":"Exordium Thugs","floor":10.0,"turns":4.0},{"damage":2.0,"enemies":"3 Louse","floor":11.0,"turns":4.0},{"damage":3.0,"enemies":"Gremlin Nob","floor":12.0,"turns":3.0},{"damage":11.0,"enemies":"The Guardian","floor":16.0,"turns":14.0},{"damage":0.0,"enemies":"3 Byrds","floor":18.0,"turns":5.0},{"damage":26,"enemies":"Shell Parasite","floor":22,"turns":3},{"damage":48,"enemies":"Slavers","floor":27,"turns":3}],"seed_played":"8567271475957365669","potions_obtained":[{"floor":1.0,"key":"FearPotion"},{"floor":7.0,"key":"Dexterity Potion"},{"floor":10.0,"key":"LiquidMemories"},{"floor":12.0,"key":"EssenceOfSteel"}],"is_trial":false,"path_per_floor":["M","M","M","M","$","R","E","R","T","M","M","E","R","$","R","B",null,"M","?","?","?","M","R","?","R","T","E"],"character_chosen":"THE_SILENT","items_purchased":["Eviscerate","Strength Potion"],"campfire_rested":2,"item_purchase_floors":[5,5],"current_hp_per_floor":[56,55,49,43,43,43,31,50,50,44,42,39,39,39,39,28,57,57,57,39,39,13,34,48,48,48,0,0],"gold":116,"neow_bonus":"BOSS_RELIC","is_daily":false,"chose_seed":false,"campfire_upgraded":4,"win_rate":0.0,"timestamp":1609893654,"path_taken":["M","M","M","M","$","R","E","R","T","M","M","E","R","$","R","BOSS","M","?","?","?","M","R","?","R","T","E"],"items_purchased_type":["Card","Potion"],"build_version":"2020-12-22","purchased_purges":1,"victory":false,"max_hp_per_floor":[66,66,66,66,66,66,66,66,66,66,66,66,66,66,66,66,66,66,66,71,71,71,71,71,71,71,71,71],"relic_stats":{"Nunchaku":[7],"Centennial Puzzle":[9],"counters":[12,55],"Shuriken":[1],"obtain_stats":[{"Nunchaku":9,"Centennial Puzzle":12,"Shuriken":26,"SacredBark":0,"MutagenicStrength":21,"Bottled Tornado":7,"Empty Cage":17,"Ring of the Snake":0},{"Nunchaku":5,"Centennial Puzzle":8,"Shuriken":11,"SacredBark":0,"MutagenicStrength":10,"Bottled Tornado":5,"Empty Cage":9,"Ring of the Snake":0},{"Nunchaku":19,"Centennial Puzzle":30,"Shuriken":52,"SacredBark":0,"MutagenicStrength":49,"Bottled Tornado":19,"Empty Cage":44,"Ring of the Snake":0}]},"card_choices":[{"not_picked":["Expertise","Sucker Punch"],"picked":"All Out Attack","floor":1.0},{"not_picked":["Catalyst","Underhanded Strike"],"picked":"Well Laid Plans","floor":2.0},{"not_picked":["Deflect","Acrobatics","Outmaneuver"],"picked":"SKIP","floor":3.0},{"not_picked":["Blur","Backstab"],"picked":"Dagger Spray","floor":4.0},{"not_picked":["Expertise","Heel Hook"],"picked":"Dagger Throw","floor":7.0},{"not_picked":["Acrobatics","All Out Attack","Infinite Blades"],"picked":"SKIP","floor":10.0},{"not_picked":["Calculated Gamble","Dagger Spray"],"picked":"Glass Knife","floor":11.0},{"not_picked":["Endless Agony","Underhanded Strike"],"picked":"Backflip","floor":12.0},{"not_picked":["Doppelganger","Venomology"],"picked":"Burst","floor":16.0},{"not_picked":["Cloak And Dagger","Concentrate"],"picked":"Calculated Gamble","floor":18.0},{"not_picked":["Backflip","Sucker Punch"],"picked":"Crippling Poison","floor":22}],"player_experience":1976760,"relics_obtained":[{"floor":7.0,"key":"Bottled Tornado"},{"floor":9.0,"key":"Nunchaku"},{"floor":12.0,"key":"Centennial Puzzle"},{"floor":26,"key":"Shuriken"}],"event_choices":[{"cards_removed":["Strike_G"],"damage_healed":0.0,"max_hp_gain":0.0,"max_hp_loss":0.0,"gold_gain":0.0,"event_name":"Beggar","player_choice":"Gave Gold","floor":19.0,"gold_loss":75.0,"damage_taken":0.0},{"damage_healed":0.0,"max_hp_gain":5.0,"max_hp_loss":0.0,"gold_gain":0.0,"event_name":"Forgotten Altar","player_choice":"Shed Blood","floor":20.0,"gold_loss":0.0,"damage_taken":23.0},{"damage_healed":0.0,"max_hp_gain":0.0,"max_hp_loss":0.0,"gold_gain":0.0,"event_name":"Drug Dealer","player_choice":"Inject Mutagens","floor":21.0,"gold_loss":0.0,"damage_taken":0.0,"relics_obtained":["MutagenicStrength"]},{"damage_healed":14,"gold_gain":0,"player_choice":"Heal","damage_taken":0,"max_hp_gain":0,"max_hp_loss":0,"event_name":"The Library","floor":24,"gold_loss":0}],"is_beta":false,"boss_relics":[{"not_picked":["Fusion Hammer","Busted Crown"],"picked":"Empty Cage"}],"items_purged_floors":[14],"is_endless":false,"potions_floor_spawned":[1,7,10,11,12],"killed_by":"Slavers","ascension_level":20}}