{"host":"armnliea5o2aqs4b","time":1609926853,"event":{"mods":["BaseMod","Hermit","Hubris","Infinite Spire","Minty Spire (QoL Compilation)","Quick Restart","StSLib","The Construct","The Disciple","The Forsaken"],"gold_per_floor":[116,116,136,56,102,102,117,137,137,137,155,166,178,209,209,209,209],"floor_reached":16,"playtime":290,"items_purged":[],"score":104,"play_id":"76885516-04df-42f3-bf26-f63a2514182c","local_time":"20210106205413","is_ascension_mode":false,"campfire_choices":[{"data":"infinitespire:OneForAll","floor":6,"key":"SMITH"},{"data":"Inflame","floor":10,"key":"SMITH"},{"data":"Heavy Blade","floor":15,"key":"SMITH"}],"circlet_count":0,"master_deck":["Strike_R","Strike_R","Strike_R","Strike_R","Strike_R","Defend_R","Defend_R","Defend_R","Defend_R","Bash","Cleave","infinitespire:OneForAll+1","Inflame+1","Thunderclap","Entrench","Heavy Blade+1"],"relics":["Burning Blood","NeowsBlessing","Torii","Bag of Marbles","Strawberry","Meat on the Bone"],"acts_visited":["Exordium"],"potions_floor_usage":[14],"damage_taken":[{"damage":0,"enemies":"Small Slimes","floor":1,"turns":1},{"damage":0,"enemies":"Cultist","floor":3,"turns":1},{"damage":0,"enemies":"infinitespire:Voidling","floor":7,"turns":1},{"damage":2,"enemies":"3 Louse","floor":8,"turns":3},{"damage":19,"enemies":"Exordium Wildlife","floor":11,"turns":4},{"damage":1,"enemies":"Gremlin Gang","floor":12,"turns":3},{"damage":3,"enemies":"Lots of Slimes","floor":13,"turns":2},{"damage":28,"enemies":"Gremlin Nob","floor":14,"turns":4},{"damage":63,"enemies":"Hexaghost","floor":16,"turns":7}],"seed_played":"-5391784164175159376","potions_obtained":[{"floor":1,"key":"Weak Potion"},{"floor":11,"key":"FearPotion"},{"floor":12,"key":"DistilledChaos"},{"floor":14,"key":"SpeedPotion"}],"is_trial":false,"path_per_floor":["M","?","M","$","T","R","M","M","T","R","M","M","M","E","R","B"],"character_chosen":"IRONCLAD","items_purchased":["Inflame"],"campfire_rested":0,"item_purchase_floors":[4],"current_hp_per_floor":[80,80,80,80,80,80,80,80,87,87,74,79,82,60,60,0,0],"gold":209,"neow_bonus":"THREE_ENEMY_KILL","is_daily":false,"chose_seed":false,"campfire_upgraded":3,"win_rate":0.0,"timestamp":1609926853,"path_taken":["M","?","?","$","?","R","?","M","T","R","M","?","?","E","R","BOSS"],"items_purchased_type":["Card"],"build_version":"2020-12-22","purchased_purges":0,"victory":false,"max_hp_per_floor":[80,80,80,80,80,80,80,80,87,87,87,87,87,87,87,87,87],"card_choices":[{"not_picked":["hubris:CleavingFinish","Twin Strike"],"picked":"Cleave","floor":1},{"not_picked":["Flex","Disarm"],"picked":"infinitespire:OneForAll","floor":3},{"not_picked":["Cleave","Perfected Strike","Iron Wave"],"picked":"SKIP","floor":7},{"not_picked":["Twin Strike","infinitespire:OneForAll","Havoc"],"picked":"SKIP","floor":8},{"not_picked":["Headbutt","Armaments"],"picked":"Thunderclap","floor":11},{"not_picked":["Intimidate","Rage"],"picked":"Entrench","floor":12},{"not_picked":["True Grit","Sword Boomerang"],"picked":"Heavy Blade","floor":13},{"not_picked":["Armaments","Anger","Cleave"],"picked":"SKIP","floor":14}],"player_experience":173862,"relics_obtained":[{"floor":5,"key":"Bag of Marbles"},{"floor":9,"key":"Strawberry"},{"floor":14,"key":"Meat on the Bone"}],"event_choices":[{"damage_healed":0,"gold_gain":0,"player_choice":"Gave Potion","damage_taken":0,"relics_obtained":["Torii"],"max_hp_gain":0,"max_hp_loss":0,"event_name":"WeMeetAgain","floor":2,"gold_loss":0}],"is_beta":false,"boss_relics":[],"items_purged_floors":[],"is_endless":false,"potions_floor_spawned":[1,11,12,14],"killed_by":"Hexaghost","ascension_level":0}}