{"host":"d8d3jqle49sogkjv","time":1609967851,"event":{"mods":["BaseMod","Colored Map","Colored Powertips","Minty Spire (QoL Compilation)","StSLib"],"gold_per_floor":[15,29,29,42,42,75,75,85,162,189,139,158,333,346,346,450,450,466,57,57,57,75,108,108,6,54,79,91,91,91],"floor_reached":29,"playtime":1427,"items_purged":["Doubt"],"score":289,"play_id":"6908fac8-bbca-4077-a564-21115ed105cd","local_time":"20210106221731","is_ascension_mode":true,"campfire_choices":[{"data":"Eruption","floor":7,"key":"SMITH"},{"data":"FlyingSleeves","floor":15,"key":"SMITH"}],"circlet_count":0,"master_deck":["Strike_P","Strike_P+1","Strike_P","Defend_P+1","Defend_P","Eruption+1","Vigilance","ThirdEye+1","FlurryOfBlows","FollowUp","JustLucky","FollowUp","Prostrate","FlyingSleeves+1","Nirvana+1","LessonLearned","JustLucky+1","Nirvana","Protect","FlyingSleeves","SandsOfTime","MentalFortress","Devotion","Swivel","FlyingSleeves","BattleHymn+1","EmptyBody"],"relics":["PureWater","Du-Vu Doll","Calipers","Question Card","Oddly Smooth Stone","Coffee Dripper","Anchor","Bronze Scales","PreservedInsect","War Paint"],"acts_visited":["Exordium","TheCity"],"potions_floor_usage":[6,18,23,29],"damage_taken":[{"damage":0,"enemies":"2 Louse","floor":1,"turns":3},{"damage":0,"enemies":"Cultist","floor":2,"turns":2},{"damage":8,"enemies":"Jaw Worm","floor":4,"turns":4},{"damage":10,"enemies":"Gremlin Nob","floor":6,"turns":4},{"damage":1,"enemies":"Blue Slaver","floor":8,"turns":3},{"damage":12,"enemies":"2 Fungi Beasts","floor":12,"turns":4},{"damage":4,"enemies":"3 Louse","floor":14,"turns":3},{"damage":25,"enemies":"Slime Boss","floor":16,"turns":7},{"damage":13,"enemies":"3 Byrds","floor":18,"turns":7},{"damage":0,"enemies":"Spheric Guardian","floor":22,"turns":2},{"damage":34,"enemies":"Slavers","floor":23,"turns":11},{"damage":4,"enemies":"Gremlin Leader","floor":27,"turns":4},{"damage":15,"enemies":"Snecko","floor":28,"turns":4},{"damage":13,"enemies":"Snake Plant","floor":29,"turns":3}],"seed_played":"6834565076472241834","potions_obtained":[{"floor":1,"key":"GamblersBrew"},{"floor":4,"key":"FearPotion"},{"floor":14,"key":"GamblersBrew"},{"floor":27,"key":"SneckoOil"},{"floor":28,"key":"Energy Potion"}],"is_trial":false,"path_per_floor":["M","M","?","M","?","E","R","M","T","T","?","M","?","M","R","B",null,"M","$","?","?","M","E","?","$","T","E","M","M"],"character_chosen":"WATCHER","items_purchased":["Anchor","Nirvana","Protect","FlyingSleeves","Swivel","FlyingSleeves"],"campfire_rested":0,"item_purchase_floors":[19,19,19,19,25,25],"current_hp_per_floor":[72,72,72,64,64,54,54,53,53,53,53,41,41,37,37,12,72,59,59,59,59,59,25,25,25,25,21,6,0,0],"gold":91,"neow_bonus":"ONE_RARE_RELIC","is_daily":false,"chose_seed":false,"campfire_upgraded":2,"win_rate":0.0,"timestamp":1609967851,"path_taken":["M","M","?","?","?","E","R","M","T","?","?","M","?","M","R","BOSS","M","$","?","?","?","E","?","$","T","E","M","M"],"items_purchased_type":["Relic","Card","Card","Card","Card","Card"],"build_version":"2020-12-22","purchased_purges":1,"victory":false,"max_hp_per_floor":[72,72,72,72,72,72,72,72,72,72,72,72,72,72,72,72,72,72,72,72,72,72,72,72,72,72,72,72,72,72],"card_choices":[{"not_picked":["Worship","SignatureMove"],"picked":"ThirdEye","floor":1},{"not_picked":["Study","CutThroughFate"],"picked":"FlurryOfBlows","floor":2},{"not_picked":["Consecrate","WheelKick"],"picked":"FollowUp","floor":4},{"not_picked":["CrushJoints","MasterReality"],"picked":"FollowUp","floor":6},{"not_picked":["Evaluate","PathToVictory"],"picked":"Prostrate","floor":8},{"not_picked":["Crescendo","ThirdEye","CrushJoints"],"picked":"FlyingSleeves","floor":12},{"not_picked":["CrushJoints","Halt","Meditate"],"picked":"Nirvana","floor":14},{"not_picked":["Alpha","Devotion","DevaForm"],"picked":"LessonLearned","floor":16},{"not_picked":["WheelKick+1","Meditate+1","Prostrate"],"picked":"JustLucky+1","floor":18},{"not_picked":["CrushJoints+1","CarveReality","FollowUp"],"picked":"MentalFortress","floor":22},{"not_picked":["BowlingBash","Crescendo","Tantrum"],"picked":"Devotion","floor":23},{"not_picked":["FollowUp+1","Fasting2+1","LessonLearned"],"picked":"BattleHymn+1","floor":27},{"not_picked":["PathToVictory","SignatureMove","FearNoEvil"],"picked":"EmptyBody","floor":28}],"player_experience":386082,"relics_obtained":[{"floor":6,"key":"Calipers"},{"floor":9,"key":"Question Card"},{"floor":10,"key":"Oddly Smooth Stone"},{"floor":23,"key":"Bronze Scales"},{"floor":26,"key":"PreservedInsect"},{"floor":27,"key":"War Paint"}],"event_choices":[{"cards_removed":["Strike_P"],"damage_healed":0,"gold_gain":0,"player_choice":"Purged","damage_taken":0,"max_hp_gain":0,"max_hp_loss":0,"event_name":"Purifier","floor":3,"gold_loss":0},{"damage_healed":0,"gold_gain":0,"cards_transformed":["Defend_P"],"player_choice":"Change","damage_taken":0,"max_hp_gain":0,"max_hp_loss":0,"event_name":"Living Wall","floor":5,"gold_loss":0,"cards_obtained":["JustLucky"]},{"cards_removed":["Defend_P"],"damage_healed":0,"gold_gain":0,"player_choice":"Card Removal","damage_taken":0,"max_hp_gain":0,"max_hp_loss":0,"event_name":"The Cleric","floor":11,"gold_loss":50},{"damage_healed":0,"gold_gain":175,"player_choice":"AGREE","damage_taken":0,"max_hp_gain":0,"max_hp_loss":0,"event_name":"Liars Game","floor":13,"gold_loss":0,"cards_obtained":["Doubt"]},{"damage_healed":0,"gold_gain":0,"player_choice":"Read","damage_taken":0,"max_hp_gain":0,"max_hp_loss":0,"event_name":"The Library","floor":20,"gold_loss":0,"cards_obtained":["SandsOfTime"]},{"damage_healed":0,"gold_gain":0,"player_choice":"Ignored","damage_taken":0,"max_hp_gain":0,"max_hp_loss":0,"event_name":"Vampires","floor":21,"gold_loss":0},{"damage_healed":0,"gold_gain":0,"player_choice":"Ignored","damage_taken":0,"max_hp_gain":0,"max_hp_loss":0,"event_name":"The Mausoleum","floor":24,"gold_loss":0}],"is_beta":false,"boss_relics":[{"not_picked":["Runic Pyramid","Snecko Eye"],"picked":"Coffee Dripper"}],"items_purged_floors":[19],"is_endless":false,"potions_floor_spawned":[1,4,14,27,28],"killed_by":"Snake Plant","ascension_level":2}}