{"host":"cbabs5wvj1yqiyjm","time":1609964179,"event":{"mods":["AchievementEnabler","Act Like it!","Bartender","BaseMod","Bestiary","Better Third Choice","BetterRewards","Colored Powertips","Downfall","Friendly Minions","Hallownest","Hermit","Infinite Spire","Marisa????????","Minty Spire (QoL Compilation)","Rare Cards Sparkle","Replay The Spire","SOS???????","Spicy Shops","StSLib","Td1madao Mod","The Bladedancer","The Bug Knight","The Cursed","The Disciple","The Forsaken","The Marked","The Necromancer","The Servant 0.9.4","Wandering Minibosses","???Mod??????Boss"],"gold_per_floor":[115,115,115,127,144,144,144,144,158,158,158,9,9,20,64,0,0,101,101,118,118,118,137,137,137],"floor_reached":24,"playtime":2110,"items_purged":[],"score":186,"play_id":"aec42954-ae1f-41d2-8bf1-fda5e0e7a669","local_time":"20210106151619","is_ascension_mode":false,"campfire_choices":[{"data":"ReplayTheSpireMod:Strike From Hell","floor":8,"key":"SMITH"},{"data":"Flex","floor":10,"key":"SMITH"},{"floor":17,"key":"REST"}],"circlet_count":0,"master_deck":["Strike_R","Strike_R","Strike_R","Strike_R","Defend_R","Defend_R","Defend_R","Defend_R","Bash","ReplayTheSpireMod:Strike From Hell+1","Armaments","Flex+1","Run Through","Juggernaut","Inflame","Enlightenment","Demonic Infusion","ReplayTheSpireMod:LeadingStrike","Thunderclap"],"relics":["Burning Blood","NeowsBlessing","Bottled Flame","Protect_Vest","theForsaken:PaleLantern","MutagenicStrength"],"acts_visited":["Exordium","TheCity"],"potions_floor_usage":[18,18],"damage_taken":[{"damage":0,"enemies":"Cultist","floor":1,"turns":1},{"damage":0,"enemies":"2 Louse","floor":4,"turns":1},{"damage":0,"enemies":"Jaw Worm","floor":5,"turns":1},{"damage":5,"enemies":"Looter","floor":9,"turns":3},{"damage":10,"enemies":"Large Slime","floor":14,"turns":8},{"damage":11,"enemies":"Red Slaver","floor":15,"turns":4},{"damage":61,"enemies":"The Guardian","floor":18,"turns":13},{"damage":4,"enemies":"Chosen","floor":20,"turns":3},{"damage":26,"enemies":"Shell Parasite","floor":23,"turns":7},{"damage":69,"enemies":"Cultist and Chosen","floor":24,"turns":8}],"seed_played":"-1723393396145176052","potions_obtained":[{"floor":1,"key":"Elixir"},{"floor":4,"key":"Weak Potion"},{"floor":14,"key":"AttackPotion"},{"floor":22,"key":"Adrenaline Potion"},{"floor":22,"key":"Flashbang"}],"is_trial":false,"path_per_floor":["M","?","?","M","M","PTL","PTL","R","M","R","T","$","?","M","M","?","R","B",null,"M","?","?","M","M"],"character_chosen":"IRONCLAD","items_purchased":["Protect_Vest"],"campfire_rested":1,"item_purchase_floors":[12],"current_hp_per_floor":[80,80,80,80,80,80,80,80,80,80,80,80,80,76,71,77,86,31,86,86,86,86,66,0,0],"gold":137,"neow_bonus":"THREE_ENEMY_KILL","is_daily":false,"chose_seed":false,"campfire_upgraded":2,"win_rate":0.0,"timestamp":1609964179,"path_taken":["M","?","?","?","M","PTL","PTL","R","M","R","T","?","?","M","M","?","R","BOSS","M","?","?","M","?"],"items_purchased_type":["Relic"],"build_version":"2020-12-22","purchased_purges":0,"victory":false,"max_hp_per_floor":[80,80,80,80,80,80,80,80,80,80,80,80,80,80,80,86,86,86,86,86,86,86,86,86,86],"card_choices":[{"not_picked":["Iron Wave","Dual Wield"],"picked":"ReplayTheSpireMod:Strike From Hell","floor":1},{"not_picked":["Clothesline","Cleave"],"picked":"Armaments","floor":4},{"not_picked":["Bloodletting","Pommel Strike"],"picked":"Flex","floor":5},{"not_picked":["Clothesline","Headbutt"],"picked":"Run Through","floor":9},{"not_picked":["Pommel Strike","Run Through"],"picked":"Juggernaut","floor":14},{"not_picked":["Iron Wave","Burning Pact"],"picked":"Inflame","floor":15},{"not_picked":["Fiend Fire","Hemogenesis"],"picked":"Demonic Infusion","floor":18},{"not_picked":["ReplayTheSpireMod:Strike From Hell+1","Pommel Strike"],"picked":"ReplayTheSpireMod:LeadingStrike","floor":20},{"not_picked":["Battle Trance","Armaments"],"picked":"Thunderclap","floor":23}],"player_experience":25086,"relics_obtained":[{"floor":11,"key":"Bottled Flame"}],"event_choices":[{"damage_healed":0,"gold_gain":0,"player_choice":"LEAVE","damage_taken":0,"max_hp_gain":0,"max_hp_loss":0,"event_name":"betterThird:BetterScrap","floor":2,"gold_loss":0,"cards_obtained":["Escape Plan"]},{"cards_removed":["Strike_R"],"damage_healed":0,"gold_gain":0,"player_choice":"Offered Basic","damage_taken":0,"max_hp_gain":0,"max_hp_loss":0,"event_name":"Bonfire Elementals","floor":3,"gold_loss":0},{"damage_healed":0,"gold_gain":0,"player_choice":"RENOUNCE","damage_taken":64,"max_hp_gain":0,"max_hp_loss":0,"event_name":"betterThird:BetterSerpent","floor":16,"gold_loss":64,"cards_obtained":["Enlightenment"]},{"damage_healed":0,"gold_gain":0,"player_choice":"Inject Mutagens","damage_taken":0,"relics_obtained":["MutagenicStrength"],"max_hp_gain":0,"max_hp_loss":0,"event_name":"Drug Dealer","floor":21,"gold_loss":0},{"damage_healed":0,"gold_gain":0,"player_choice":"Got Potions","damage_taken":0,"max_hp_gain":0,"max_hp_loss":0,"event_name":"Lab","floor":22,"gold_loss":0}],"is_beta":false,"boss_relics":[{"not_picked":["Velvet Choker","Replay:Bronze Core"],"picked":"theForsaken:PaleLantern"}],"items_purged_floors":[],"is_endless":false,"potions_floor_spawned":[1,4,14,23],"killed_by":"Cultist and Chosen","ascension_level":0}}