{"host":"j4g6ia6asvpyu2b0","time":1609893587,"event":{"mods":["BaseMod","Colored Map","Minty Spire (QoL Compilation)","Permanent Neow","Quick Restart","Relic Stats","StSLib","Unceasing Turn Reminder"],"gold_per_floor":[112,127,144,41,216,228,255,267,267,294,294,328,328,342,342,446,446,456,490,94,19,19,51,51,76,125,125,125],"floor_reached":27,"playtime":747,"items_purged":[],"score":350,"play_id":"a19b1cee-e727-4c07-8161-fffaa224131b","local_time":"20210105173947","is_ascension_mode":true,"campfire_choices":[{"data":"Barricade","floor":11.0,"key":"SMITH"},{"data":"Uppercut","floor":13.0,"key":"SMITH"},{"data":"Corruption","floor":15.0,"key":"SMITH"},{"data":"Feed","floor":24,"key":"SMITH"}],"circlet_count":0,"master_deck":["Strike_R","Strike_R","Strike_R","Strike_R","Strike_R","Defend_R","Defend_R","Defend_R","Defend_R","Bash","Shame","Uppercut+1","Headbutt","Corruption+1","Clothesline","Spot Weakness","Anger","Barricade+1","Sentinel","Metallicize","Headbutt","Feed+1","Whirlwind+1","Pommel Strike","Sentinel","Twin Strike+1","Fiend Fire+1","Shockwave"],"relics":["Burning Blood","Charon\u0027s Ashes","Regal Pillow","Meat on the Bone","Paper Frog","Blue Candle","Coffee Dripper","Red Mask","Nunchaku","Molten Egg 2","Kunai","The Courier","MealTicket"],"acts_visited":["Exordium","TheCity"],"potions_floor_usage":[16,18,19,19,23],"damage_taken":[{"damage":1.0,"enemies":"Cultist","floor":1.0,"turns":4.0},{"damage":7.0,"enemies":"2 Louse","floor":2.0,"turns":2.0},{"damage":9.0,"enemies":"Jaw Worm","floor":3.0,"turns":3.0},{"damage":13.0,"enemies":"3 Louse","floor":6.0,"turns":3.0},{"damage":21.0,"enemies":"Lagavulin","floor":7.0,"turns":7.0},{"damage":18.0,"enemies":"Lots of Slimes","floor":8.0,"turns":3.0},{"damage":32.0,"enemies":"3 Sentries","floor":10.0,"turns":7.0},{"damage":19.0,"enemies":"Gremlin Nob","floor":12.0,"turns":4.0},{"damage":14.0,"enemies":"2 Fungi Beasts","floor":14.0,"turns":5.0},{"damage":9,"enemies":"Hexaghost","floor":16,"turns":9},{"damage":9,"enemies":"2 Thieves","floor":18,"turns":3},{"damage":37,"enemies":"Masked Bandits","floor":19,"turns":5},{"damage":30,"enemies":"Book of Stabbing","floor":23,"turns":4},{"damage":36,"enemies":"Slavers","floor":25,"turns":4},{"damage":31,"enemies":"Gremlin Leader","floor":27,"turns":7}],"seed_played":"4291421328420713608","potions_obtained":[{"floor":2.0,"key":"DuplicationPotion"},{"floor":6.0,"key":"Energy Potion"},{"floor":7.0,"key":"DuplicationPotion"},{"floor":14.0,"key":"AttackPotion"},{"floor":16,"key":"Fire Potion"},{"floor":18,"key":"DuplicationPotion"}],"is_trial":false,"path_per_floor":["M","M","M","$","?","M","E","M","T","E","R","E","R","M","R","B",null,"M","?","$","?","?","E","R","E","T","E"],"character_chosen":"IRONCLAD","items_purchased":["Clothesline","Spot Weakness","Nunchaku","Molten Egg 2"],"campfire_rested":0,"item_purchase_floors":[4,4,20,20],"current_hp_per_floor":[77,76,73,73,73,66,51,39,39,25,25,24,24,28,28,37,69,66,47,47,47,47,35,35,21,21,0,0],"gold":125,"neow_bonus":"ONE_RARE_RELIC","is_daily":false,"chose_seed":false,"campfire_upgraded":4,"win_rate":0.0,"timestamp":1609893587,"path_taken":["M","M","M","$","?","M","E","M","T","E","R","E","R","M","R","BOSS","M","?","$","?","?","E","R","E","T","E"],"items_purchased_type":["Card","Card","Relic","Relic"],"build_version":"2020-12-22","purchased_purges":0,"victory":false,"max_hp_per_floor":[80,80,80,80,80,80,80,80,80,80,80,80,80,80,80,80,80,80,80,80,80,80,80,80,84,84,84,84],"relic_stats":{"Regal Pillow":0,"Nunchaku":[3],"counters":[15,70],"Blue Candle":[7],"MealTicket":0,"Charon\u0027s Ashes":[132],"Kunai":[2],"obtain_stats":[{"Regal Pillow":7,"Blue Candle":12,"Charon\u0027s Ashes":0,"The Courier":25,"Burning Blood":0,"Nunchaku":20,"Molten Egg 2":20,"MealTicket":26,"Coffee Dripper":17,"Red Mask":19,"Kunai":23,"Meat on the Bone":9,"Paper Frog":10},{"Regal Pillow":5,"Blue Candle":8,"Charon\u0027s Ashes":0,"The Courier":14,"Burning Blood":0,"Nunchaku":12,"Molten Egg 2":12,"MealTicket":14,"Coffee Dripper":10,"Red Mask":12,"Kunai":13,"Meat on the Bone":6,"Paper Frog":7},{"Regal Pillow":19,"Blue Candle":33,"Charon\u0027s Ashes":0,"The Courier":63,"Burning Blood":0,"Nunchaku":55,"Molten Egg 2":55,"MealTicket":63,"Coffee Dripper":47,"Red Mask":55,"Kunai":59,"Meat on the Bone":22,"Paper Frog":29}],"Burning Blood":84,"Meat on the Bone":84},"card_choices":[{"not_picked":["Rampage","True Grit"],"picked":"Uppercut","floor":1.0},{"not_picked":["Havoc","Cleave"],"picked":"Headbutt","floor":2.0},{"not_picked":["Rampage","Second Wind"],"picked":"Corruption","floor":3.0},{"not_picked":["Heavy Blade","Armaments","Second Wind"],"picked":"SKIP","floor":6.0},{"not_picked":["Cleave","Entrench"],"picked":"Anger","floor":7.0},{"not_picked":["True Grit","Body Slam"],"picked":"Barricade","floor":8.0},{"not_picked":["Perfected Strike","Sword Boomerang"],"picked":"Sentinel","floor":10.0},{"not_picked":["Pummel","Shrug It Off"],"picked":"Metallicize","floor":12.0},{"not_picked":["Havoc","Intimidate"],"picked":"Headbutt","floor":14.0},{"not_picked":["Bludgeon","Barricade"],"picked":"Feed","floor":16},{"not_picked":["Warcry","Wild Strike+1"],"picked":"Whirlwind+1","floor":18},{"not_picked":["Combust","Bloodletting"],"picked":"Pommel Strike","floor":19},{"not_picked":["Armaments","Hemokinesis+1"],"picked":"Fiend Fire+1","floor":23},{"not_picked":["Flex","Thunderclap+1"],"picked":"Shockwave","floor":25}],"player_experience":726296,"relics_obtained":[{"floor":7.0,"key":"Regal Pillow"},{"floor":9.0,"key":"Meat on the Bone"},{"floor":10.0,"key":"Paper Frog"},{"floor":12.0,"key":"Blue Candle"},{"floor":19,"key":"Red Mask"},{"floor":23,"key":"Kunai"},{"floor":25,"key":"The Courier"},{"floor":26,"key":"MealTicket"}],"event_choices":[{"damage_healed":0.0,"max_hp_gain":0.0,"max_hp_loss":0.0,"gold_gain":175.0,"event_name":"Liars Game","player_choice":"AGREE","floor":5.0,"gold_loss":0.0,"damage_taken":0.0,"cards_obtained":["Doubt"]},{"damage_healed":0,"gold_gain":0,"player_choice":"Fought Bandits","damage_taken":0,"max_hp_gain":0,"max_hp_loss":0,"event_name":"Masked Bandits","floor":19,"gold_loss":0},{"cards_removed":["Doubt"],"damage_healed":0,"gold_gain":0,"player_choice":"Gave Gold","damage_taken":0,"max_hp_gain":0,"max_hp_loss":0,"event_name":"Beggar","floor":21,"gold_loss":75},{"damage_healed":0,"gold_gain":0,"player_choice":"2 cards matched","damage_taken":0,"max_hp_gain":0,"max_hp_loss":0,"event_name":"Match and Keep!","floor":22,"gold_loss":0,"cards_obtained":["Sentinel","Twin Strike"]}],"is_beta":false,"boss_relics":[{"not_picked":["Runic Cube","Sozu"],"picked":"Coffee Dripper"}],"items_purged_floors":[],"is_endless":false,"potions_floor_spawned":[2,6,7,14,16,18],"killed_by":"Gremlin Leader","ascension_level":6}}