{"host":"j9bx9azsblvm9pyf","time":1609945621,"event":{"mods":["BaseMod","LagranYue(拉格朗・月)","Marisa（F雨　魔理沙）","Minty Spire (QoL Compilation)","Remilia（蕾米莉亚）","StSLib","The Servant 0.9.4","WarShipGirlsR/战舰少女R mod"],"gold_per_floor":[110,35,51,66,77,77,111,122,149,149,166,166,184,200,200,298,298,308,323,338,356,370,370,404,404,404,418,435,735,764,357,357,458,470,500,539,245,263,0,0,34,51,99,130,130,130,147,163,163,163],"floor_reached":51,"playtime":3712,"items_purged":["LagranYue:AttackDegenerateCard","LagranYue:LifeForgingCard","LagranYue:AttackPurpleCard+1","Greed_TH"],"score":1460,"play_id":"94b68916-6876-4af1-b944-664436273fd2","local_time":"20210106230701","is_ascension_mode":true,"campfire_choices":[{"data":"LagranYue:AttackPurpleCard","floor":6.0,"key":"SMITH"},{"data":"LagranYue:BraveTemperamentCard","floor":15.0,"key":"SMITH"},{"data":"LagranYue:AttackGodSpearCard","floor":23.0,"key":"SMITH"},{"data":"LagranYue:PowerDarkTempleCard","floor":25.0,"key":"SMITH"},{"floor":32.0,"key":"REST"},{"data":"Apotheosis","floor":40.0,"key":"SMITH"},{"data":"LagranYue:PowerWindKingEnchantmentCard","floor":46,"key":"SMITH"},{"data":"LagranYue:PowerKingTreasureCard","floor":49,"key":"SMITH"}],"circlet_count":0,"master_deck":["LagranYue:AttackSummerCard","LagranYue:SkillKadeboSwordCard","LagranYue:AttackGalacticZeroCard+1","LagranYue:FantasyCard","LagranYue:BraveTemperamentCard+1","LagranYue:SkillDisasterEquipmentCard","LagranYue:AttackDivineGuidanceCard","LagranYue:DefendBetterCard","LagranYue:TestChooseCard+1","LagranYue:AttackFlintCard","LagranYue:PowerDarkTempleCard+1","LagranYue:SkillExplosiveArmorCard","LagranYue:AttackGodSpearCard+1","LagranYue:EmeraldRemorseCard","LagranYue:EmeraldRemorseCard","LagranYue:SkillDeathBolgCard","LagranYue:PowerFurnaceCard","LagranYue:PowerKingTreasureCard+1","LagranYue:PowerWindKingEnchantmentCard+1","LagranYue:FantasyCard+1","Apotheosis+1","LagranYue:MagicSkyrocketCard+1","LagranYue:TestChooseCard"],"relics":["LagranYue:ArmsProficiencyRelics","LagranYue:RandomDrawCardRelic","Kunai","Happy Flower","SlaversCollar","Tiny Chest","ScarletDevilRocket","Boot","Dream Catcher","Centennial Puzzle","Regal Pillow","Bronze Scales","HornCleat","Art of War","Bag of Preparation","LagranYue:NewUniverseRelic","LagranYue:EnkiduRelics","MawBank","LagranYue:SoulBurningRelic","Lantern","Ancient Tea Set","LagranYue:MagicReflectiveArmorRelic","Eternal Feather","Smiling Mask","Orichalcum","PreservedInsect","Nunchaku","Potion Belt"],"acts_visited":["Exordium","TheCity","TheBeyond"],"potions_floor_usage":[50,50],"damage_taken":[{"damage":0.0,"enemies":"Cultist","floor":1.0,"turns":3.0},{"damage":6.0,"enemies":"2 Louse","floor":3.0,"turns":2.0},{"damage":4.0,"enemies":"Jaw Worm","floor":4.0,"turns":5.0},{"damage":4.0,"enemies":"3 Louse","floor":5.0,"turns":2.0},{"damage":7.0,"enemies":"Lagavulin","floor":7.0,"turns":5.0},{"damage":0.0,"enemies":"2 Fungi Beasts","floor":8.0,"turns":2.0},{"damage":0.0,"enemies":"Exordium Wildlife","floor":11.0,"turns":4.0},{"damage":8.0,"enemies":"3 Louse","floor":13.0,"turns":3.0},{"damage":0.0,"enemies":"Red Slaver","floor":14.0,"turns":1.0},{"damage":0.0,"enemies":"Slime Boss","floor":16.0,"turns":4.0},{"damage":5.0,"enemies":"Shell Parasite","floor":18.0,"turns":4.0},{"damage":7.0,"enemies":"2 Thieves","floor":19.0,"turns":3.0},{"damage":2.0,"enemies":"Snecko","floor":20.0,"turns":6.0},{"damage":2.0,"enemies":"Shelled Parasite and Fungi","floor":21.0,"turns":4.0},{"damage":0.0,"enemies":"3 Cultists","floor":22.0,"turns":2.0},{"damage":6.0,"enemies":"Slavers","floor":24.0,"turns":2.0},{"damage":0.0,"enemies":"Snake Plant","floor":27.0,"turns":1.0},{"damage":3.0,"enemies":"Cultist and Chosen","floor":28.0,"turns":2.0},{"damage":59.0,"enemies":"Book of Stabbing","floor":30.0,"turns":5.0},{"damage":0.0,"enemies":"Collector","floor":33.0,"turns":6.0},{"damage":30.0,"enemies":"3 Darklings","floor":35.0,"turns":4.0},{"damage":0.0,"enemies":"Orb Walker","floor":38.0,"turns":3.0},{"damage":1.0,"enemies":"Nemesis","floor":41.0,"turns":3.0},{"damage":0.0,"enemies":"Jaw Worm Horde","floor":42.0,"turns":3.0},{"damage":0,"enemies":"Giant Head","floor":44,"turns":5},{"damage":0,"enemies":"Sphere and 2 Shapes","floor":47,"turns":2},{"damage":0,"enemies":"Maw","floor":48,"turns":4},{"damage":0,"enemies":"Time Eater","floor":50,"turns":6}],"seed_played":"570965432613664121","potions_obtained":[{"floor":1.0,"key":"BlessingOfTheForge"},{"floor":1.0,"key":"SteroidPotion"},{"floor":3.0,"key":"PowerPotion"},{"floor":5.0,"key":"Block Potion"},{"floor":8.0,"key":"AttackPotion"},{"floor":8.0,"key":"Energy Potion"},{"floor":16.0,"key":"EntropicBrew"},{"floor":18.0,"key":"Swift Potion"},{"floor":19.0,"key":"Swift Potion"},{"floor":20.0,"key":"LiquidBronze"},{"floor":21.0,"key":"SkillPotion"},{"floor":22.0,"key":"FairyPotion"},{"floor":22.0,"key":"PowerPotion"},{"floor":24.0,"key":"BlessingOfTheForge"},{"floor":27.0,"key":"SmokeBomb"},{"floor":28.0,"key":"Regen Potion"},{"floor":33.0,"key":"Strength Potion"},{"floor":38.0,"key":"ColorlessPotion"},{"floor":41.0,"key":"AttackPotion"},{"floor":47,"key":"Fire Potion"},{"floor":48,"key":"SneckoOil"},{"floor":48,"key":"Fire Potion"}],"is_trial":false,"path_per_floor":["M","$","M","M","M","R","E","M","T","?","M","?","M","M","R","B",null,"M","M","M","M","M","R","E","R","T","M","M","?","E","$","R","B",null,"M","T","$","M","$","R","E","M","T","E","?","R","M","M","R","B",null],"character_chosen":"LagranYueCharacter","items_purchased":["LagranYue:NewUniverseRelic","LagranYue:EnkiduRelics","Apotheosis"],"campfire_rested":1,"item_purchase_floors":[31,31,37],"current_hp_per_floor":[75,75,72,70,67,67,66,75,75,80,80,80,75,83,83,83,83,83,83,83,83,83,83,77,77,77,77,74,74,19,4,43,55,82,52,52,42,40,35,35,37,34,34,36,36,47,37,40,51,75],"gold":163,"neow_bonus":"UPGRADE_CARD","is_daily":false,"chose_seed":false,"campfire_upgraded":7,"win_rate":0.0,"timestamp":1609945621,"path_taken":["M","$","M","M","M","R","E","M","T","?","M","?","M","M","R","BOSS","M","M","?","M","M","R","E","R","T","M","?","?","E","$","R","BOSS","M","?","$","M","$","R","E","M","T","E","?","R","M","M","R","BOSS"],"items_purchased_type":["Relic","Relic","Card"],"build_version":"2020-12-22","purchased_purges":4,"victory":true,"max_hp_per_floor":[75,75,75,75,75,75,75,75,75,80,80,80,80,83,83,83,83,83,83,83,83,83,83,83,83,83,83,83,83,83,83,83,92,92,92,92,92,92,92,92,92,92,92,92,87,87,87,87,87,87],"card_choices":[{"not_picked":["LagranYue:SkillGaeBolgCard","LagranYue:AttackCrowCrossbowCard"],"picked":"LagranYue:DefendBetterCard","floor":1.0},{"not_picked":["LagranYue:SkillLiberationCard","LagranYue:SkillBrokenShieldCard"],"picked":"LagranYue:AttackPurpleCard","floor":3.0},{"not_picked":["LagranYue:AttackRavagedCard","LagranYue:PrematureBurialCard"],"picked":"LagranYue:TestChooseCard","floor":4.0},{"not_picked":["LagranYue:SkillLegendPaladinCard","LagranYue:SkillBrokenShieldCard"],"picked":"LagranYue:AttackFlintCard","floor":5.0},{"not_picked":["LagranYue:SkillChiharaHoundCard","LagranYue:AttackRavagedCard"],"picked":"LagranYue:PowerDarkTempleCard","floor":7.0},{"not_picked":["LagranYue:AttackRubyCard","LagranYue:PowerDarkTempleCard","LagranYue:SkillWoodSpearCard"],"picked":"SKIP","floor":8.0},{"not_picked":["LagranYue:AttackDegenerateCard","LagranYue:AttackSapphireCard"],"picked":"LagranYue:SkillExplosiveArmorCard","floor":11.0},{"not_picked":["LagranYue:SkillIncompleteArchCard","LagranYue:AttackKingCard","LagranYue:PrematureBurialCard"],"picked":"SKIP","floor":13.0},{"not_picked":["LagranYue:EatTigerCard","LagranYue:SkillEightFeetJadeCard","LagranYue:SkillDeadlyBloomCard"],"picked":"SKIP","floor":14.0},{"not_picked":["LagranYue:SkillLegendPaladinCard","LagranYue:SkillBlazingSevenRingsCard"],"picked":"LagranYue:AttackGodSpearCard","floor":16.0},{"not_picked":["LagranYue:GoldForgingCard","LagranYue:AttackGoldCard","LagranYue:AttackRavagedCard+1"],"picked":"SKIP","floor":18.0},{"not_picked":["LagranYue:PrematureBurialCard","LagranYue:ForgingCard+1"],"picked":"LagranYue:EmeraldRemorseCard","floor":19.0},{"not_picked":["LagranYue:AttackPurpleCard","LagranYue:AttackSapphireCard","LagranYue:AttackFaithCard+1"],"picked":"SKIP","floor":20.0},{"not_picked":["LagranYue:RubyDefendCard","LagranYue:AttackTopazCard"],"picked":"LagranYue:EmeraldRemorseCard","floor":21.0},{"not_picked":["LagranYue:AttackGodSwordCard","LagranYue:DefendBetterCard"],"picked":"LagranYue:SkillDeathBolgCard","floor":22.0},{"not_picked":["LagranYue:SkillTestamentCard","LagranYue:PrematureBurialCard","LagranYue:AttackDevilCard"],"picked":"SKIP","floor":24.0},{"not_picked":["LagranYue:SkillBlazingSevenRingsCard"],"picked":"LagranYue:PowerFurnaceCard","floor":27.0},{"not_picked":["LagranYue:AttackSapphireCard+1","LagranYue:SkillDeadlyBloomCard"],"picked":"LagranYue:PowerKingTreasureCard","floor":27.0},{"not_picked":["LagranYue:PhysicalFitnessCard","LagranYue:AttackFaithCard","LagranYue:EatTigerCard"],"picked":"SKIP","floor":28.0},{"not_picked":["LagranYue:AttackKillerCard","LagranYue:SkillChiharaHoundCard","LagranYue:AttackRavagedCard"],"picked":"SKIP","floor":30.0},{"not_picked":["LagranYue:AttackLakeCard","LagranYue:AttackMagicSwordCard"],"picked":"LagranYue:PowerWindKingEnchantmentCard","floor":33.0},{"not_picked":["LagranYue:AttackGoldCard","LagranYue:DefendBetterCard+1"],"picked":"LagranYue:FantasyCard+1","floor":35.0},{"not_picked":["LagranYue:FantasyCard","LagranYue:RoseCard+1","LagranYue:PrematureBurialCard"],"picked":"SKIP","floor":38.0},{"not_picked":["LagranYue:AttackIceCard+1","LagranYue:AttackBetterCard+1","LagranYue:SkillLegendPaladinCard"],"picked":"SKIP","floor":41.0},{"not_picked":["LagranYue:SkillChiharaHoundCard+1","LagranYue:AttackRubyCard"],"picked":"LagranYue:MagicSkyrocketCard+1","floor":42.0},{"not_picked":["LagranYue:GoldForgingCard","LagranYue:SkillVictorySwordCard","LagranYue:AttackFaithCard"],"picked":"SKIP","floor":44},{"not_picked":["LagranYue:MultipleThornsCard","LagranYue:AttackFutureCard"],"picked":"LagranYue:TestChooseCard","floor":47},{"not_picked":["LagranYue:BraveTemperamentCard+1","LagranYue:SkillDeadlyBloomCard+1","LagranYue:AttackRubyCard"],"picked":"SKIP","floor":48}],"player_experience":272910,"relics_obtained":[{"floor":7.0,"key":"Kunai"},{"floor":9.0,"key":"Happy Flower"},{"floor":18.0,"key":"Tiny Chest"},{"floor":19.0,"key":"ScarletDevilRocket"},{"floor":20.0,"key":"Boot"},{"floor":21.0,"key":"Dream Catcher"},{"floor":22.0,"key":"Centennial Puzzle"},{"floor":24.0,"key":"Regal Pillow"},{"floor":24.0,"key":"Bronze Scales"},{"floor":26.0,"key":"HornCleat"},{"floor":28.0,"key":"Art of War"},{"floor":30.0,"key":"Bag of Preparation"},{"floor":33.0,"key":"MawBank"},{"floor":35.0,"key":"Lantern"},{"floor":38.0,"key":"Ancient Tea Set"},{"floor":41.0,"key":"LagranYue:MagicReflectiveArmorRelic"},{"floor":41.0,"key":"Eternal Feather"},{"floor":42.0,"key":"Smiling Mask"},{"floor":43.0,"key":"Orichalcum"},{"floor":44,"key":"PreservedInsect"},{"floor":44,"key":"Nunchaku"},{"floor":47,"key":"Potion Belt"}],"event_choices":[{"damage_healed":0.0,"max_hp_gain":5.0,"max_hp_loss":0.0,"gold_gain":0.0,"event_name":"Big Fish","player_choice":"Donut","floor":10.0,"gold_loss":0.0,"damage_taken":0.0},{"damage_healed":0.0,"max_hp_gain":0.0,"max_hp_loss":0.0,"gold_gain":0.0,"event_name":"Accursed Blacksmith","player_choice":"Forge","floor":12.0,"gold_loss":0.0,"damage_taken":0.0,"cards_upgraded":["LagranYue:TestChooseCard"]},{"damage_healed":0,"gold_gain":0,"player_choice":"Max HP","damage_taken":0,"max_hp_gain":0,"max_hp_loss":5,"event_name":"Winding Halls","floor":45,"gold_loss":0}],"is_beta":false,"boss_relics":[{"not_picked":["SacredBark","Pandora\u0027s Box"],"picked":"SlaversCollar"},{"not_picked":["Snecko Eye","Astrolabe"],"picked":"LagranYue:SoulBurningRelic"}],"items_purged_floors":[2,31,37,39],"is_endless":false,"potions_floor_spawned":[1,8,11,16,19,21,22,27,30,33,38,48],"ascension_level":9}}