{"host":"49hkj3l623wd5n00","time":1609970512,"event":{"mods":["2.2 Compatiblity","AchievementEnabler","Act Like it!","Aspiration","Astrologer","BaseMod","Better Altar","Better Match","Better Note","Better Skull","Better Third Choice","Better Vampires","Better-Laid Plans","BetterRewards","CCEM","CapriCore","Colored Map","Colored Powertips","Conspire","Displayed Cursed Tome","Downfall","Elementarium","Friendly Minions","Gensokyo","GifTheSpireLib","Hallownest","Hermit","Hubris","Ironclad Rager","Jorbs\u0027s Wanderer Trilogy","Koishi","MarisaÅiñ∂âJÅ@ñÇóùçπÅj","Menagerie","Mimic Mod","Minty Spire (QoL Compilation)","Pale of the Ancients","Permanent Neow","Quick Restart","Rare Cards Sparkle","Replay The Spire","Retaliation","Shade Mod","Spicy Shops","StSLib","Stuff the Spire","The Blackbeard","The Bug Knight","The Construct","The Cursed","The Druid","The Hierophant","The IronCluck","The Marked","The Runesmith","The Servant 0.9.4","The Vixen","The Wild Card","TheHero","Yuri Mod","slay the spire mod where everything is the same but ironclad has a cowboy hat"],"gold_per_floor":[99,119,137,137,152,183,260,260,299,58,101,138,63,77,103,206,206,131,141,1,19,19,51,75,99,134,157,176,209,8,8,28,142,142,59,87,93,128,180,203,255,308,354,366,3,32,54,54,58,58,58],"floor_reached":52,"playtime":5202,"items_purged":["Injury","CommonCold","hexamod:ExtraCrispy","Wraith"],"score":1177,"play_id":"a7fa3d52-8ece-48a3-a682-5fe0c2693011","local_time":"20210106170152","is_ascension_mode":true,"campfire_choices":[{"floor":8.0,"key":"RECALL"},{"data":"hexamod:SpectralSpark","floor":13.0,"key":"SMITH"},{"floor":18.0,"key":"DIG"}],"circlet_count":0,"master_deck":["hexamod:Strike","hexamod:Defend+1","hexamod:Defend+1","hexamod:Defend","hexamod:Sear+1","hexamod:Float+1","hexamod:VolcanoVisage+1","hexamod:FastForward+1","StuffTheSpire:Innocence","hexamod:HeatCrush","hexamod:SpectralSpark+1","hexamod:Hexaguard+1","hexamod:RadiantFlame+1","hexamod:FourthSeal","hexamod:SixthSeal","hexamod:EmpoweredFlame+1","hexamod:HauntingEcho+1","hexamod:GhostOfSpireFuture+1","hexamod:Incineration+1","hexamod:ThermalTransfer+1","hexamod:Firestarter+1","hexamod:StepThrough+1","hexamod:InspiringFlames+1","hexamod:CatchUp","hexamod:TimeOfNeed","hexamod:SecondSeal","Pot Of Greed","Pot Of Greed","Pot Of Greed+1","hexamod:RainOfEmbers","hexamod:SoulSteal+1","hexamod:EmpoweringStance+1","hexamod:ThermalTransfer+1"],"relics":["hexamod:SpiritBrand","Replay:Bandana","Blue Candle","StuffTheSpire:Wildfire","HollowMod:JonisBlessing","Blood Vial","Guardian:PocketSentry","downfall:HeartBlessingGreen","Kintsugi","downfall:HeartBlessingRed","Centennial Puzzle","hubris:Icosahedron","StuffTheSpire:Mouthbags","Juzu Bracelet","Potion Belt","Ring of Searing","ReplayTheSpireMod:Ring of Collecting","Black Star","downfall:HeartBlessingBlue","Grinning Jar","hubris:Teleporter","Ring of Peace","War Paint","Boot","Whetstone","Oddly Smooth Stone","MealTicket","MawBank","aspiration:Lifesprig","hexamod:MatchstickCase"],"acts_visited":["Exordium","TheCity","TheBeyond","TheEnding"],"potions_floor_usage":[52],"damage_taken":[{"damage":1.0,"enemies":"Jaw Worm","floor":2.0,"turns":3.0},{"damage":3.0,"enemies":"conspire:RoseBush","floor":3.0,"turns":3.0},{"damage":0.0,"enemies":"Cultist","floor":5.0,"turns":3.0},{"damage":2.0,"enemies":"HollowMod:MossKnight","floor":6.0,"turns":3.0},{"damage":3.0,"enemies":"Replay:BlueRogue","floor":9.0,"turns":6.0},{"damage":0.0,"enemies":"downfall:FleeingMerchant","floor":10.0,"turns":4.0},{"damage":11.0,"enemies":"Gremlin Nob","floor":11.0,"turns":4.0},{"damage":0.0,"enemies":"Blue Slaver","floor":12.0,"turns":6.0},{"damage":0.0,"enemies":"Blue Slaver","floor":14.0,"turns":2.0},{"damage":0.0,"enemies":"conspire:2 RoseBushes","floor":15.0,"turns":5.0},{"damage":17.0,"enemies":"downfall:Defect","floor":16.0,"turns":6.0},{"damage":0.0,"enemies":"Shell Parasite","floor":19.0,"turns":5.0},{"damage":0.0,"enemies":"downfall:FleeingMerchant","floor":20.0,"turns":4.0},{"damage":5.0,"enemies":"3 Byrds","floor":21.0,"turns":5.0},{"damage":0.0,"enemies":"Slavers","floor":23.0,"turns":4.0},{"damage":0.0,"enemies":"Snake Plant","floor":25.0,"turns":3.0},{"damage":7.0,"enemies":"conspire:Head Lice","floor":26.0,"turns":6.0},{"damage":0.0,"enemies":"conspire:HollyBat","floor":27.0,"turns":7.0},{"damage":0.0,"enemies":"Chosen and Byrds","floor":28.0,"turns":7.0},{"damage":11.0,"enemies":"Book of Stabbing","floor":29.0,"turns":6.0},{"damage":3.0,"enemies":"downfall:FleeingMerchant","floor":30.0,"turns":4.0},{"damage":0.0,"enemies":"Centurion and Healer","floor":32.0,"turns":5.0},{"damage":0.0,"enemies":"downfall:Ironclad","floor":33.0,"turns":6.0},{"damage":20.0,"enemies":"3 Darklings","floor":36.0,"turns":4.0},{"damage":0.0,"enemies":"downfall:FleeingMerchant","floor":37.0,"turns":3.0},{"damage":2.0,"enemies":"3 Shapes","floor":38.0,"turns":3.0},{"damage":35.0,"enemies":"2 Orb Walkers","floor":39.0,"turns":4.0},{"damage":0.0,"enemies":"Giant Head","floor":42.0,"turns":7.0},{"damage":2.0,"enemies":"Reptomancer","floor":44.0,"turns":6.0},{"damage":0.0,"enemies":"Giant Head","floor":46.0,"turns":6.0},{"damage":0.0,"enemies":"Sphere and 2 Shapes","floor":49.0,"turns":4.0},{"damage":3.0,"enemies":"downfall:Silent","floor":50.0,"turns":5.0},{"damage":99,"enemies":"downfall:CharBossMerchant","floor":52,"turns":7}],"seed_played":"-7184317549434543231","potions_obtained":[{"floor":5.0,"key":"Block Potion"},{"floor":9.0,"key":"Explosive Potion"},{"floor":11.0,"key":"Weak Potion"},{"floor":16.0,"key":"FearPotion"},{"floor":20.0,"key":"champ:CounterPotion"},{"floor":21.0,"key":"Reflective Coating"},{"floor":21.0,"key":"Adrenaline Potion"},{"floor":23.0,"key":"SkillPotion"},{"floor":25.0,"key":"Milkshake"},{"floor":28.0,"key":"Fire Potion"},{"floor":29.0,"key":"Block Potion"},{"floor":29.0,"key":"Explosive Potion"},{"floor":32.0,"key":"Explosive Potion"},{"floor":33.0,"key":"LifebloodPotion"},{"floor":36.0,"key":"LiquidBronze"},{"floor":37.0,"key":"GamblersBrew"},{"floor":38.0,"key":"Elixir"},{"floor":39.0,"key":"Ancient Potion"},{"floor":44.0,"key":"SpeedPotion"},{"floor":46.0,"key":"construct:ShiftPotion"},{"floor":49.0,"key":"DuplicationPotion"}],"is_trial":false,"path_per_floor":["R_BF","M","M","?","M","E","T","R","E","$","E","MIM","R","M","M","B",null,"R_BF","M","$","M","?","E","T","M","E","M","M","E","$","?","M","B",null,"R_BF","M","$","M","?","T","E","E","E","?","$","M","B",null,"E"],"character_chosen":"THE_SPIRIT","items_purchased":["HollowMod:JonisBlessing","hexamod:SpectralSpark","hexamod:HauntingEcho","hexamod:StepThrough","hexamod:InspiringFlames","Grinning Jar","hexamod:RainOfEmbers","hexamod:MatchstickCase","LifebloodPotion"],"campfire_rested":0,"item_purchase_floors":[10,10,20,30,30,37,37,48,48],"current_hp_per_floor":[70,69,66,59,59,57,57,57,54,54,43,43,43,43,43,26,70,70,70,70,65,65,65,65,65,58,58,58,47,44,44,44,44,70,80,60,60,58,23,23,23,21,21,21,36,36,33,80,0,0,0],"gold":58,"neow_bonus":"THREE_RARE_CARDS","is_daily":false,"chose_seed":false,"campfire_upgraded":1,"win_rate":0.0,"timestamp":1609970512,"path_taken":["R_BF","M","M","?","M","E","T","R","E","$","E","?","R","?","M","BOSS","R_BF","M","$","M","?","E","T","M","E","M","M","E","$","?","M","BOSS","R_BF","M","$","M","?","T","E","E","E","?","$","M","BOSS","E"],"items_purchased_type":["Relic","Card","Card","Card","Card","Relic","Card","Relic","Potion"],"build_version":"2020-12-22","purchased_purges":4,"victory":false,"max_hp_per_floor":[70,70,70,70,70,70,70,70,70,70,70,70,70,70,70,70,70,70,70,70,70,70,70,70,70,70,70,70,70,70,70,70,70,70,80,80,80,80,80,80,80,80,80,80,80,80,80,80,80,80,80],"card_choices":[{"not_picked":["hexamod:ApocalypticArmor","hexamod:TimeWarp"],"picked":"hexamod:VolcanoVisage","floor":0.0},{"not_picked":["hexamod:FastForward","hexamod:BacktrackSmack"],"picked":"hexamod:ThermalTransfer","floor":2.0},{"not_picked":["hexamod:SpectralAdrenaline","hexamod:NightmareStrike"],"picked":"hexamod:FastForward","floor":3.0},{"not_picked":["hexamod:ShieldOfDarkness","hexamod:GhostOfSpireFuture"],"picked":"hexamod:HeatCrush","floor":5.0},{"not_picked":["hexamod:Rewind","hexamod:RecurringNightmare","hexamod:BacktrackSmack"],"picked":"SKIP","floor":6.0},{"not_picked":["hexamod:HeatCrush","hexamod:Rewind","hexamod:SpectersWail"],"picked":"SKIP","floor":9.0},{"not_picked":["hexamod:AdvancingGuard","hexamod:FastForward"],"picked":"hexamod:ApocalypseNow","floor":10.0},{"not_picked":["hexamod:HeatCrush","hexamod:BacktrackSmack","hexamod:ThermalTransfer"],"picked":"SKIP","floor":11.0},{"not_picked":["hexamod:RainOfEmbers","hexamod:FastForward"],"picked":"hexamod:Hexaguard","floor":12.0},{"not_picked":["hexamod:SwordOfDarkness","hexamod:SkipABeat"],"picked":"hexamod:RadiantFlame","floor":14.0},{"not_picked":["hexamod:GhostOfSpirePast","hexamod:Again"],"picked":"hexamod:FourthSeal","floor":15.0},{"not_picked":["hexamod:TimeWarp","hexamod:TurnItUp"],"picked":"hexamod:SixthSeal","floor":16.0},{"not_picked":["hexamod:ShieldOfDarkness","hexamod:SwordOfDarkness"],"picked":"hexamod:EmpoweredFlame","floor":19.0},{"not_picked":["hexamod:UnleashSpirits","hexamod:SpectersWail"],"picked":"hexamod:ExtraCrispy","floor":20.0},{"not_picked":["hexamod:InspiringFlames","hexamod:SpectersWail"],"picked":"hexamod:GhostOfSpireFuture+1","floor":21.0},{"not_picked":["hexamod:SpectersWail","hexamod:SpectralSpark"],"picked":"hexamod:Incineration","floor":23.0},{"not_picked":["hexamod:NightmareStrike+1","hexamod:ShieldOfDarkness+1"],"picked":"hexamod:ThermalTransfer+1","floor":25.0},{"not_picked":["hexamod:SpectersWail+1","hexamod:ApocalypticArmor"],"picked":"hexamod:Firestarter","floor":26.0},{"not_picked":["hexamod:Firestarter","hexamod:AdvancingGuard+1","hexamod:GhostLash"],"picked":"SKIP","floor":27.0},{"not_picked":["hexamod:HauntingEcho+1","hexamod:NightmareStrike","hexamod:GhostShield+1"],"picked":"SKIP","floor":28.0},{"not_picked":["hexamod:InspiringFlames+1","hexamod:HauntingEcho+1","hexamod:ShieldOfDarkness"],"picked":"SKIP","floor":29.0},{"not_picked":["hexamod:GhostOfSpireFuture","hexamod:HauntingEcho","hexamod:Haunt"],"picked":"SKIP","floor":30.0},{"not_picked":["hexamod:GhostOfSpirePast","hexamod:EtherealExpedition"],"picked":"hexamod:CatchUp","floor":32.0},{"not_picked":["hexamod:FifthSeal","hexamod:GhostflameInferno"],"picked":"hexamod:TimeOfNeed","floor":33.0},{"not_picked":["hexamod:SpectersWail","hexamod:RetreatToShadows+1","hexamod:Hexaguard+1"],"picked":"SKIP","floor":36.0},{"not_picked":["hexamod:HeatCrush+1","hexamod:EmpoweredFlame","hexamod:InspiringFlames+1"],"picked":"SKIP","floor":37.0},{"not_picked":["hexamod:RainOfEmbers+1","hexamod:GhostLash","hexamod:DynamicBlow+1"],"picked":"SKIP","floor":38.0},{"not_picked":["hexamod:Incineration","hexamod:ApocalypseNow"],"picked":"hexamod:SoulSteal+1","floor":42.0},{"not_picked":["hexamod:PhantomFireball","hexamod:GhostOfSpirePresent+1"],"picked":"hexamod:EmpoweringStance","floor":44.0},{"not_picked":["hexamod:InspiringFlames+1","hexamod:ParanormalForm","hexamod:Haunt+1"],"picked":"SKIP","floor":46.0},{"not_picked":["hexamod:SwordOfDarkness","hexamod:BacktrackSmack+1","hexamod:Firestarter+1"],"picked":"SKIP","floor":49.0}],"player_experience":1068906,"relics_obtained":[{"floor":6.0,"key":"Replay:Bandana"},{"floor":7.0,"key":"Blue Candle"},{"floor":9.0,"key":"StuffTheSpire:Wildfire"},{"floor":11.0,"key":"Blood Vial"},{"floor":12.0,"key":"Guardian:PocketSentry"},{"floor":18.0,"key":"Centennial Puzzle"},{"floor":23.0,"key":"StuffTheSpire:Mouthbags"},{"floor":26.0,"key":"Juzu Bracelet"},{"floor":29.0,"key":"Potion Belt"},{"floor":31.0,"key":"Ring of Searing"},{"floor":31.0,"key":"ReplayTheSpireMod:Ring of Collecting"},{"floor":39.0,"key":"hubris:Teleporter"},{"floor":41.0,"key":"Ring of Peace"},{"floor":41.0,"key":"War Paint"},{"floor":42.0,"key":"Boot"},{"floor":42.0,"key":"Whetstone"},{"floor":44.0,"key":"Oddly Smooth Stone"},{"floor":44.0,"key":"MealTicket"},{"floor":46.0,"key":"MawBank"},{"floor":46.0,"key":"aspiration:Lifesprig"}],"event_choices":[{"damage_healed":0.0,"max_hp_gain":0.0,"max_hp_loss":0.0,"gold_gain":0.0,"event_name":"Mysterious Sphere","player_choice":"Fight","floor":39.0,"gold_loss":0.0,"damage_taken":0.0},{"damage_healed":0.0,"max_hp_gain":0.0,"max_hp_loss":0.0,"gold_gain":0.0,"event_name":"OrinTheCat","player_choice":"Ignored","floor":47.0,"gold_loss":0.0,"damage_taken":0.0}],"is_beta":false,"boss_relics":[{"not_picked":["hubris:VirtuousBlindfold","conspire:RoyalGoblet"],"picked":"Kintsugi"},{"not_picked":["Replay:Grab Bag","hubris:RunicObelisk"],"picked":"Black Star"}],"items_purged_floors":[20,30,37,48],"is_endless":false,"potions_floor_spawned":[5,9,11,14,16,19,21,25,29,33,38,49],"killed_by":"downfall:CharBossMerchant","ascension_level":4}}