{"host":"i09pxcjttd31eh4q","time":1609931641,"event":{"mods":["AchievementEnabler","BaseMod","Colored Map","Keyboard Shortcuts","Minty Spire (QoL Compilation)","StSLib","SuperFastMode"],"gold_per_floor":[118,193,207,218,218,218,238,2,2,2,2,2],"floor_reached":11,"playtime":152,"items_purged":["Strike_P"],"score":126,"play_id":"769ed9a7-6837-4c76-b5d9-6c044c5e1a2d","local_time":"20210106201401","is_ascension_mode":true,"campfire_choices":[{"data":"Eruption","floor":6,"key":"SMITH"},{"floor":10,"key":"REST"}],"circlet_count":0,"master_deck":["AscendersBane","Strike_P","Strike_P","Defend_P","Defend_P","Defend_P","Eruption+1","Vigilance","Sanctity","EmptyFist"],"relics":["Empty Cage","Darkstone Periapt","Nunchaku"],"acts_visited":["Exordium"],"potions_floor_usage":[],"damage_taken":[{"damage":0,"enemies":"2 Louse","floor":1,"turns":4},{"damage":13,"enemies":"Small Slimes","floor":3,"turns":4},{"damage":5,"enemies":"Cultist","floor":4,"turns":4},{"damage":17,"enemies":"Exordium Thugs","floor":7,"turns":5},{"damage":0,"enemies":"3 Sentries","floor":11,"turns":1}],"seed_played":"4000490334834273830","potions_obtained":[{"floor":3,"key":"LiquidBronze"}],"is_trial":false,"path_per_floor":["M","?","M","M","?","R","M","$","T","R","E"],"character_chosen":"WATCHER","items_purchased":["Nunchaku"],"campfire_rested":1,"item_purchase_floors":[8],"current_hp_per_floor":[61,50,37,32,27,27,10,10,10,30,30,30],"gold":2,"neow_bonus":"BOSS_RELIC","is_daily":false,"chose_seed":false,"campfire_upgraded":1,"win_rate":0.0,"timestamp":1609931641,"path_taken":["M","?","M","M","?","R","M","$","T","R","E"],"items_purchased_type":["Relic"],"build_version":"2020-12-22","purchased_purges":1,"victory":false,"max_hp_per_floor":[68,68,68,68,68,68,68,68,68,68,68,68],"card_choices":[{"not_picked":["Prostrate","Evaluate","Consecrate"],"picked":"SKIP","floor":1},{"not_picked":["ClearTheMind","PathToVictory","Prostrate"],"picked":"SKIP","floor":3},{"not_picked":["CutThroughFate","Protect"],"picked":"Sanctity","floor":4},{"not_picked":["ConjureBlade","Evaluate"],"picked":"EmptyFist","floor":7}],"player_experience":832539,"relics_obtained":[],"event_choices":[{"damage_healed":0,"gold_gain":75,"player_choice":"Gather Gold","damage_taken":11,"max_hp_gain":0,"max_hp_loss":0,"event_name":"World of Goop","floor":2,"gold_loss":0},{"damage_healed":0,"gold_gain":0,"player_choice":"Success","damage_taken":5,"relics_obtained":["Darkstone Periapt"],"max_hp_gain":0,"max_hp_loss":0,"event_name":"Scrap Ooze","floor":5,"gold_loss":0}],"is_beta":false,"boss_relics":[],"items_purged_floors":[8],"is_endless":false,"potions_floor_spawned":[3],"killed_by":"3 Sentries","ascension_level":20}}