{"host":"Qube","time":1609972146,"event":{"mods":["AchievementEnabler","BaseMod","Colored Map","Colored Powertips","Minty Spire (QoL Compilation)","Quick Restart","Random Character Button","StSLib"],"gold_per_floor":[113,125,125,138,103,138,138,168,168,168,182,182,182,223,223,321,321,342,19,40,58,83,123,123,123,123,123,147,185,185,221,221,221,221],"floor_reached":33,"playtime":1564,"items_purged":[],"score":655,"play_id":"24de38b3-3d5f-4ded-b39b-cc2565e1933e","local_time":"20210106142906","is_ascension_mode":true,"campfire_choices":[{"floor":7.0,"key":"REST"},{"floor":13.0,"key":"REST"},{"data":"Buffer","floor":15.0,"key":"SMITH"},{"data":"Biased Cognition","floor":24,"key":"SMITH"},{"data":"Glacier","floor":27,"key":"SMITH"},{"floor":32,"key":"REST"}],"circlet_count":0,"master_deck":["AscendersBane","Strike_B","Strike_B","Strike_B","Strike_B","Defend_B","Defend_B","Defend_B","Defend_B","Zap+1","Dualcast+1","Ball Lightning","Chill","Ball Lightning","Glacier+1","Cold Snap","Buffer+1","Biased Cognition+1","Lockon","Coolheaded","Ball Lightning","Ball Lightning","Go for the Eyes+1","Chaos+1","Glacier"],"relics":["Cracked Core","Kunai","Meat on the Bone","Pear","Golden Idol","Potion Belt","Velvet Choker","Frozen Egg 2","Blue Candle","Bottled Lightning","Blood Vial","Letter Opener","Nunchaku"],"acts_visited":["Exordium","TheCity"],"potions_floor_usage":[22,23,29,33,33],"damage_taken":[{"damage":5.0,"enemies":"2 Louse","floor":1.0,"turns":3.0},{"damage":12.0,"enemies":"Jaw Worm","floor":2.0,"turns":2.0},{"damage":4.0,"enemies":"Cultist","floor":4.0,"turns":3.0},{"damage":34.0,"enemies":"Gremlin Nob","floor":6.0,"turns":4.0},{"damage":14.0,"enemies":"Lagavulin","floor":8.0,"turns":5.0},{"damage":2.0,"enemies":"Exordium Thugs","floor":11.0,"turns":4.0},{"damage":15.0,"enemies":"3 Sentries","floor":14.0,"turns":8.0},{"damage":28.0,"enemies":"Slime Boss","floor":16.0,"turns":12.0},{"damage":19.0,"enemies":"2 Thieves","floor":18.0,"turns":4.0},{"damage":5.0,"enemies":"3 Byrds","floor":20.0,"turns":6.0},{"damage":0,"enemies":"Centurion and Healer","floor":21,"turns":6},{"damage":2,"enemies":"Chosen and Byrds","floor":22,"turns":7},{"damage":8,"enemies":"Gremlin Leader","floor":23,"turns":5},{"damage":0,"enemies":"Snecko","floor":28,"turns":2},{"damage":3,"enemies":"Book of Stabbing","floor":29,"turns":4},{"damage":6,"enemies":"Gremlin Leader","floor":31,"turns":5},{"damage":74,"enemies":"Automaton","floor":33,"turns":10}],"seed_played":"2305221403644361833","potions_obtained":[{"floor":2.0,"key":"SneckoOil"},{"floor":6.0,"key":"Weak Potion"},{"floor":11.0,"key":"Energy Potion"},{"floor":20.0,"key":"EssenceOfSteel"},{"floor":22,"key":"PowerPotion"},{"floor":25,"key":"Energy Potion"},{"floor":25,"key":"Block Potion"},{"floor":29,"key":"Weak Potion"}],"is_trial":false,"path_per_floor":["M","M","?","M","?","E","R","E","T","?","M","?","R","E","R","B",null,"M","$","M","M","M","E","R","?","T","R","M","E","T","E","R","B"],"character_chosen":"DEFECT","items_purchased":["Frozen Egg 2","Coolheaded"],"campfire_rested":3,"item_purchase_floors":[19,19],"current_hp_per_floor":[59,47,47,43,60,26,47,33,43,15,25,30,55,52,52,36,74,55,55,50,50,48,52,52,52,52,52,52,49,49,45,70,0,0],"gold":221,"neow_bonus":"UPGRADE_CARD","is_daily":false,"chose_seed":false,"campfire_upgraded":3,"win_rate":0.0,"timestamp":1609972146,"path_taken":["M","M","?","M","?","E","R","E","T","?","?","?","R","E","R","BOSS","M","$","M","M","M","E","R","?","T","R","?","E","?","E","R","BOSS"],"items_purchased_type":["Relic","Card"],"build_version":"2020-12-18","purchased_purges":0,"victory":false,"max_hp_per_floor":[71,71,71,71,71,71,71,71,81,81,81,86,86,86,86,86,86,86,86,86,86,86,86,86,86,86,86,86,86,86,86,86,86,86],"card_choices":[{"not_picked":["Hologram","BootSequence"],"picked":"Ball Lightning","floor":1.0},{"not_picked":["Turbo","Chaos"],"picked":"Chill","floor":2.0},{"not_picked":["Leap","Storm"],"picked":"Ball Lightning","floor":4.0},{"not_picked":["Double Energy","Rip and Tear","Rainbow"],"picked":"SKIP","floor":6.0},{"not_picked":["Turbo","Blizzard"],"picked":"Glacier","floor":8.0},{"not_picked":["Recycle","Auto Shields"],"picked":"Cold Snap","floor":11.0},{"not_picked":["Steam Power","Coolheaded"],"picked":"Buffer","floor":14.0},{"not_picked":["Rainbow","Core Surge"],"picked":"Biased Cognition","floor":16.0},{"not_picked":["Capacitor+1","Cold Snap"],"picked":"Lockon","floor":18.0},{"not_picked":["Sweeping Beam","Hologram+1"],"picked":"Ball Lightning","floor":20.0},{"not_picked":["Capacitor+1","Compile Driver+1"],"picked":"Ball Lightning","floor":21},{"not_picked":["Turbo+1","Lockon+1"],"picked":"Go for the Eyes+1","floor":22},{"not_picked":["Sweeping Beam","Rebound","Beam Cell"],"picked":"SKIP","floor":23},{"not_picked":["Leap","Stack"],"picked":"Chaos+1","floor":28},{"not_picked":["Darkness","Barrage"],"picked":"Glacier","floor":29},{"not_picked":["Tempest","Aggregate+1","Capacitor+1"],"picked":"SKIP","floor":31}],"player_experience":829262,"relics_obtained":[{"floor":6.0,"key":"Kunai"},{"floor":8.0,"key":"Meat on the Bone"},{"floor":9.0,"key":"Pear"},{"floor":14.0,"key":"Potion Belt"},{"floor":23,"key":"Blue Candle"},{"floor":26,"key":"Bottled Lightning"},{"floor":29,"key":"Blood Vial"},{"floor":30,"key":"Letter Opener"},{"floor":31,"key":"Nunchaku"}],"event_choices":[{"damage_healed":0.0,"max_hp_gain":0.0,"max_hp_loss":0.0,"gold_gain":0.0,"event_name":"Living Wall","player_choice":"Grow","floor":3.0,"gold_loss":0.0,"damage_taken":0.0,"cards_upgraded":["Dualcast"]},{"damage_healed":17.0,"max_hp_gain":0.0,"max_hp_loss":0.0,"gold_gain":0.0,"event_name":"The Cleric","player_choice":"Healed","floor":5.0,"gold_loss":35.0,"damage_taken":0.0},{"damage_healed":0.0,"max_hp_gain":0.0,"max_hp_loss":0.0,"gold_gain":0.0,"event_name":"Golden Idol","player_choice":"Take Damage","floor":10.0,"gold_loss":0.0,"damage_taken":28.0,"relics_obtained":["Golden Idol"]},{"damage_healed":0.0,"max_hp_gain":5.0,"max_hp_loss":0.0,"gold_gain":0.0,"event_name":"Big Fish","player_choice":"Donut","floor":12.0,"gold_loss":0.0,"damage_taken":0.0},{"damage_healed":0,"gold_gain":0,"player_choice":"Got Potions","damage_taken":0,"max_hp_gain":0,"max_hp_loss":0,"event_name":"Lab","floor":25,"gold_loss":0}],"is_beta":true,"boss_relics":[{"not_picked":["Tiny House","Runic Pyramid"],"picked":"Velvet Choker"}],"items_purged_floors":[],"is_endless":false,"potions_floor_spawned":[2,6,11,20,22,29],"killed_by":"Automaton","ascension_level":19}}