{"host":"ifhtq4ixo5m3h13u","time":1609938679,"event":{"mods":["BaseMod","Downfall","Minty Spire (QoL Compilation)","StSLib","Waifu the Spire","vexMod","¡¾ÒÅÎï¿¨ÅÆ¡¿REMEMod"],"gold_per_floor":[99,119,569,569,585,614,637,16,16,16,34,34,34,44,59,59,59],"floor_reached":16,"playtime":824,"items_purged":["Slimebound:Icky"],"score":125,"play_id":"c2b17fa6-4a37-492f-b9e6-dafd81b358d0","local_time":"20210106211119","is_ascension_mode":false,"campfire_choices":[{"floor":1,"key":"RECALL"},{"data":"sneckomod:UnknownRarePower","floor":10,"key":"SMITH"},{"floor":13,"key":"REST"}],"circlet_count":0,"master_deck":["sneckomod:Strike","sneckomod:Strike","sneckomod:Defend","sneckomod:Defend","sneckomod:Defend","sneckomod:TailWhip","sneckomod:SnekBite+1","sneckomod:Unknown","sneckomod:Unknown","Guardian:Gem_White","sneckomod:UnknownClassGREEN","Slimebound:Icky","Slimebound:Icky","sneckomod:DiceBlock","sneckomod:UnknownWeak","sneckomod:UnknownRarePower+1","sneckomod:DiceCrush","sneckomod:UnknownBlock","sneckomod:SnakeSap","sneckomod:UnknownRareSkill","sneckomod:UnknownWeak","sneckomod:UnknownUncommonSkill"],"relics":["sneckomod:SneckoSoul","REME_ComplimentaryCards","Juzu Bracelet","Oddly Smooth Stone","Bottled Tornado"],"acts_visited":["Exordium"],"potions_floor_usage":[6,16,16],"damage_taken":[{"damage":6,"enemies":"Small Slimes","floor":2,"turns":3},{"damage":0,"enemies":"Cultist","floor":5,"turns":3},{"damage":21,"enemies":"3 Sentries","floor":6,"turns":6},{"damage":5,"enemies":"downfall:FleeingMerchant","floor":8,"turns":4},{"damage":0,"enemies":"2 Louse","floor":11,"turns":3},{"damage":4,"enemies":"Red Slaver","floor":14,"turns":5},{"damage":2,"enemies":"Blue Slaver","floor":15,"turns":4},{"damage":101,"enemies":"downfall:Ironclad","floor":16,"turns":15}],"seed_played":"-6829538060445643443","potions_obtained":[{"floor":2,"key":"Explosive Potion"},{"floor":6,"key":"Energy Potion"},{"floor":15,"key":"SpeedPotion"}],"is_trial":false,"path_per_floor":["R","M","?","?","M","E","T","$","?","R","M","?","R","M","M","B"],"character_chosen":"THE_SNECKO","items_purchased":["Bottled Tornado","sneckomod:DiceCrush","sneckomod:UnknownBlock","REME_PuzzleBox"],"campfire_rested":1,"item_purchase_floors":[8,8,8,8],"current_hp_per_floor":[99,94,94,94,94,74,74,75,75,75,75,76,104,101,100,0,0],"gold":59,"neow_bonus":"TEN_PERCENT_HP_BONUS","is_daily":false,"chose_seed":false,"campfire_upgraded":1,"win_rate":0.0,"timestamp":1609938679,"path_taken":["R","M","?","?","?","E","T","$","?","R","M","?","R","M","M","BOSS"],"items_purchased_type":["Relic","Card","Card","Card"],"build_version":"2020-12-22","purchased_purges":1,"victory":false,"max_hp_per_floor":[99,100,100,100,100,101,101,103,103,103,103,104,104,105,106,106,106],"card_choices":[{"not_picked":["sneckomod:UnknownX","sneckomod:QuickMove"],"picked":"sneckomod:UnknownClassGREEN","floor":2},{"not_picked":["sneckomod:UnknownVulnerable","sneckomod:UnknownBlock"],"picked":"sneckomod:DiceBlock","floor":5},{"not_picked":["sneckomod:SnakeSap","sneckomod:ImprovisedAttack"],"picked":"sneckomod:UnknownWeak","floor":6},{"not_picked":["sneckomod:UnknownVulnerable","sneckomod:Mudshield"],"picked":"sneckomod:UnknownRarePower","floor":8},{"not_picked":["sneckomod:Unknown1Cost","sneckomod:DiceBlock"],"picked":"sneckomod:SnakeSap","floor":11},{"not_picked":["sneckomod:DiceCrush","sneckomod:Unknown1Cost"],"picked":"sneckomod:UnknownWeak","floor":14},{"not_picked":["sneckomod:MasterEye","sneckomod:DefensiveFlair"],"picked":"sneckomod:UnknownUncommonSkill","floor":15}],"player_experience":42475,"relics_obtained":[{"floor":6,"key":"Juzu Bracelet"},{"floor":7,"key":"Oddly Smooth Stone"}],"event_choices":[{"damage_healed":0,"gold_gain":0,"player_choice":"Forge","damage_taken":0,"max_hp_gain":0,"max_hp_loss":0,"event_name":"Accursed Blacksmith","floor":4,"gold_loss":0,"cards_upgraded":["sneckomod:SnekBite"]},{"damage_healed":0,"gold_gain":0,"cards_transformed":["sneckomod:Strike"],"player_choice":"Transformed","damage_taken":0,"max_hp_gain":0,"max_hp_loss":0,"event_name":"Transmorgrifier","floor":12,"gold_loss":0,"cards_obtained":["sneckomod:UnknownRareSkill"]}],"is_beta":false,"boss_relics":[],"items_purged_floors":[8],"is_endless":false,"potions_floor_spawned":[2,6,15],"killed_by":"downfall:Ironclad","ascension_level":0}}