{"host":"i09pxcjttd31eh4q","time":1609929950,"event":{"mods":["AchievementEnabler","BaseMod","Colored Map","Keyboard Shortcuts","Minty Spire (QoL Compilation)","StSLib","SuperFastMode"],"gold_per_floor":[111,31,31,31,51,83,83,99,99,24,55,74,124,138,138,215,215,226,246,146,163,176,176,226,238,265,265,285,303,31,31,31,108,108,128,128,128,146,146,146,146,146,146,146,175,175,36,48,48,48,48],"floor_reached":50,"playtime":1300,"items_purged":["Strike_P","FlurryOfBlows"],"score":1060,"play_id":"7b3cfcb6-4b39-4069-8dc8-31d0b0c9295c","local_time":"20210106194550","is_ascension_mode":true,"campfire_choices":[{"data":"Eruption","floor":7.0,"key":"SMITH"},{"floor":15.0,"key":"REST"},{"floor":23.0,"key":"REST"},{"floor":27.0,"key":"REST"},{"floor":32.0,"key":"REST"},{"floor":40.0,"key":"RECALL"},{"data":"WheelKick","floor":42.0,"key":"SMITH"},{"data":"Swivel","floor":44.0,"key":"SMITH"},{"floor":49.0,"key":"REST"}],"circlet_count":0,"master_deck":["AscendersBane","Strike_P+1","Defend_P+1","Defend_P","Defend_P","Eruption+1","Vigilance","FearNoEvil","EmptyFist","DeusExMachina","DevaForm","Tantrum+1","EmptyFist+1","Meditate+1","SandsOfTime+1","Swivel+1","Indignation","Scrawl","WheelKick+1","MentalFortress"],"relics":["PureWater","NeowsBlessing","Calipers","Ice Cream","Bronze Scales","Snecko Eye","Akabeko","Bottled Tornado","SlaversCollar","Whetstone"],"acts_visited":["Exordium","TheCity","TheBeyond"],"potions_floor_usage":[],"damage_taken":[{"damage":0.0,"enemies":"2 Louse","floor":1.0,"turns":2.0},{"damage":0.0,"enemies":"Jaw Worm","floor":5.0,"turns":1.0},{"damage":0.0,"enemies":"3 Sentries","floor":6.0,"turns":1.0},{"damage":0.0,"enemies":"Cultist","floor":8.0,"turns":2.0},{"damage":25.0,"enemies":"Lagavulin","floor":11.0,"turns":6.0},{"damage":9.0,"enemies":"Red Slaver","floor":12.0,"turns":2.0},{"damage":1.0,"enemies":"3 Louse","floor":14.0,"turns":2.0},{"damage":23.0,"enemies":"The Guardian","floor":16.0,"turns":10.0},{"damage":0.0,"enemies":"Spheric Guardian","floor":18.0,"turns":3.0},{"damage":18.0,"enemies":"Shell Parasite","floor":19.0,"turns":3.0},{"damage":14.0,"enemies":"Centurion and Healer","floor":21.0,"turns":3.0},{"damage":17.0,"enemies":"Snake Plant","floor":22.0,"turns":3.0},{"damage":22.0,"enemies":"3 Cultists","floor":25.0,"turns":5.0},{"damage":9.0,"enemies":"Centurion and Healer","floor":28.0,"turns":3.0},{"damage":0.0,"enemies":"Cultist and Chosen","floor":29.0,"turns":3.0},{"damage":22.0,"enemies":"Automaton","floor":33.0,"turns":6.0},{"damage":28.0,"enemies":"3 Darklings","floor":35.0,"turns":4.0},{"damage":0.0,"enemies":"Orb Walker","floor":38.0,"turns":2.0},{"damage":0.0,"enemies":"Giant Head","floor":45.0,"turns":4.0},{"damage":20.0,"enemies":"4 Shapes","floor":48.0,"turns":5.0},{"damage":23,"enemies":"Time Eater","floor":50,"turns":5}],"seed_played":"-2004418294315271880","potions_obtained":[{"floor":5.0,"key":"SpeedPotion"},{"floor":8.0,"key":"DuplicationPotion"},{"floor":11.0,"key":"Swift Potion"},{"floor":16.0,"key":"PowerPotion"},{"floor":18.0,"key":"Fruit Juice"},{"floor":22.0,"key":"Dexterity Potion"},{"floor":25.0,"key":"SneckoOil"},{"floor":28.0,"key":"AttackPotion"},{"floor":38.0,"key":"Strength Potion"}],"is_trial":false,"path_per_floor":["M","$","?","?","M","E","R","M","T","$","E","M","?","M","R","B",null,"M","M","$","M","M","R","?","M","T","R","M","M","$","?","R","B",null,"M","?","?","M","?","R","?","R","T","R","E","?","$","M","R","B"],"character_chosen":"WATCHER","items_purchased":["FearNoEvil","Bottled Tornado","MentalFortress","AttackPotion"],"campfire_rested":5,"item_purchase_floors":[2,30,47,47],"current_hp_per_floor":[61,61,41,41,41,41,41,41,41,41,16,7,7,6,26,3,52,52,34,34,20,8,29,29,7,7,28,19,19,19,19,40,18,59,31,31,31,31,31,31,31,31,31,31,31,31,31,11,31,8,8],"gold":48,"neow_bonus":"THREE_ENEMY_KILL","is_daily":false,"chose_seed":false,"campfire_upgraded":3,"win_rate":0.0,"timestamp":1609929950,"path_taken":["M","$","?","?","M","E","R","M","T","?","E","M","?","?","R","BOSS","M","M","$","M","M","R","?","M","T","R","M","M","$","?","R","BOSS","M","?","?","M","?","R","?","R","T","R","E","?","$","?","R","BOSS"],"items_purchased_type":["Card","Relic","Card","Potion"],"build_version":"2020-12-22","purchased_purges":2,"victory":false,"max_hp_per_floor":[68,68,68,68,68,68,68,68,68,68,68,68,68,68,68,68,68,68,68,68,68,73,73,73,73,73,73,73,73,73,73,73,73,73,73,73,69,69,69,69,69,69,69,69,69,69,69,69,69,69,69],"card_choices":[{"not_picked":["Halt","Crescendo"],"picked":"FlurryOfBlows","floor":1.0},{"not_picked":["Evaluate","SashWhip"],"picked":"EmptyFist","floor":5.0},{"not_picked":["CrushJoints","ThirdEye","BattleHymn"],"picked":"SKIP","floor":6.0},{"not_picked":["Collect","LikeWater","WreathOfFlame"],"picked":"SKIP","floor":8.0},{"not_picked":["Study","EmptyBody"],"picked":"DeusExMachina","floor":11.0},{"not_picked":["CrushJoints","FlurryOfBlows","Meditate"],"picked":"SKIP","floor":12.0},{"not_picked":["JustLucky","ClearTheMind","SashWhip"],"picked":"SKIP","floor":14.0},{"not_picked":["Vault","Devotion"],"picked":"DevaForm","floor":16.0},{"not_picked":["Prostrate","SashWhip","FlurryOfBlows"],"picked":"SKIP","floor":18.0},{"not_picked":["FollowUp","InnerPeace"],"picked":"Tantrum+1","floor":19.0},{"not_picked":["CrushJoints","FearNoEvil"],"picked":"EmptyFist","floor":21.0},{"not_picked":["ThirdEye","Pray"],"picked":"Meditate+1","floor":22.0},{"not_picked":["Conclude","FlyingSleeves","Consecrate"],"picked":"SKIP","floor":25.0},{"not_picked":["ReachHeaven","Weave"],"picked":"SandsOfTime","floor":28.0},{"not_picked":["Wireheading","JustLucky+1","Conclude"],"picked":"SKIP","floor":29.0},{"not_picked":["Wireheading","JustLucky+1","Conclude"],"picked":"SKIP","floor":29.0},{"not_picked":["Blasphemy","MasterReality"],"picked":"Scrawl","floor":33.0},{"not_picked":["CutThroughFate+1","Evaluate"],"picked":"WheelKick","floor":35.0},{"not_picked":["Consecrate","FlurryOfBlows+1","Evaluate"],"picked":"SKIP","floor":38.0},{"not_picked":["Prostrate","ClearTheMind","Tantrum"],"picked":"SKIP","floor":45.0},{"not_picked":["DeceiveReality","FollowUp","SashWhip"],"picked":"SKIP","floor":48.0}],"player_experience":829886,"relics_obtained":[{"floor":6.0,"key":"Calipers"},{"floor":9.0,"key":"Ice Cream"},{"floor":11.0,"key":"Bronze Scales"},{"floor":26.0,"key":"Akabeko"},{"floor":45.0,"key":"Whetstone"}],"event_choices":[{"damage_healed":0.0,"max_hp_gain":0.0,"max_hp_loss":0.0,"gold_gain":0.0,"event_name":"Shining Light","player_choice":"Entered Light","floor":3.0,"gold_loss":0.0,"damage_taken":20.0,"cards_upgraded":["Strike_P","Defend_P"]},{"cards_removed":["Strike_P"],"damage_healed":0.0,"max_hp_gain":0.0,"max_hp_loss":0.0,"gold_gain":0.0,"event_name":"Living Wall","player_choice":"Forget","floor":4.0,"gold_loss":0.0,"damage_taken":0.0},{"damage_healed":0.0,"max_hp_gain":0.0,"max_hp_loss":0.0,"gold_gain":50.0,"event_name":"Golden Shrine","player_choice":"Pray","floor":13.0,"gold_loss":0.0,"damage_taken":0.0},{"damage_healed":0.0,"max_hp_gain":0.0,"max_hp_loss":0.0,"gold_gain":50.0,"event_name":"Nest","player_choice":"Stole From Cult","floor":24.0,"gold_loss":0.0,"damage_taken":0.0},{"damage_healed":0.0,"max_hp_gain":0.0,"max_hp_loss":0.0,"gold_gain":0.0,"cards_transformed":["Strike_P","Defend_P"],"event_name":"Drug Dealer","player_choice":"Became Test Subject","floor":31.0,"gold_loss":0.0,"damage_taken":0.0,"cards_obtained":["Swivel","Indignation"]},{"damage_healed":0.0,"max_hp_gain":0.0,"max_hp_loss":0.0,"gold_gain":0.0,"event_name":"Mysterious Sphere","player_choice":"Ignored","floor":36.0,"gold_loss":0.0,"damage_taken":0.0},{"damage_healed":0.0,"max_hp_gain":0.0,"max_hp_loss":4.0,"gold_gain":0.0,"event_name":"Winding Halls","player_choice":"Max HP","floor":37.0,"gold_loss":0.0,"damage_taken":0.0},{"damage_healed":0.0,"max_hp_gain":0.0,"max_hp_loss":0.0,"gold_gain":0.0,"event_name":"The Moai Head","player_choice":"Ignored","floor":39.0,"gold_loss":0.0,"damage_taken":0.0},{"damage_healed":0.0,"max_hp_gain":0.0,"max_hp_loss":0.0,"gold_gain":0.0,"event_name":"SensoryStone","player_choice":"Memory 1","floor":41.0,"gold_loss":0.0,"damage_taken":0.0},{"damage_healed":0.0,"max_hp_gain":0.0,"max_hp_loss":0.0,"gold_gain":0.0,"event_name":"WeMeetAgain","player_choice":"Ignored","floor":46.0,"gold_loss":0.0,"damage_taken":0.0}],"is_beta":false,"boss_relics":[{"not_picked":["Tiny House","Cursed Key"],"picked":"Snecko Eye"},{"not_picked":["Black Star","Pandora\u0027s Box"],"picked":"SlaversCollar"}],"items_purged_floors":[10,20],"is_endless":false,"potions_floor_spawned":[5,8,11,16,18,22,25,28,38,48],"killed_by":"Time Eater","ascension_level":20}}