{"host":"mydft8i2zzydgggw","time":1609951356,"event":{"mods":["AchievementEnabler","BaseMod","BetterRewards","Colored Map","Colored Powertips","DeckTracker","Keyboard Shortcuts","Minty Spire (QoL Compilation)","Quick Restart","Rare Cards Sparkle","StSLib","SuperFastMode","The Poker Player","everything is the same but u backflip on backflip"],"gold_per_floor":[112,128,78,78,78,111,111,143,166,166,180,211,136,146,146,248,248,283,296,331,421,172,224,0,0,0,52,67,87,12,22,22,118,168,187,127,37,47,58,58,77,77,156,184,194,44,44,74,74,74,74,74,1,32,32,32],"floor_reached":55,"playtime":2020,"items_purged":["Defend_P","Defend_P","Strike_P","WreathOfFlame"],"score":932,"play_id":"b57e5455-0674-443d-b97a-5b5cdea319ee","local_time":"20210107014236","is_ascension_mode":true,"campfire_choices":[{"data":"Eruption","floor":7,"key":"SMITH"},{"floor":10,"key":"REST"},{"data":"Prostrate","floor":15,"key":"SMITH"},{"floor":25,"key":"REST"},{"floor":32,"key":"REST"},{"data":"1","floor":40,"key":"LIFT"},{"data":"2","floor":42,"key":"LIFT"},{"floor":49,"key":"RECALL"},{"data":"Vault","floor":52,"key":"SMITH"}],"circlet_count":0,"master_deck":["Defend_P+1","Eruption+1","Vigilance","EmptyBody+1","InnerPeace+1","Prostrate+1","Wish","FlyingSleeves","Conclude+1","Pray","SandsOfTime","MentalFortress","SpiritShield","DeusExMachina","BowlingBash+1","Scrawl","Dramatic Entrance","CrushJoints","Vault+1"],"relics":["PureWater","NeowsBlessing","Damaru","War Paint","Oddly Smooth Stone","Regal Pillow","GoldenEye","Runic Pyramid","Orrery","Girya","Singing Bowl","Art of War","Tiny House","Shuriken","Bottled Tornado","StrikeDummy"],"acts_visited":["Exordium","TheCity","TheBeyond","TheEnding"],"potions_floor_usage":[8,16,27,29,35,41,44,48,50,50,54],"damage_taken":[{"damage":0,"enemies":"Jaw Worm","floor":1,"turns":1},{"damage":0,"enemies":"2 Louse","floor":2,"turns":1},{"damage":0,"enemies":"3 Sentries","floor":6,"turns":2},{"damage":22,"enemies":"Gremlin Nob","floor":8,"turns":5},{"damage":0,"enemies":"Small Slimes","floor":11,"turns":2},{"damage":12,"enemies":"Lagavulin","floor":12,"turns":9},{"damage":5,"enemies":"Exordium Thugs","floor":14,"turns":5},{"damage":22,"enemies":"Slime Boss","floor":16,"turns":8},{"damage":0,"enemies":"Spheric Guardian","floor":18,"turns":4},{"damage":18,"enemies":"Shell Parasite","floor":19,"turns":4},{"damage":1,"enemies":"Shelled Parasite and Fungi","floor":20,"turns":4},{"damage":14,"enemies":"Gremlin Leader","floor":23,"turns":5},{"damage":20,"enemies":"Slavers","floor":27,"turns":2},{"damage":2,"enemies":"Snecko","floor":28,"turns":4},{"damage":12,"enemies":"Chosen and Byrds","floor":29,"turns":3},{"damage":0,"enemies":"3 Cultists","floor":31,"turns":3},{"damage":0,"enemies":"Collector","floor":33,"turns":8},{"damage":14,"enemies":"Orb Walker","floor":35,"turns":4},{"damage":12,"enemies":"3 Shapes","floor":38,"turns":1},{"damage":19,"enemies":"Writhing Mass","floor":39,"turns":5},{"damage":0,"enemies":"Sphere and 2 Shapes","floor":41,"turns":1},{"damage":31,"enemies":"Nemesis","floor":44,"turns":5},{"damage":7,"enemies":"Spire Growth","floor":45,"turns":5},{"damage":4,"enemies":"Giant Head","floor":48,"turns":6},{"damage":40,"enemies":"Time Eater","floor":50,"turns":12},{"damage":9,"enemies":"Shield and Spear","floor":54,"turns":4},{"damage":73,"enemies":"The Heart","floor":55,"turns":6}],"seed_played":"5092795263565656481","potions_obtained":[{"floor":2,"key":"GamblersBrew"},{"floor":6,"key":"FearPotion"},{"floor":14,"key":"SpeedPotion"},{"floor":16,"key":"Ancient Potion"},{"floor":23,"key":"StancePotion"},{"floor":31,"key":"Swift Potion"},{"floor":33,"key":"Regen Potion"},{"floor":34,"key":"Ambrosia"},{"floor":38,"key":"StancePotion"},{"floor":41,"key":"StancePotion"},{"floor":45,"key":"Swift Potion"}],"is_trial":false,"path_per_floor":["M","M","?","?","?","E","R","E","T","R","M","E","$","M","R","B",null,"M","M","M","?","$","E","$","R","T","E","M","M","$","M","R","B",null,"M","?","$","M","M","R","M","R","T","E","M","$","?","E","R","B",null,"R","$","E","B"],"character_chosen":"WATCHER","items_purchased":["Orrery","Ambrosia","MentalFortress","Dramatic Entrance","Regen Potion"],"campfire_rested":3,"item_purchase_floors":[22,24,30,37,53],"current_hp_per_floor":[72,72,72,65,65,65,65,43,43,72,72,60,60,55,55,33,72,72,54,53,41,41,27,27,63,63,45,45,33,33,33,70,70,83,78,78,78,66,49,49,51,51,51,20,15,15,78,76,76,36,80,80,80,73,0,0],"gold":32,"neow_bonus":"THREE_ENEMY_KILL","is_daily":false,"chose_seed":false,"campfire_upgraded":3,"win_rate":0.0,"timestamp":1609951356,"path_taken":["M","M","?","?","?","E","R","E","T","R","M","E","$","M","R","BOSS","M","M","?","?","$","E","$","R","T","E","?","M","?","M","R","BOSS","M","?","?","M","M","R","M","R","T","E","?","?","?","E","R","BOSS","R","$","E","BOSS"],"items_purchased_type":["Relic","Potion","Card","Card","Potion"],"build_version":"2020-12-22","purchased_purges":4,"victory":false,"max_hp_per_floor":[72,72,72,72,72,72,72,72,72,72,72,72,72,72,72,72,72,72,72,72,72,72,72,72,72,72,74,76,76,76,76,76,76,83,83,83,83,83,85,85,87,87,87,87,89,89,78,80,80,80,80,80,80,82,82,82],"card_choices":[{"not_picked":["Crescendo","SashWhip","FlurryOfBlows"],"picked":"SKIP","floor":1},{"not_picked":["BowlingBash","Protect"],"picked":"EmptyBody","floor":2},{"not_picked":["Halt","Crescendo","Evaluate"],"picked":"SKIP","floor":6},{"not_picked":["FollowUp","Pray","WreathOfFlame"],"picked":"SKIP","floor":8},{"not_picked":["CutThroughFate","FlyingSleeves","Establishment"],"picked":"SKIP","floor":11},{"not_picked":["SashWhip","ConjureBlade"],"picked":"InnerPeace","floor":12},{"not_picked":["FlurryOfBlows","Evaluate"],"picked":"Prostrate","floor":14},{"not_picked":["Devotion","Scrawl"],"picked":"Wish","floor":16},{"not_picked":["Evaluate","FlurryOfBlows","PathToVictory"],"picked":"SKIP","floor":18},{"not_picked":["CrushJoints","ConjureBlade"],"picked":"FlyingSleeves","floor":19},{"not_picked":["FlurryOfBlows+1","EmptyMind","EmptyFist+1"],"picked":"SKIP","floor":20},{"not_picked":["CutThroughFate+1","Crescendo"],"picked":"Conclude+1","floor":22},{"not_picked":["Wallop","JustLucky"],"picked":"Pray","floor":22},{"not_picked":["CutThroughFate","SashWhip","Scrawl"],"picked":"SKIP","floor":23},{"not_picked":["Study+1","SashWhip","BowlingBash+1"],"picked":"Singing Bowl","floor":27},{"not_picked":["CutThroughFate+1","ClearTheMind","ThirdEye"],"picked":"Singing Bowl","floor":28},{"not_picked":["EmptyBody","Worship+1"],"picked":"SandsOfTime","floor":29},{"not_picked":["Crescendo","BowlingBash+1"],"picked":"SpiritShield","floor":31},{"not_picked":["MasterReality","SpiritShield"],"picked":"DeusExMachina","floor":33},{"not_picked":["Prostrate+1","Nirvana+1","CutThroughFate"],"picked":"Singing Bowl","floor":34},{"not_picked":["Pray","Meditate"],"picked":"BowlingBash+1","floor":35},{"not_picked":["InnerPeace+1","CutThroughFate+1"],"picked":"CrushJoints","floor":38},{"not_picked":["FollowUp+1","Sanctity+1","FlurryOfBlows"],"picked":"Singing Bowl","floor":39},{"not_picked":["Prostrate","Halt+1","BattleHymn"],"picked":"Singing Bowl","floor":41},{"not_picked":["WreathOfFlame","Collect"],"picked":"Vault","floor":44},{"not_picked":["Conclude","ReachHeaven+1","CutThroughFate+1"],"picked":"Singing Bowl","floor":45},{"not_picked":["Nirvana+1","CutThroughFate+1","CrushJoints"],"picked":"Singing Bowl","floor":48},{"not_picked":["WindmillStrike+1","JustLucky+1","SashWhip+1"],"picked":"Singing Bowl","floor":54}],"player_experience":118646,"relics_obtained":[{"floor":6,"key":"War Paint"},{"floor":8,"key":"Oddly Smooth Stone"},{"floor":9,"key":"Regal Pillow"},{"floor":12,"key":"GoldenEye"},{"floor":23,"key":"Girya"},{"floor":26,"key":"Singing Bowl"},{"floor":27,"key":"Art of War"},{"floor":44,"key":"Shuriken"},{"floor":48,"key":"Bottled Tornado"},{"floor":54,"key":"StrikeDummy"}],"event_choices":[{"cards_removed":["Strike_P"],"damage_healed":0,"gold_gain":0,"player_choice":"Card Removal","damage_taken":0,"max_hp_gain":0,"max_hp_loss":0,"event_name":"The Cleric","floor":3,"gold_loss":50},{"damage_healed":0,"gold_gain":0,"player_choice":"Success","damage_taken":7,"relics_obtained":["Damaru"],"max_hp_gain":0,"max_hp_loss":0,"event_name":"Scrap Ooze","floor":4,"gold_loss":0},{"cards_removed":["Defend_P"],"damage_healed":0,"gold_gain":0,"player_choice":"Offered Basic","damage_taken":0,"max_hp_gain":0,"max_hp_loss":0,"event_name":"Bonfire Elementals","floor":5,"gold_loss":0},{"damage_healed":0,"gold_gain":90,"player_choice":"GOLD ","damage_taken":12,"max_hp_gain":0,"max_hp_loss":0,"event_name":"Knowing Skull","floor":21,"potions_obtained":[],"gold_loss":0,"cards_obtained":[]},{"damage_healed":0,"gold_gain":0,"cards_transformed":["Strike_P","Strike_P"],"player_choice":"Transformed Cards","damage_taken":0,"max_hp_gain":0,"max_hp_loss":0,"event_name":"Designer","floor":36,"gold_loss":60,"cards_obtained":["Scrawl","WreathOfFlame"]},{"damage_healed":78,"gold_gain":0,"player_choice":"Heal","damage_taken":0,"max_hp_gain":0,"max_hp_loss":11,"event_name":"The Moai Head","floor":47,"gold_loss":0}],"is_beta":false,"boss_relics":[{"not_picked":["Astrolabe","VioletLotus"],"picked":"Runic Pyramid"},{"not_picked":["Philosopher\u0027s Stone","Sozu"],"picked":"Tiny House"}],"items_purged_floors":[13,22,24,46],"is_endless":false,"potions_floor_spawned":[2,6,14,16,23,31,33,38,41,45],"killed_by":"The Heart","ascension_level":3}}