{"host":"jm9833yuloeli2yd","time":1609900229,"event":{"mods":["BaseMod","Better Altar","Better Match","Better Note","Better Sensory Stone","Better Skull","Better Third Choice","Better Vampires","BetterRewards","Colored Map","Colored Powertips","DeckTracker","Minty Spire (QoL Compilation)","Permanent Neow","Quick Restart","StSLib","SuperFastMode"],"gold_per_floor":[114,131,146,146,126,158,158,186,212,240,251,145,173,190,190,268,268,279,179,199,21,21,21,51,51,74,174,187,187,112,129,129,207,207,222,239,254,4,50,50,50,50,50,81,0,10,36,54,54,54,54,54,54,0,28,28,28],"floor_reached":56,"playtime":2084,"items_purged":["Defend_G"],"score":2531,"play_id":"f1ffdfbf-2dc1-4f1f-8984-274c619b4a0b","local_time":"20210105213029","is_ascension_mode":true,"campfire_choices":[{"data":"Noxious Fumes","floor":7.0,"key":"SMITH"},{"floor":15.0,"key":"REST"},{"floor":25.0,"key":"REST"},{"floor":29.0,"key":"REST"},{"data":"Dash","floor":32.0,"key":"SMITH"},{"data":"Apotheosis","floor":40.0,"key":"SMITH"},{"floor":42.0,"key":"REST"},{"floor":49,"key":"RECALL"},{"data":"Footwork","floor":53,"key":"SMITH"}],"circlet_count":0,"master_deck":["AscendersBane","Strike_G+1","Defend_G","Defend_G","Defend_G","Defend_G","Survivor","Neutralize","Noxious Fumes+1","Eviscerate+1","Dash+1","Bouncing Flask","PiercingWail","Terror","Dagger Spray","Blade Dance","Wraith Form v2","Dodge and Roll+1","Malaise+1","Tactician+1","Dagger Spray+1","Crippling Poison","Corpse Explosion","Necronomicurse","Finisher+1","Dagger Throw","Wraith Form v2","CurseOfTheBell","Acrobatics+1","Heel Hook","Malaise","Apotheosis+1","Noxious Fumes","Die Die Die","Wraith Form v2","Distraction+1","Footwork+1"],"relics":["Ring of the Snake","PreservedInsect","MealTicket","OrangePellets","Whetstone","Orichalcum","Bag of Preparation","Boot","Pen Nib","StrikeDummy","Astrolabe","Necronomicon","Vajra","Potion Belt","StoneCalendar","Singing Bowl","Calling Bell","Juzu Bracelet","Pantograph","Tough Bandages","Unceasing Top","InkBottle","Red Mask","CeramicFish","Art of War"],"acts_visited":["Exordium","TheCity","TheBeyond","TheEnding"],"potions_floor_usage":[48,50,50,50,50,50,51,51],"damage_taken":[{"damage":4.0,"enemies":"Jaw Worm","floor":1.0,"turns":5.0},{"damage":0.0,"enemies":"2 Louse","floor":2.0,"turns":2.0},{"damage":11.0,"enemies":"Cultist","floor":3.0,"turns":4.0},{"damage":3.0,"enemies":"Gremlin Nob","floor":6.0,"turns":3.0},{"damage":9.0,"enemies":"3 Sentries","floor":8.0,"turns":6.0},{"damage":3.0,"enemies":"Gremlin Nob","floor":10.0,"turns":3.0},{"damage":5.0,"enemies":"2 Fungi Beasts","floor":11.0,"turns":4.0},{"damage":11.0,"enemies":"Lagavulin","floor":13.0,"turns":6.0},{"damage":10.0,"enemies":"Gremlin Gang","floor":14.0,"turns":5.0},{"damage":7.0,"enemies":"Slime Boss","floor":16.0,"turns":8.0},{"damage":4.0,"enemies":"3 Byrds","floor":18.0,"turns":5.0},{"damage":7.0,"enemies":"2 Thieves","floor":19.0,"turns":5.0},{"damage":21.0,"enemies":"Snake Plant","floor":20.0,"turns":4.0},{"damage":16.0,"enemies":"Slavers","floor":24.0,"turns":5.0},{"damage":3.0,"enemies":"Colosseum Slavers","floor":27.0,"turns":5.0},{"damage":5.0,"enemies":"Colosseum Nobs","floor":27.0,"turns":4.0},{"damage":6.0,"enemies":"Snecko","floor":28.0,"turns":4.0},{"damage":0.0,"enemies":"Chosen and Byrds","floor":31.0,"turns":4.0},{"damage":19.0,"enemies":"Collector","floor":33.0,"turns":8.0},{"damage":11.0,"enemies":"3 Darklings","floor":35.0,"turns":4.0},{"damage":0.0,"enemies":"3 Shapes","floor":36.0,"turns":3.0},{"damage":2.0,"enemies":"Jaw Worm Horde","floor":37.0,"turns":2.0},{"damage":21.0,"enemies":"2 Orb Walkers","floor":39.0,"turns":5.0},{"damage":14.0,"enemies":"Reptomancer","floor":44.0,"turns":8.0},{"damage":5,"enemies":"3 Darklings","floor":46,"turns":3},{"damage":0,"enemies":"Nemesis","floor":47,"turns":7},{"damage":9,"enemies":"Spire Growth","floor":48,"turns":7},{"damage":36,"enemies":"Awakened One","floor":50,"turns":12},{"damage":12,"enemies":"Donu and Deca","floor":51,"turns":13},{"damage":30,"enemies":"Shield and Spear","floor":55,"turns":12},{"damage":71,"enemies":"The Heart","floor":56,"turns":5}],"seed_played":"-3626909832192005423","potions_obtained":[{"floor":2.0,"key":"GamblersBrew"},{"floor":3.0,"key":"BlessingOfTheForge"},{"floor":5.0,"key":"GhostInAJar"},{"floor":10.0,"key":"Regen Potion"},{"floor":14.0,"key":"SkillPotion"},{"floor":16.0,"key":"Explosive Potion"},{"floor":18.0,"key":"BlessingOfTheForge"},{"floor":24.0,"key":"SpeedPotion"},{"floor":28.0,"key":"GhostInAJar"},{"floor":33.0,"key":"LiquidMemories"},{"floor":36.0,"key":"EntropicBrew"},{"floor":37.0,"key":"SteroidPotion"},{"floor":39.0,"key":"PowerPotion"}],"is_trial":false,"path_per_floor":["M","M","M","?","?","E","R","E","T","E","M","?","E","M","R","B",null,"M","M","M","$","?","?","E","R","T","?","M","R","?","M","R","B",null,"M","M","M","$","?","R","?","R","T","E","?","M","E","M","R","B","B",null,"R","$","E","B"],"character_chosen":"THE_SILENT","items_purchased":["PreservedInsect","MealTicket","OrangePellets","Noxious Fumes","Corpse Explosion","Apotheosis","Noxious Fumes","Strength Potion"],"campfire_rested":4,"item_purchase_floors":[0,0,0,0,21,38,38,54],"current_hp_per_floor":[48,48,37,37,37,34,34,25,25,22,17,17,21,11,30,23,55,51,44,23,38,38,17,1,20,20,14,8,28,28,28,28,9,53,42,42,40,55,34,34,17,37,37,23,23,18,20,13,13,2,15,58,58,72,44,0,0],"gold":28,"neow_bonus":"","is_daily":false,"chose_seed":false,"campfire_upgraded":4,"win_rate":0.0,"timestamp":1609900229,"path_taken":["M","M","M","?","?","E","R","E","T","E","?","?","E","?","R","BOSS","M","M","M","?","?","?","E","R","T","?","?","R","?","M","R","BOSS","M","M","M","$","?","R","?","R","T","E","?","M","E","M","R","BOSS","BOSS","R","$","E","BOSS"],"items_purchased_type":["Relic","Relic","Relic","Card","Card","Card","Card","Potion"],"build_version":"2020-12-22","purchased_purges":1,"victory":false,"max_hp_per_floor":[66,66,66,66,66,66,66,66,66,66,66,66,66,66,66,66,66,66,66,66,66,66,66,66,66,66,68,68,68,68,68,68,68,68,68,68,68,68,68,68,68,68,68,68,68,68,70,72,72,72,72,72,72,72,74,74,74],"card_choices":[{"not_picked":["Blade Dance","Sucker Punch"],"picked":"Eviscerate","floor":1.0},{"not_picked":["Backflip","Underhanded Strike"],"picked":"Dash","floor":2.0},{"not_picked":["Catalyst","Riddle With Holes"],"picked":"Bouncing Flask","floor":3.0},{"not_picked":["Riddle With Holes","Sucker Punch","Underhanded Strike"],"picked":"SKIP","floor":6.0},{"not_picked":["Underhanded Strike","Masterful Stab"],"picked":"PiercingWail","floor":8.0},{"not_picked":["Masterful Stab","Eviscerate"],"picked":"Terror","floor":10.0},{"not_picked":["Dodge and Roll","Eviscerate"],"picked":"Dagger Spray","floor":11.0},{"not_picked":["Acrobatics","Cloak And Dagger"],"picked":"Blade Dance","floor":13.0},{"not_picked":["Prepared","Distraction","Cloak And Dagger"],"picked":"SKIP","floor":14.0},{"not_picked":["Phantasmal Killer","Malaise"],"picked":"Wraith Form v2","floor":16.0},{"not_picked":["Dodge and Roll","Flying Knee+1","Dagger Throw"],"picked":"SKIP","floor":18.0},{"not_picked":["Sucker Punch","Flechettes"],"picked":"Dagger Spray+1","floor":19.0},{"not_picked":["Blade Dance","Prepared"],"picked":"Crippling Poison","floor":20.0},{"not_picked":["Dodge and Roll","Underhanded Strike","Bane"],"picked":"SKIP","floor":24.0},{"not_picked":["Flying Knee","Poisoned Stab","Blade Dance"],"picked":"Singing Bowl","floor":27.0},{"not_picked":["Heel Hook","Cloak And Dagger"],"picked":"Finisher+1","floor":28.0},{"not_picked":["Dodge and Roll","Expertise"],"picked":"Dagger Throw","floor":31.0},{"not_picked":["Unload","Phantasmal Killer"],"picked":"Wraith Form v2","floor":33.0},{"not_picked":["Deadly Poison","Sucker Punch"],"picked":"Acrobatics+1","floor":35.0},{"not_picked":["Accuracy","Bouncing Flask"],"picked":"Heel Hook","floor":36.0},{"not_picked":["Quick Slash","Flying Knee"],"picked":"Malaise","floor":37.0},{"not_picked":["Blade Dance+1","Dagger Spray"],"picked":"Die Die Die","floor":39.0},{"not_picked":["Prepared","Choke"],"picked":"Distraction+1","floor":44.0},{"not_picked":["Cloak And Dagger","Escape Plan"],"picked":"Footwork","floor":46},{"not_picked":["Sucker Punch","Concentrate","Prepared"],"picked":"Singing Bowl","floor":47},{"not_picked":["Bouncing Flask","All Out Attack","Accuracy+1"],"picked":"Singing Bowl","floor":48},{"not_picked":["Blade Dance+1","Quick Slash+1","Dagger Throw"],"picked":"Singing Bowl","floor":55}],"player_experience":1257126,"relics_obtained":[{"floor":6.0,"key":"Whetstone"},{"floor":8.0,"key":"Orichalcum"},{"floor":9.0,"key":"Bag of Preparation"},{"floor":10.0,"key":"Boot"},{"floor":13.0,"key":"StrikeDummy"},{"floor":23.0,"key":"Necronomicon"},{"floor":24.0,"key":"Vajra"},{"floor":26.0,"key":"Potion Belt"},{"floor":27.0,"key":"StoneCalendar"},{"floor":27.0,"key":"Singing Bowl"},{"floor":34.0,"key":"Juzu Bracelet"},{"floor":34.0,"key":"Pantograph"},{"floor":34.0,"key":"Tough Bandages"},{"floor":39.0,"key":"Unceasing Top"},{"floor":44.0,"key":"InkBottle"},{"floor":47,"key":"CeramicFish"},{"floor":55,"key":"Art of War"}],"event_choices":[{"damage_healed":0.0,"max_hp_gain":0.0,"max_hp_loss":0.0,"gold_gain":0.0,"event_name":"betterThird:BetterSerpent","player_choice":"Ignored","floor":4.0,"gold_loss":0.0,"damage_taken":146.0},{"damage_healed":0.0,"max_hp_gain":0.0,"max_hp_loss":0.0,"gold_gain":0.0,"event_name":"The Woman in Blue","player_choice":"Bought 1 Potion","floor":5.0,"gold_loss":0.0,"damage_taken":0.0},{"damage_healed":0.0,"max_hp_gain":0.0,"max_hp_loss":0.0,"gold_gain":0.0,"event_name":"WeMeetAgain","player_choice":"Paid Gold","floor":12.0,"gold_loss":106.0,"damage_taken":0.0,"relics_obtained":["Pen Nib"]},{"damage_healed":0.0,"max_hp_gain":0.0,"max_hp_loss":0.0,"gold_gain":0.0,"event_name":"Cursed Tome","player_choice":"Obtained Book","floor":23.0,"gold_loss":0.0,"damage_taken":21.0},{"damage_healed":0.0,"max_hp_gain":0.0,"max_hp_loss":0.0,"gold_gain":0.0,"event_name":"Colosseum","player_choice":"Fight","floor":27.0,"gold_loss":0.0,"damage_taken":0.0},{"damage_healed":0.0,"max_hp_gain":0.0,"max_hp_loss":0.0,"gold_gain":0.0,"event_name":"Colosseum","player_choice":"Fought Nobs","floor":27.0,"gold_loss":0.0,"damage_taken":0.0},{"cards_removed":["Strike_G"],"damage_healed":0.0,"max_hp_gain":0.0,"max_hp_loss":0.0,"gold_gain":0.0,"event_name":"Beggar","player_choice":"Gave Gold","floor":30.0,"gold_loss":75.0,"damage_taken":0.0},{"damage_healed":0.0,"max_hp_gain":0.0,"max_hp_loss":0.0,"gold_gain":0.0,"event_name":"Mysterious Sphere","player_choice":"Fight","floor":39.0,"gold_loss":0.0,"damage_taken":0.0},{"damage_healed":0.0,"max_hp_gain":0.0,"max_hp_loss":17.0,"gold_gain":3.0,"event_name":"betterStone:BetterStone","player_choice":"2","floor":41.0,"gold_loss":0.0,"damage_taken":0.0},{"damage_healed":0.0,"max_hp_gain":0.0,"max_hp_loss":0.0,"gold_gain":0.0,"event_name":"Tomb of Lord Red Mask","player_choice":"Paid","floor":45.0,"gold_loss":81.0,"damage_taken":0.0,"relics_obtained":["Red Mask"]}],"is_beta":false,"boss_relics":[{"not_picked":["Empty Cage","Ring of the Serpent"],"picked":"Astrolabe"},{"not_picked":["Black Star","Runic Dome"],"picked":"Calling Bell"}],"items_purged_floors":[0],"is_endless":false,"potions_floor_spawned":[2,3,10,14,16,18,24,27,28,33,36,37,39,44,47],"killed_by":"The Heart","ascension_level":20}}