{"host":"ymmeoa1x24ihslbm","time":1609897109,"event":{"mods":["AchievementEnabler","BaseMod","Colored Map","Colored Powertips","Defuse TimeMaze Blight","Highlight Path","Minty Spire (QoL Compilation)","Permanent Neow","Quick Restart","StSLib","Unceasing Turn Reminder"],"gold_per_floor":[111,129,146,165,13,13,39,39,39,58,72,105,85,85,85,182,182,193,213,213,232,246,246,246,246],"floor_reached":24,"playtime":1425,"items_purged":[],"score":263,"play_id":"90748d62-8bb5-45fc-b0e2-b1f967389023","local_time":"20210106023829","is_ascension_mode":true,"campfire_choices":[{"data":"Eruption","floor":6,"key":"SMITH"},{"data":"ForeignInfluence","floor":8,"key":"SMITH"},{"data":"Wallop","floor":15,"key":"SMITH"},{"data":"Vigilance","floor":23,"key":"SMITH"}],"circlet_count":0,"master_deck":["Strike_P","Strike_P","Strike_P","Defend_P","Defend_P","Defend_P","Eruption+1","Vigilance+1","ForeignInfluence+1","Wallop+1","FlurryOfBlows","Pray","Halt","DevaForm","Brilliance+1","Pray","FlyingSleeves+1"],"relics":["VioletLotus","HandDrill","Question Card","Molten Egg 2","Art of War","Empty Cage"],"acts_visited":["Exordium","TheCity"],"potions_floor_usage":[10,11,16,18,19,21,24,24],"damage_taken":[{"damage":0,"enemies":"Jaw Worm","floor":1,"turns":4},{"damage":6,"enemies":"Cultist","floor":2,"turns":5},{"damage":0,"enemies":"Small Slimes","floor":3,"turns":1},{"damage":0,"enemies":"Exordium Wildlife","floor":4,"turns":3},{"damage":6,"enemies":"3 Sentries","floor":7,"turns":6},{"damage":0,"enemies":"Red Slaver","floor":10,"turns":3},{"damage":0,"enemies":"Blue Slaver","floor":11,"turns":3},{"damage":13,"enemies":"Gremlin Nob","floor":12,"turns":4},{"damage":15,"enemies":"Slime Boss","floor":16,"turns":8},{"damage":0,"enemies":"Spheric Guardian","floor":18,"turns":3},{"damage":8,"enemies":"3 Byrds","floor":19,"turns":3},{"damage":19,"enemies":"3 Cultists","floor":21,"turns":4},{"damage":0,"enemies":"Snecko","floor":22,"turns":2},{"damage":43,"enemies":"Gremlin Leader","floor":24,"turns":4}],"seed_played":"2889293063837395185","potions_obtained":[{"floor":2,"key":"SpeedPotion"},{"floor":3,"key":"ColorlessPotion"},{"floor":4,"key":"SpeedPotion"},{"floor":10,"key":"LiquidBronze"},{"floor":13,"key":"BottledMiracle"},{"floor":16,"key":"Fire Potion"},{"floor":19,"key":"GamblersBrew"},{"floor":21,"key":"SpeedPotion"}],"is_trial":false,"path_per_floor":["M","M","M","M","$","R","E","R","T","M","M","E","?","$","R","B",null,"M","M","$","M","M","R","E"],"character_chosen":"WATCHER","items_purchased":["HandDrill"],"campfire_rested":0,"item_purchase_floors":[5],"current_hp_per_floor":[72,66,66,66,66,66,60,60,60,60,60,47,47,47,47,32,62,62,54,54,35,35,35,0,0],"gold":246,"neow_bonus":"BOSS_RELIC","is_daily":false,"chose_seed":false,"campfire_upgraded":4,"win_rate":0.0,"timestamp":1609897109,"path_taken":["M","M","M","M","$","R","E","R","T","M","M","E","?","?","R","BOSS","M","M","$","M","M","R","E"],"items_purchased_type":["Relic"],"build_version":"2020-12-22","purchased_purges":0,"victory":false,"max_hp_per_floor":[72,72,72,72,72,72,72,72,72,72,72,72,72,72,72,72,72,72,72,72,72,72,72,72,72],"card_choices":[{"not_picked":["ClearTheMind","Crescendo"],"picked":"ForeignInfluence","floor":1},{"not_picked":["CutThroughFate","CarveReality"],"picked":"Wallop","floor":2},{"not_picked":["SashWhip","Prostrate"],"picked":"FlurryOfBlows","floor":3},{"not_picked":["Perseverance","Evaluate","EmptyMind"],"picked":"SKIP","floor":4},{"not_picked":["Crescendo","Blasphemy"],"picked":"Pray","floor":7},{"not_picked":["Pray","PathToVictory","EmptyBody"],"picked":"Halt","floor":10},{"not_picked":["Halt","FlurryOfBlows+1","JustLucky+1","Omniscience"],"picked":"SKIP","floor":11},{"not_picked":["EmptyBody","Study","SignatureMove+1"],"picked":"DevaForm","floor":12},{"not_picked":["Blasphemy","Vault","Devotion"],"picked":"Brilliance+1","floor":16},{"not_picked":["SashWhip+1","EmptyBody","SignatureMove+1"],"picked":"Pray","floor":18},{"not_picked":["CutThroughFate+1","SashWhip+1","ThirdEye","Nirvana+1"],"picked":"SKIP","floor":19},{"not_picked":["TalkToTheHand+1","FlurryOfBlows+1","EmptyMind"],"picked":"FlyingSleeves+1","floor":21},{"not_picked":["WindmillStrike+1","BowlingBash+1","Crescendo+1","Alpha"],"picked":"SKIP","floor":22}],"player_experience":700937,"relics_obtained":[{"floor":7,"key":"Question Card"},{"floor":9,"key":"Molten Egg 2"},{"floor":12,"key":"Art of War"}],"event_choices":[{"damage_healed":0,"gold_gain":0,"player_choice":"Bought 1 Potion","damage_taken":0,"max_hp_gain":0,"max_hp_loss":0,"event_name":"The Woman in Blue","floor":13,"gold_loss":0}],"is_beta":false,"boss_relics":[{"not_picked":["Runic Dome","Cursed Key"],"picked":"Empty Cage"}],"items_purged_floors":[],"is_endless":false,"potions_floor_spawned":[2,3,4,10,16,19,21],"killed_by":"Gremlin Leader","ascension_level":5}}