{"host":"ixtszv54kd1m8623","time":1609976184,"event":{"mods":["Act Like it!","Aspiration","Bard","BaseMod","Beaked The Cultist","ChefMod","Colored Map","Colored Powertips","Conspire","Downfall","Duelist Mod","Gensokyo","GifTheSpireLib","Halation","Hermit","Hubris","Infinite Spire","Jorbs\u0027s Wanderer Trilogy","Lobotomy","Minty Spire (QoL Compilation)","Replay The Spire","Robot Space Explorer","Shade Mod","StSLib","The Animator","The Blackbeard","The Bug Knight","The Cursed","The Disciple","The Dragon Tamer","The Marked","The Runesmith","The Servant 0.9.4"],"gold_per_floor":[117,117,10,27,4,30,30,77,101,121,136,136,156,168,168,272,272,289,10,10,10,10,10,10,21,21,32,32,63,63,82,82,177,177,270,355,45,45,45,45,9,9,9,94,94,204,204,295,295,295,295,295],"floor_reached":50,"playtime":2249,"items_purged":[],"score":643,"play_id":"53adc245-d102-43f2-8669-3d1ba2173351","local_time":"20210106153624","is_ascension_mode":false,"metric_token":2131,"campfire_choices":[{"floor":12,"key":"REST"},{"data":"DTMod:ResonanceForm","floor":15,"key":"SMITH"},{"data":"DTMod:SwitchingTactic","floor":23,"key":"SMITH"},{"data":"DTMod:RecklessFlurry","floor":28,"key":"SMITH"},{"floor":32,"key":"REST"},{"floor":40,"key":"REST"},{"floor":42,"key":"REST"},{"floor":49,"key":"REST"}],"dtmod_dragon_data":[0,50,3,4,14,1],"circlet_count":0,"master_deck":["DTMod:Strike","DTMod:Strike","DTMod:Strike","DTMod:Strike","DTMod:DoubleHit","DTMod:TargetDefense","DTMod:TargetDefense+1","DTMod:TargetDefense+1","DTMod:TargetDefense","DTMod:SwitchingTactic+1","DTMod:ResonanceForm+1","DTMod:ComboAttack","DTMod:Haste","DTMod:DragonDance","DTMod:BlazingStrike","DTMod:BlazingStrike","DTMod:BreakAttack","DTMod:MagiciansMark","DTMod:Feint","DTMod:MasterPlan","DTMod:MasterPlan","DTMod:LightShield","DTMod:Training+1","DTMod:HeatWave","DTMod:Haste","Shame","DTMod:MagiciansMark","DTMod:RecklessFlurry+1","DTMod:StarRain+1","DTMod:FlameSlash+1","DTMod:Prediction","DTMod:InvisibleFlame+1","DTMod:TagTeam+1","DTMod:Training","DTMod:Adaptation+1","DTMod:Coolant","DTMod:Dissolve","DTMod:DarkBreath+1","DTMod:WarmUp","DTMod:ForkedFire"],"relics":["DTMod:PactStone","GremlinMask","conspire:TopHat","hubris:Towel","hubris:OldNail","aspiration:Lifesprig","Honey Jar","War Paint","CaptainsWheel","beaked:ShinyBauble","Replay:Bottled Flurry","Red Mask","aspiration:Stabinomicon","Philosopher\u0027s Stone","Toolbox","Replay:Wax Seal","conspire:InfiniteJournal"],"acts_visited":["Exordium","TheCity","TheBeyond"],"potions_floor_usage":[16,16,16,38,50,50,50,50],"damage_taken":[{"damage":3,"enemies":"Cultist","floor":1,"turns":5},{"damage":0,"enemies":"Small Slimes","floor":4,"turns":3},{"damage":0,"enemies":"Lagavulin","floor":6,"turns":5},{"damage":0,"enemies":"Jaw Worm","floor":10,"turns":2},{"damage":0,"enemies":"Blue Slaver","floor":11,"turns":4},{"damage":0,"enemies":"Exordium Wildlife","floor":13,"turns":2},{"damage":0,"enemies":"3 Louse","floor":14,"turns":3},{"damage":0,"enemies":"Slime Boss","floor":16,"turns":7},{"damage":0,"enemies":"2 Thieves","floor":18,"turns":4},{"damage":0,"enemies":"3 Byrds","floor":25,"turns":5},{"damage":0,"enemies":"Snecko","floor":27,"turns":6},{"damage":0,"enemies":"Masked Bandits","floor":29,"turns":3},{"damage":0,"enemies":"Centurion and Healer","floor":31,"turns":5},{"damage":16,"enemies":"Automaton","floor":33,"turns":7},{"damage":12,"enemies":"3 Shapes","floor":35,"turns":3},{"damage":0,"enemies":"Orb Walker","floor":36,"turns":3},{"damage":20,"enemies":"infinitespire:Three Voidlings","floor":38,"turns":6},{"damage":25,"enemies":"Transient","floor":44,"turns":5},{"damage":0,"enemies":"Giant Head","floor":46,"turns":6},{"damage":7,"enemies":"Sphere and 2 Shapes","floor":48,"turns":3},{"damage":32,"enemies":"infinitespire:MassOfShapes","floor":50,"turns":7}],"seed_played":"2095908653618921784","potions_obtained":[{"floor":4,"key":"SteroidPotion"},{"floor":10,"key":"FearPotion"},{"floor":11,"key":"SteroidPotion"},{"floor":27,"key":"SteroidPotion"},{"floor":33,"key":"SteroidPotion"},{"floor":35,"key":"Guardian:BlockOnCardUsePotion"},{"floor":36,"key":"champ:CounterPotion"},{"floor":48,"key":"AttackPotion"}],"is_trial":false,"path_per_floor":["M","?","$","M","$","E","?","T","T","M","M","R","M","M","R","B",null,"M","$","?","?","?","R","$","M","T","M","R","?","?","M","R","B",null,"M","M","$","?","?","R","$","R","T","M","?","E","?","M","R","B"],"character_chosen":"THE_DT","items_purchased":["DTMod:Haste","DTMod:DragonDance","DTMod:BlazingStrike","War Paint","DTMod:HeatWave","DTMod:Haste","DTMod:Training","DTMod:Adaptation","Toolbox","DTMod:Coolant","DTMod:Dissolve"],"campfire_rested":5,"item_purchase_floors":[3,3,5,19,19,19,37,37,37,37,41],"current_hp_per_floor":[42,42,42,42,42,42,42,42,42,42,42,45,45,45,45,45,45,45,45,45,41,41,41,41,41,41,41,41,41,25,25,38,22,45,33,33,33,17,17,30,30,43,43,18,18,18,18,19,32,0,0,0],"gold":295,"neow_bonus":"ONE_RANDOM_RARE_CARD","is_daily":false,"chose_seed":false,"campfire_upgraded":3,"win_rate":0.0,"timestamp":1609976184,"path_taken":["M","?","?","?","?","E","?","?","T","?","M","R","M","M","R","BOSS","M","$","?","?","?","R","?","M","T","?","R","?","?","M","R","BOSS","M","M","$","?","?","R","$","R","T","M","?","E","?","?","R","BOSS"],"items_purchased_type":["Card","Card","Card","Relic","Card","Card","Card","Card","Relic","Card","Card"],"build_version":"2020-12-22","purchased_purges":0,"victory":false,"max_hp_per_floor":[45,45,45,45,45,45,45,45,45,45,45,45,45,45,45,45,45,45,45,45,45,45,45,45,45,45,45,45,45,45,45,45,45,45,45,45,45,45,45,45,45,45,45,45,45,45,45,45,45,45,45,45],"card_choices":[{"not_picked":["DTMod:HeatWave","DTMod:StarRain"],"picked":"DTMod:ComboAttack","floor":1},{"not_picked":["DTMod:HeatWave","DTMod:CleansingStrike"],"picked":"DTMod:BlazingStrike","floor":4},{"not_picked":["DTMod:FlameSlash","DTMod:MaximumCharge"],"picked":"DTMod:BreakAttack","floor":6},{"not_picked":["DTMod:OpeningTactic","DTMod:Weaken"],"picked":"DTMod:MagiciansMark","floor":10},{"not_picked":["DTMod:RecklessFlurry","DTMod:MasterPlan"],"picked":"DTMod:Feint","floor":11},{"not_picked":["DTMod:CleansingStrike","DTMod:Feint"],"picked":"DTMod:MasterPlan","floor":13},{"not_picked":["DTMod:BlazingStrike","DTMod:Punisher"],"picked":"DTMod:MasterPlan","floor":14},{"not_picked":["DTMod:ShadowImage","DTMod:StunTrap"],"picked":"DTMod:LightShield","floor":16},{"not_picked":["DTMod:DarkBreath+1","DTMod:Cover","DTMod:Observe+1"],"picked":"DTMod:Training+1","floor":18},{"not_picked":["DTMod:BurningForce+1","DTMod:Punisher+1","DTMod:Threaten"],"picked":"DTMod:MagiciansMark","floor":25},{"not_picked":["DTMod:Threaten","DTMod:CleansingStrike","DTMod:HeatWave"],"picked":"DTMod:RecklessFlurry","floor":27},{"not_picked":["DTMod:BizarreTactic","DTMod:MagiciansMark","DTMod:Feint+1"],"picked":"DTMod:StarRain+1","floor":29},{"not_picked":["DTMod:QuickFly+1","DTMod:LowKick+1","DTMod:RunningTactic"],"picked":"DTMod:FlameSlash+1","floor":31},{"not_picked":["DTMod:ExcessFootwork","DTMod:Multitask","DTMod:ShadowImage"],"picked":"DTMod:Prediction","floor":33},{"not_picked":["DTMod:BalancedStrike","DTMod:BuildUp","DTMod:FlameSlash+1"],"picked":"DTMod:InvisibleFlame+1","floor":35},{"not_picked":["DTMod:LowKick+1","DTMod:Threaten","DTMod:FierySynthesis"],"picked":"DTMod:TagTeam+1","floor":36},{"not_picked":["Secret Weapon","hubris:Insight","Transmutation"],"picked":"Panache","floor":39},{"not_picked":["DTMod:Hide+1","DTMod:Weaken","DTMod:Outburst"],"picked":"DTMod:DarkBreath+1","floor":44},{"not_picked":["DTMod:TagTeam+1","DTMod:Weaken+1","DTMod:Hide+1"],"picked":"DTMod:WarmUp","floor":46},{"not_picked":["DTMod:MagicField+1","DTMod:WarmUp","DTMod:MasterPlan+1"],"picked":"DTMod:ForkedFire","floor":48}],"player_experience":186476,"relics_obtained":[{"floor":6,"key":"conspire:TopHat"},{"floor":8,"key":"hubris:OldNail"},{"floor":9,"key":"aspiration:Lifesprig"},{"floor":26,"key":"Replay:Bottled Flurry"},{"floor":29,"key":"Red Mask"},{"floor":30,"key":"aspiration:Stabinomicon"},{"floor":43,"key":"Replay:Wax Seal"},{"floor":46,"key":"conspire:InfiniteJournal"}],"event_choices":[{"damage_healed":0,"gold_gain":0,"player_choice":"Trade","damage_taken":0,"relics_obtained":["GremlinMask"],"max_hp_gain":0,"max_hp_loss":0,"event_name":"FaceTrader","floor":2,"gold_loss":0},{"damage_healed":0,"gold_gain":0,"player_choice":"Ignored","damage_taken":0,"max_hp_gain":0,"max_hp_loss":0,"event_name":"Ghosts","floor":20,"gold_loss":0},{"damage_healed":0,"gold_gain":0,"player_choice":"CaptainsWheel","damage_taken":0,"relics_obtained":["CaptainsWheel"],"max_hp_gain":0,"max_hp_loss":0,"event_name":"blackbeard:ShipwreckEvent","floor":21,"gold_loss":0},{"damage_healed":0,"gold_gain":0,"player_choice":"Stole Relic","damage_taken":0,"relics_obtained":["beaked:ShinyBauble"],"max_hp_gain":0,"max_hp_loss":0,"event_name":"Addict","floor":22,"gold_loss":0,"cards_obtained":["Shame"]},{"damage_healed":0,"gold_gain":0,"player_choice":"Fought Bandits","damage_taken":0,"max_hp_gain":0,"max_hp_loss":0,"event_name":"Masked Bandits","floor":29,"gold_loss":0},{"damage_healed":0,"gold_gain":0,"player_choice":"Obtained Book","damage_taken":16,"max_hp_gain":0,"max_hp_loss":0,"event_name":"Cursed Tome","floor":30,"gold_loss":0},{"damage_healed":0,"gold_gain":0,"player_choice":"Memory 1","damage_taken":0,"max_hp_gain":0,"max_hp_loss":0,"event_name":"SensoryStone","floor":39,"gold_loss":0},{"cards_removed":["Panache"],"damage_healed":0,"gold_gain":0,"player_choice":"Removed Power","damage_taken":0,"max_hp_gain":0,"max_hp_loss":0,"event_name":"Falling","floor":47,"gold_loss":0}],"is_beta":false,"boss_relics":[{"not_picked":["Snecko Eye","Empty Cage"],"picked":"Honey Jar"},{"not_picked":["ReplayTheSpireMod:Onyx Gauntlets","hubris:BlackHole"],"picked":"Philosopher\u0027s Stone"}],"items_purged_floors":[],"is_endless":false,"potions_floor_spawned":[4,10,11,14,27,33,35,36,38,48],"killed_by":"infinitespire:MassOfShapes","ascension_level":0}}