{"host":"ur405gpummdrt5xj","time":1609961499,"event":{"mods":["BaseMod","Colored Map","Minty Spire (QoL Compilation)","Quick Restart"],"gold_per_floor":[113,131,131,156,81,81,122,142,142,42,42,62,97,115,115,241,241,265,265,190,213,213,88,9,9,9,9,32,32,68,93,93,224,224,243,266,266,266],"floor_reached":37,"playtime":1218,"items_purged":["Normality","Strike_P","Defend_P"],"score":600,"play_id":"25015086-3b20-49e7-8d93-496041d76ac3","local_time":"20210106113139","is_ascension_mode":true,"campfire_choices":[{"data":"Eruption","floor":6.0,"key":"SMITH"},{"floor":11.0,"key":"REST"},{"data":"Ragnarok","floor":15.0,"key":"SMITH"},{"floor":25.0,"key":"DIG"},{"floor":27.0,"key":"DIG"},{"floor":29.0,"key":"DIG"},{"floor":32.0,"key":"DIG"}],"circlet_count":0,"master_deck":["Strike_P","Strike_P+1","Defend_P+1","Defend_P+1","Eruption+1","Vigilance","WindmillStrike","Ragnarok+1","CutThroughFate","LessonLearned","EmptyFist+1","Tantrum+1"],"relics":["PureWater","Shovel","Golden Idol","Toxic Egg 2","Incense Burner","Odd Mushroom","Sozu","MutagenicStrength","Calipers","Damaru","Pear","White Beast Statue","PreservedInsect","Omamori","Akabeko","Calling Bell","CeramicFish","Sundial","Girya"],"acts_visited":["Exordium","TheCity","TheBeyond"],"potions_floor_usage":[],"damage_taken":[{"damage":10.0,"enemies":"Jaw Worm","floor":1.0,"turns":6.0},{"damage":7.0,"enemies":"Small Slimes","floor":2.0,"turns":3.0},{"damage":0.0,"enemies":"2 Louse","floor":4.0,"turns":3.0},{"damage":12.0,"enemies":"Lagavulin","floor":7.0,"turns":4.0},{"damage":15.0,"enemies":"Gremlin Gang","floor":8.0,"turns":4.0},{"damage":0.0,"enemies":"Large Slime","floor":12.0,"turns":3.0},{"damage":0.0,"enemies":"The Mushroom Lair","floor":13.0,"turns":2.0},{"damage":0.0,"enemies":"2 Fungi Beasts","floor":14.0,"turns":1.0},{"damage":12.0,"enemies":"Hexaghost","floor":16.0,"turns":6.0},{"damage":0.0,"enemies":"Shell Parasite","floor":18.0,"turns":1.0},{"damage":0.0,"enemies":"Spheric Guardian","floor":21.0,"turns":2.0},{"damage":4.0,"enemies":"Chosen and Byrds","floor":28.0,"turns":3.0},{"damage":0.0,"enemies":"Slavers","floor":30.0,"turns":1.0},{"damage":9.0,"enemies":"Centurion and Healer","floor":31.0,"turns":3.0},{"damage":42.0,"enemies":"Collector","floor":33.0,"turns":4.0},{"damage":12.0,"enemies":"3 Shapes","floor":35.0,"turns":2.0},{"damage":19,"enemies":"3 Darklings","floor":36,"turns":3},{"damage":40,"enemies":"4 Shapes","floor":37,"turns":3}],"seed_played":"5116222571803040521","potions_obtained":[{"floor":1.0,"key":"EntropicBrew"},{"floor":2.0,"key":"SkillPotion"},{"floor":13.0,"key":"BottledMiracle"},{"floor":14.0,"key":"Fruit Juice"},{"floor":16.0,"key":"DistilledChaos"}],"is_trial":false,"path_per_floor":["M","M","?","M","$","R","E","M","T","$","R","M","?","M","R","B",null,"M","?","?","M","?","$","?","R","T","R","M","R","E","M","R","B",null,"M","M","M"],"character_chosen":"WATCHER","items_purchased":[],"campfire_rested":1,"item_purchase_floors":[],"current_hp_per_floor":[55,48,48,48,48,48,36,21,21,21,41,41,41,41,41,34,63,63,63,63,63,63,63,63,63,73,73,69,69,69,60,60,18,66,54,35,0,0],"gold":266,"neow_bonus":"ONE_RARE_RELIC","is_daily":false,"chose_seed":false,"campfire_upgraded":2,"win_rate":0.0,"timestamp":1609961499,"path_taken":["M","M","?","M","$","R","E","M","T","$","R","M","?","M","R","BOSS","M","?","?","M","?","?","?","R","T","R","?","R","E","M","R","BOSS","M","M","M"],"items_purchased_type":[],"build_version":"2020-12-22","purchased_purges":3,"victory":false,"max_hp_per_floor":[72,72,67,67,67,67,67,67,67,67,67,67,67,67,67,72,72,72,72,72,72,72,72,72,72,82,82,82,82,82,82,82,82,82,82,82,82,82],"card_choices":[{"not_picked":["Crescendo","Nirvana","ThirdEye"],"picked":"SKIP","floor":1.0},{"not_picked":["WaveOfTheHand","Protect"],"picked":"WindmillStrike","floor":2.0},{"not_picked":["Halt","Perseverance","Adaptation"],"picked":"SKIP","floor":4.0},{"not_picked":["FollowUp","CutThroughFate"],"picked":"Ragnarok","floor":7.0},{"not_picked":["Study","PathToVictory+1"],"picked":"CutThroughFate","floor":8.0},{"not_picked":["EmptyBody+1","Prostrate+1","BowlingBash"],"picked":"SKIP","floor":12.0},{"not_picked":["CarveReality","CrushJoints","ForeignInfluence+1"],"picked":"SKIP","floor":14.0},{"not_picked":["Wish+1","Establishment"],"picked":"LessonLearned","floor":16.0},{"not_picked":["CutThroughFate","FlyingSleeves"],"picked":"EmptyFist","floor":18.0},{"not_picked":["CrushJoints","BowlingBash"],"picked":"Tantrum+1","floor":21.0},{"not_picked":["Weave","CrushJoints+1","Halt+1"],"picked":"SKIP","floor":28.0},{"not_picked":["FollowUp","Conclude+1","LikeWater"],"picked":"SKIP","floor":30.0},{"not_picked":["Wallop","ForeignInfluence+1","CutThroughFate"],"picked":"SKIP","floor":31.0},{"not_picked":["Wallop+1","SashWhip","FlyingSleeves+1"],"picked":"SKIP","floor":35.0},{"not_picked":["ThirdEye+1","WheelKick+1","BowlingBash"],"picked":"SKIP","floor":36}],"player_experience":532989,"relics_obtained":[{"floor":7.0,"key":"Toxic Egg 2"},{"floor":9.0,"key":"Incense Burner"},{"floor":13.0,"key":"Odd Mushroom"},{"floor":25.0,"key":"Damaru"},{"floor":26.0,"key":"Pear"},{"floor":27.0,"key":"White Beast Statue"},{"floor":29.0,"key":"PreservedInsect"},{"floor":30.0,"key":"Omamori"},{"floor":32.0,"key":"Akabeko"},{"floor":34.0,"key":"CeramicFish"},{"floor":34.0,"key":"Sundial"},{"floor":34.0,"key":"Girya"}],"event_choices":[{"damage_healed":0.0,"max_hp_gain":0.0,"max_hp_loss":5.0,"gold_gain":0.0,"event_name":"Golden Idol","player_choice":"Lose Max HP","floor":3.0,"gold_loss":0.0,"damage_taken":0.0,"relics_obtained":["Golden Idol"]},{"damage_healed":0.0,"max_hp_gain":0.0,"max_hp_loss":0.0,"gold_gain":0.0,"event_name":"Mushrooms","player_choice":"Fought Mushrooms","floor":13.0,"gold_loss":0.0,"damage_taken":0.0},{"damage_healed":0.0,"max_hp_gain":0.0,"max_hp_loss":0.0,"gold_gain":0.0,"event_name":"Drug Dealer","player_choice":"Inject Mutagens","floor":19.0,"gold_loss":0.0,"damage_taken":0.0,"relics_obtained":["MutagenicStrength"]},{"cards_removed":["Strike_P"],"damage_healed":0.0,"max_hp_gain":0.0,"max_hp_loss":0.0,"gold_gain":0.0,"event_name":"Beggar","player_choice":"Gave Gold","floor":20.0,"gold_loss":75.0,"damage_taken":0.0},{"cards_removed":["Defend_P"],"damage_healed":0.0,"max_hp_gain":0.0,"max_hp_loss":0.0,"gold_gain":0.0,"event_name":"Back to Basics","player_choice":"Elegance","floor":22.0,"gold_loss":0.0,"damage_taken":0.0},{"damage_healed":0.0,"max_hp_gain":0.0,"max_hp_loss":0.0,"gold_gain":0.0,"event_name":"WeMeetAgain","player_choice":"Paid Gold","floor":24.0,"gold_loss":79.0,"damage_taken":0.0,"relics_obtained":["Calipers"]}],"is_beta":false,"boss_relics":[{"not_picked":["Empty Cage","Coffee Dripper"],"picked":"Sozu"},{"not_picked":["Velvet Choker","Runic Dome"],"picked":"Calling Bell"}],"items_purged_floors":[5,10,23],"is_endless":false,"potions_floor_spawned":[1,2,13,14,16,18,28,30,31,33,35,36],"killed_by":"4 Shapes","ascension_level":9}}