{"host":"1eo5f82aifdzd7pr","time":1609944632,"event":{"mods":["AchievementEnabler","BaseMod","Colored Map","Colored Powertips","DeckTracker","Marisa????????","Minty Spire (QoL Compilation)","StSLib","SuperFastMode"],"gold_per_floor":[117,130,130,142,31,31,50,61,84,94,110,110,60,71,71,168,168,149,149,165,90,109,109,119,19,19,19,19,19],"floor_reached":28,"playtime":1579,"items_purged":["Stack","Strike_B"],"score":214,"play_id":"edcfdd19-97c7-4d8e-acf2-cd8d16cf50fb","local_time":"20210106165032","is_ascension_mode":false,"campfire_choices":[{"data":"Fusion","floor":6.0,"key":"SMITH"},{"data":"Coolheaded","floor":12.0,"key":"SMITH"},{"floor":15.0,"key":"REST"},{"data":"Fusion","floor":23,"key":"SMITH"}],"circlet_count":0,"master_deck":["Strike_B","Defend_B","Defend_B","Defend_B","Zap","Dualcast","Capacitor","Loop","Cold Snap","Fusion+1","Coolheaded+1","Fusion+1","Echo Form"],"relics":["Cracked Core","Bag of Preparation","Runic Pyramid","Mercury Hourglass"],"acts_visited":["Exordium","TheCity"],"potions_floor_usage":[24,28],"damage_taken":[{"damage":0.0,"enemies":"Small Slimes","floor":1.0,"turns":3.0},{"damage":1.0,"enemies":"Cultist","floor":2.0,"turns":4.0},{"damage":6.0,"enemies":"Jaw Worm","floor":4.0,"turns":3.0},{"damage":5.0,"enemies":"Blue Slaver","floor":7.0,"turns":6.0},{"damage":2.0,"enemies":"2 Fungi Beasts","floor":8.0,"turns":3.0},{"damage":10.0,"enemies":"Exordium Wildlife","floor":10.0,"turns":8.0},{"damage":10.0,"enemies":"Exordium Thugs","floor":11.0,"turns":5.0},{"damage":9.0,"enemies":"Gremlin Gang","floor":14.0,"turns":6.0},{"damage":44.0,"enemies":"Slime Boss","floor":16.0,"turns":19.0},{"damage":28.0,"enemies":"2 Thieves","floor":18.0,"turns":4.0},{"damage":21,"enemies":"Chosen","floor":20,"turns":7},{"damage":6,"enemies":"Snecko","floor":22,"turns":5},{"damage":17,"enemies":"3 Cultists","floor":24,"turns":7},{"damage":3,"enemies":"Snake Plant","floor":28,"turns":1}],"seed_played":"-1112255610406480378","potions_obtained":[{"floor":2.0,"key":"Fire Potion"},{"floor":4.0,"key":"Explosive Potion"},{"floor":7.0,"key":"DuplicationPotion"},{"floor":14.0,"key":"PowerPotion"},{"floor":16.0,"key":"FearPotion"},{"floor":18.0,"key":"Explosive Potion"},{"floor":24,"key":"LiquidBronze"}],"is_trial":false,"path_per_floor":["M","M","?","M","$","R","M","M","T","M","M","R","?","M","R","B",null,"M","?","M","?","M","R","M","$","T","$","M"],"character_chosen":"DEFECT","items_purchased":["Fusion"],"campfire_rested":1,"item_purchase_floors":[5],"current_hp_per_floor":[75,74,74,68,68,68,63,61,61,51,41,41,41,32,54,10,75,47,47,26,26,20,20,3,3,3,3,0,0],"gold":19,"neow_bonus":"THREE_CARDS","is_daily":false,"chose_seed":false,"campfire_upgraded":3,"win_rate":0.0,"timestamp":1609944632,"path_taken":["M","M","?","M","$","R","M","?","T","M","M","R","?","M","R","BOSS","M","?","M","?","M","R","M","$","T","?","M"],"items_purchased_type":["Card"],"build_version":"2020-12-22","purchased_purges":2,"victory":false,"max_hp_per_floor":[75,75,75,75,75,75,75,75,75,75,75,75,75,75,75,75,75,75,75,75,75,75,75,75,75,75,75,75,75],"card_choices":[{"not_picked":["Tempest","Reprogram"],"picked":"Capacitor","floor":0.0},{"not_picked":["Compile Driver","Melter"],"picked":"Loop","floor":1.0},{"not_picked":["Reprogram","Compile Driver","Stack"],"picked":"SKIP","floor":2.0},{"not_picked":["Sweeping Beam","BootSequence"],"picked":"Cold Snap","floor":4.0},{"not_picked":["Sweeping Beam","Force Field","Gash"],"picked":"SKIP","floor":7.0},{"not_picked":["Chaos","Leap"],"picked":"Coolheaded","floor":8.0},{"not_picked":["Buffer","Self Repair"],"picked":"Fusion","floor":10.0},{"not_picked":["Gash","Reprogram","Rebound"],"picked":"SKIP","floor":11.0},{"not_picked":["Compile Driver","Gash","Lockon"],"picked":"SKIP","floor":14.0},{"not_picked":["Buffer","All For One"],"picked":"Echo Form","floor":16.0},{"not_picked":["Conserve Battery+1","Beam Cell","Gash"],"picked":"SKIP","floor":18.0},{"not_picked":["Compile Driver","BootSequence","Hello World"],"picked":"SKIP","floor":20},{"not_picked":["Steam","Double Energy","Fusion"],"picked":"SKIP","floor":22},{"not_picked":["Stack","Sweeping Beam","Blizzard"],"picked":"SKIP","floor":24}],"player_experience":810518,"relics_obtained":[{"floor":9.0,"key":"Bag of Preparation"},{"floor":26,"key":"Mercury Hourglass"}],"event_choices":[{"damage_healed":0.0,"max_hp_gain":0.0,"max_hp_loss":0.0,"gold_gain":0.0,"cards_transformed":["Strike_B"],"event_name":"Transmorgrifier","player_choice":"Transformed","floor":3.0,"gold_loss":0.0,"damage_taken":0.0,"cards_obtained":["Stack"]},{"cards_removed":["Defend_B"],"damage_healed":0.0,"max_hp_gain":0.0,"max_hp_loss":0.0,"gold_gain":0.0,"event_name":"The Cleric","player_choice":"Card Removal","floor":13.0,"gold_loss":50.0,"damage_taken":0.0},{"damage_healed":0,"gold_gain":0,"player_choice":"Ignored","damage_taken":0,"max_hp_gain":0,"max_hp_loss":0,"event_name":"The Mausoleum","floor":19,"gold_loss":0},{"cards_removed":["Strike_B"],"damage_healed":0,"gold_gain":0,"player_choice":"Gave Gold","damage_taken":0,"max_hp_gain":0,"max_hp_loss":0,"event_name":"Beggar","floor":21,"gold_loss":75}],"is_beta":false,"boss_relics":[{"not_picked":["Astrolabe","Philosopher\u0027s Stone"],"picked":"Runic Pyramid"}],"items_purged_floors":[5,25],"is_endless":false,"potions_floor_spawned":[2,4,7,14,16,18,24],"killed_by":"Snake Plant","ascension_level":0}}