{"host":"lxihx0b6awoz2w1j","time":1609942952,"event":{"mods":["Aspiration","BaseMod","Better Third Choice","CapriCore","Colored Powertips","Downfall","Hermit","HololiveMod","Hubris","Infinite Spire","JesterMod","Luminous","Marisa????????","Melee Mod","Minty Spire (QoL Compilation)","Prisma Mod","Relic Stats","Shade Mod","Spicy Shops","StSLib","The Alterego","The Blue Laboratory","The Cursed","The Disciple","The Forsaken","The Immortal","The Jungle","The Runesmith","The Senshi","The Servant 0.9.4","Waifu the Spire"],"gold_per_floor":[119,134,147,165,165,193,193,193,193,205,205,249,249,19,19,126,126,155,164,164,202,226,226,226,226,251,251,279,302,302,416,416,439,24,44,0,34,34,58,83,83,4,24,47,87,87,87,87],"floor_reached":50,"playtime":2838,"items_purged":[],"score":530,"play_id":"b42f247c-3d10-4e47-b250-9c07c6728fea","local_time":"20210106152232","is_ascension_mode":false,"campfire_choices":[{"floor":8.0,"key":"REST"},{"data":"Zap","floor":13.0,"key":"SMITH"},{"data":"Hello World","floor":15.0,"key":"SMITH"},{"data":"Echo Form","floor":25.0,"key":"SMITH"},{"data":"Static Discharge","floor":27.0,"key":"SMITH"},{"data":"Conserve Battery","floor":29.0,"key":"SMITH"},{"data":"Storm","floor":32,"key":"SMITH"},{"floor":44,"key":"REST"},{"data":"Electrodynamics","floor":49,"key":"SMITH"}],"circlet_count":0,"master_deck":["Strike_B","Strike_B","Strike_B","Strike_B","Defend_B","Defend_B","Defend_B","Defend_B","Zap+1","Dualcast","Go for the Eyes","Ball Lightning","Glacier","FTL","Leap","Stack","Hello World+1","Compile Driver","Echo Form+1","Static Discharge+1","infinitespire:Collect","Conserve Battery+1","Undo+1","FTL+1","Storm+1","Barrage+1","Electrodynamics+1","White Noise+1","Undo","Self Repair+1","Streamline","Ball Lightning+1","Darkness+1","Darkness+1"],"relics":["Cracked Core","Bird Faced Urn","hubris:Teleporter","CeramicFish","Lantern","aspiration:MobileForge","Pantograph","Oddly Smooth Stone","aspiration:StickyExplosives_weak","aspiration:Stellarator","Lee\u0027s Waffle","infinitespire:WardingShard","Red Mask","Smiling Mask","Orichalcum","Omamori","Regal Pillow"],"acts_visited":["Exordium","TheCity","TheBeyond"],"potions_floor_usage":[47,50],"damage_taken":[{"damage":0.0,"enemies":"2 Louse","floor":1.0,"turns":2.0},{"damage":0.0,"enemies":"Jaw Worm","floor":2.0,"turns":4.0},{"damage":1.0,"enemies":"Cultist","floor":3.0,"turns":3.0},{"damage":0.0,"enemies":"Exordium Wildlife","floor":4.0,"turns":2.0},{"damage":24.0,"enemies":"Gremlin Nob","floor":6.0,"turns":4.0},{"damage":4.0,"enemies":"Exordium Thugs","floor":10.0,"turns":4.0},{"damage":9.0,"enemies":"3 Sentries","floor":12.0,"turns":10.0},{"damage":29.0,"enemies":"The Guardian","floor":16.0,"turns":10.0},{"damage":1.0,"enemies":"3 Byrds","floor":18.0,"turns":6.0},{"damage":21.0,"enemies":"Book of Stabbing","floor":23.0,"turns":7.0},{"damage":0.0,"enemies":"Shell Parasite","floor":24.0,"turns":5.0},{"damage":8.0,"enemies":"3 Cultists","floor":28.0,"turns":6.0},{"damage":7.0,"enemies":"Snake Plant","floor":30.0,"turns":5.0},{"damage":5,"enemies":"Cultist and Chosen","floor":31,"turns":5},{"damage":20,"enemies":"hubris:MusketHawk","floor":33,"turns":10},{"damage":56,"enemies":"3 Darklings","floor":35,"turns":4},{"damage":0,"enemies":"Orb Walker","floor":38,"turns":4},{"damage":52,"enemies":"Reptomancer","floor":40,"turns":6},{"damage":5,"enemies":"4 Shapes","floor":42,"turns":4},{"damage":3,"enemies":"Maw","floor":46,"turns":10},{"damage":7,"enemies":"Writhing Mass","floor":47,"turns":6},{"damage":38,"enemies":"Nightmare","floor":48,"turns":13},{"damage":115,"enemies":"hubris:GrandSnecko","floor":50,"turns":8}],"seed_played":"-4300552206929821599","potions_obtained":[{"floor":4.0,"key":"LiquidMemories"},{"floor":10.0,"key":"blueLaboratory:CoolantVial"},{"floor":12.0,"key":"Regen Potion"},{"floor":21.0,"key":"blueLaboratory:FrostheartPotion"},{"floor":42,"key":"blueLaboratory:BottleOfVodka"},{"floor":47,"key":"blueLaboratory:LouseDecoction"}],"is_trial":false,"path_per_floor":["M","M","M","M","?","E","?","R","T","M","?","E","R","$","R","B",null,"M","AVR","?","E","M","R","T","R","M","R","M","M","R","B",null,"M","$","M","?","E","?","M","T","R","?","M","M","NM","R","B"],"character_chosen":"DEFECT","items_purchased":["Hello World","Compile Driver","Lantern","Lee\u0027s Waffle","infinitespire:WardingShard"],"campfire_rested":2,"item_purchase_floors":[14,14,14,37,37],"current_hp_per_floor":[82,82,81,81,81,57,57,81,81,77,82,73,73,73,73,46,82,81,81,81,61,63,63,63,63,61,61,58,61,61,66,82,30,89,89,89,45,45,58,58,84,84,89,89,67,67,0,0],"gold":87,"neow_bonus":"TEN_PERCENT_HP_BONUS","is_daily":false,"chose_seed":false,"campfire_upgraded":7,"win_rate":0.0,"timestamp":1609942952,"path_taken":["M","M","M","M","?","E","?","R","T","?","?","E","R","?","R","BOSS","M","AVR","?","E","M","R","T","R","?","R","M","M","R","BOSS","M","$","M","?","E","?","?","T","R","?","M","?","NM","R","BOSS"],"items_purchased_type":["Card","Card","Relic","Relic","Relic"],"build_version":"2020-12-22","purchased_purges":0,"victory":false,"max_hp_per_floor":[82,82,82,82,82,82,82,82,82,82,82,82,82,82,82,82,82,82,82,82,82,82,82,82,82,82,82,82,82,82,82,82,82,89,89,89,89,89,89,89,89,89,89,89,89,89,89,89],"relic_stats":{"Lee\u0027s Waffle":59,"Regal Pillow":0,"counters":[23,137],"Bird Faced Urn":[75],"CeramicFish":171,"Pantograph":43,"Orichalcum":[72],"Smiling Mask":0,"obtain_stats":[{"Lantern":14,"Lee\u0027s Waffle":37,"Regal Pillow":48,"hubris:Teleporter":9,"aspiration:Stellarator":34,"CeramicFish":12,"Oddly Smooth Stone":23,"Omamori":45,"Orichalcum":43,"Smiling Mask":40,"aspiration:StickyExplosives_weak":26,"infinitespire:WardingShard":37,"aspiration:MobileForge":17,"Bird Faced Urn":6,"Pantograph":19,"Red Mask":39,"Cracked Core":0},{"Lantern":7,"Lee\u0027s Waffle":16,"Regal Pillow":22,"hubris:Teleporter":5,"aspiration:Stellarator":15,"CeramicFish":7,"Oddly Smooth Stone":10,"Omamori":19,"Orichalcum":19,"Smiling Mask":18,"aspiration:StickyExplosives_weak":11,"infinitespire:WardingShard":16,"aspiration:MobileForge":8,"Bird Faced Urn":5,"Pantograph":9,"Red Mask":17,"Cracked Core":0},{"Lantern":29,"Lee\u0027s Waffle":87,"Regal Pillow":129,"hubris:Teleporter":15,"aspiration:Stellarator":83,"CeramicFish":29,"Oddly Smooth Stone":52,"Omamori":100,"Orichalcum":100,"Smiling Mask":96,"aspiration:StickyExplosives_weak":57,"infinitespire:WardingShard":87,"aspiration:MobileForge":39,"Bird Faced Urn":15,"Pantograph":45,"Red Mask":90,"Cracked Core":0}]},"card_choices":[{"not_picked":["Hologram","Fusion"],"picked":"Go for the Eyes","floor":1.0},{"not_picked":["Fusion","Stack"],"picked":"Undo","floor":2.0},{"not_picked":["Go for the Eyes","Fission"],"picked":"Ball Lightning","floor":3.0},{"not_picked":["Rebound","Coolheaded"],"picked":"Glacier","floor":4.0},{"not_picked":["Skim","Go for the Eyes"],"picked":"FTL","floor":6.0},{"not_picked":["Scrape","hubris:PowerSurge"],"picked":"Leap","floor":10.0},{"not_picked":["Gash","hubris:PowerSurge"],"picked":"Stack","floor":12.0},{"not_picked":["Seek","Amplify"],"picked":"Echo Form","floor":16.0},{"not_picked":["Leap","Go for the Eyes"],"picked":"Static Discharge","floor":18.0},{"not_picked":["Blizzard","Leap"],"picked":"Conserve Battery","floor":23.0},{"not_picked":["Turbo+1","Multi-Cast"],"picked":"Undo+1","floor":24.0},{"not_picked":["Melter","Rip and Tear"],"picked":"FTL+1","floor":28.0},{"not_picked":["Conserve Battery+1","Scrape"],"picked":"Storm","floor":30.0},{"not_picked":["Hologram","Ball Lightning"],"picked":"Barrage+1","floor":31},{"not_picked":["Fission","Biased Cognition"],"picked":"Electrodynamics","floor":33},{"not_picked":["Melter","Gash"],"picked":"White Noise+1","floor":35},{"not_picked":["Cold Snap+1","Turbo+1"],"picked":"Undo","floor":38},{"not_picked":["Undo+1","Steam"],"picked":"Self Repair","floor":40},{"not_picked":["All For One","Beam Cell+1"],"picked":"Streamline","floor":42},{"not_picked":["hubris:Ukulele","Turbo"],"picked":"Ball Lightning+1","floor":46},{"not_picked":["Sunder+1","Lockon+1"],"picked":"Darkness+1","floor":47},{"not_picked":["Storm+1","Fission"],"picked":"Darkness+1","floor":48}],"player_experience":532745,"relics_obtained":[{"floor":6.0,"key":"Bird Faced Urn"},{"floor":9.0,"key":"hubris:Teleporter"},{"floor":12.0,"key":"CeramicFish"},{"floor":23.0,"key":"Oddly Smooth Stone"},{"floor":26.0,"key":"aspiration:StickyExplosives_weak"},{"floor":40,"key":"Smiling Mask"},{"floor":43,"key":"Orichalcum"},{"floor":48,"key":"Regal Pillow"}],"event_choices":[{"damage_healed":0.0,"max_hp_gain":0.0,"max_hp_loss":0.0,"gold_gain":0.0,"event_name":"Golden Wing","player_choice":"Ignored","floor":5.0,"gold_loss":0.0,"damage_taken":0.0},{"damage_healed":0.0,"max_hp_gain":0.0,"max_hp_loss":0.0,"gold_gain":0.0,"event_name":"Purifier","player_choice":"Ignored","floor":7.0,"gold_loss":0.0,"damage_taken":0.0},{"cards_removed":["Undo"],"damage_healed":5.0,"max_hp_gain":0.0,"max_hp_loss":0.0,"gold_gain":0.0,"event_name":"Bonfire Elementals","player_choice":"Offered Uncommon","floor":11.0,"gold_loss":0.0,"damage_taken":0.0},{"damage_healed":0.0,"max_hp_gain":0.0,"max_hp_loss":0.0,"gold_gain":0.0,"event_name":"Lab","player_choice":"Got Potions","floor":21.0,"gold_loss":0.0,"damage_taken":0.0},{"damage_healed":0,"gold_gain":0,"player_choice":"Paid","damage_taken":0,"relics_obtained":["Red Mask"],"max_hp_gain":0,"max_hp_loss":0,"event_name":"Tomb of Lord Red Mask","floor":39,"gold_loss":44},{"damage_healed":0,"gold_gain":0,"player_choice":"Upgraded","damage_taken":0,"max_hp_gain":0,"max_hp_loss":0,"event_name":"Upgrade Shrine","floor":41,"gold_loss":0,"cards_upgraded":["Self Repair"]},{"damage_healed":0,"gold_gain":0,"player_choice":"Paid Gold","damage_taken":0,"relics_obtained":["Omamori"],"max_hp_gain":0,"max_hp_loss":0,"event_name":"WeMeetAgain","floor":45,"gold_loss":79}],"is_beta":false,"boss_relics":[{"not_picked":["Runic Dome","Runic Pyramid"],"picked":"aspiration:MobileForge"},{"not_picked":["jesterMod:MachoBrace","hubris:CrackedHourglass"],"picked":"aspiration:Stellarator"}],"items_purged_floors":[],"is_endless":true,"potions_floor_spawned":[4,10,12,24,28,30,31,38,42,47],"killed_by":"hubris:GrandSnecko","ascension_level":0}}