{"host":"dmdprxj8bosbz96f","time":1609911725,"event":{"mods":["AchievementEnabler","BaseMod","Colored Map","DeckTracker","Minty Spire (QoL Compilation)","Quick Restart","SuperFastMode","everything is the same but u backflip on backflip"],"gold_per_floor":[118,193,193,45,45,72,92,111,111,141,153,153,185,199,199,296,296,309,298,129,26,42,42,42,42,68,68,18,29,29,43,43,143,143,157,157,157],"floor_reached":36,"playtime":2193,"items_purged":["Defend_G","Defend_G","Defend_G"],"score":509,"play_id":"e04e59e3-3de5-4986-83d2-e9caf39f3242","local_time":"20210106144205","is_ascension_mode":true,"campfire_choices":[{"data":"Crippling Poison","floor":12.0,"key":"SMITH"},{"data":"Deadly Poison","floor":15.0,"key":"SMITH"},{"floor":23.0,"key":"REST"},{"floor":25.0,"key":"REST"},{"data":"Tactician","floor":27.0,"key":"SMITH"},{"floor":32.0,"key":"REST"}],"circlet_count":0,"master_deck":["Strike_G","Strike_G","Strike_G","Strike_G","Defend_G","Defend_G","Survivor","Neutralize","Backflip","Crippling Poison+1","Deadly Poison+1","Acrobatics","Backflip","Tactician+1","Acrobatics","Venomology+1","Well Laid Plans+1","Malaise","Backflip+1","Dodge and Roll","Calculated Gamble","PiercingWail","Die Die Die+1","Catalyst"],"relics":["Ring of the Snake","NeowsBlessing","Molten Egg 2","Sundial","Strawberry","Pen Nib","Frozen Egg 2","HoveringKite","Bronze Scales","Smiling Mask","SlaversCollar"],"acts_visited":["Exordium","TheCity","TheBeyond"],"potions_floor_usage":[36],"damage_taken":[{"damage":0.0,"enemies":"Jaw Worm","floor":1.0,"turns":1.0},{"damage":0.0,"enemies":"Lagavulin","floor":6.0,"turns":1.0},{"damage":0.0,"enemies":"2 Louse","floor":7.0,"turns":1.0},{"damage":3.0,"enemies":"Cultist","floor":8.0,"turns":4.0},{"damage":2.0,"enemies":"3 Sentries","floor":10.0,"turns":7.0},{"damage":11.0,"enemies":"Exordium Wildlife","floor":11.0,"turns":6.0},{"damage":21.0,"enemies":"Gremlin Nob","floor":13.0,"turns":5.0},{"damage":2.0,"enemies":"Red Slaver","floor":14.0,"turns":4.0},{"damage":33.0,"enemies":"The Guardian","floor":16.0,"turns":10.0},{"damage":7.0,"enemies":"Shell Parasite","floor":18.0,"turns":6.0},{"damage":7.0,"enemies":"2 Thieves","floor":19.0,"turns":4.0},{"damage":41.0,"enemies":"Sentry and Sphere","floor":22.0,"turns":7.0},{"damage":17.0,"enemies":"Shelled Parasite and Fungi","floor":29.0,"turns":5.0},{"damage":3.0,"enemies":"Snecko","floor":31.0,"turns":4.0},{"damage":39.0,"enemies":"Champ","floor":33.0,"turns":16.0},{"damage":60.0,"enemies":"3 Darklings","floor":35.0,"turns":13.0},{"damage":2,"enemies":"Orb Walker","floor":36,"turns":4}],"seed_played":"-3745891211740626178","potions_obtained":[{"floor":1.0,"key":"Regen Potion"},{"floor":5.0,"key":"DistilledChaos"},{"floor":6.0,"key":"AttackPotion"},{"floor":8.0,"key":"CultistPotion"},{"floor":29.0,"key":"Explosive Potion"},{"floor":33.0,"key":"SteroidPotion"}],"is_trial":false,"path_per_floor":["M","?","T","$","?","E","M","M","T","E","M","R","E","M","R","B",null,"M","M","$","?","M","R","?","R","T","R","$","M","?","M","R","B",null,"M","M"],"character_chosen":"THE_SILENT","items_purchased":["Crippling Poison","Calculated Gamble"],"campfire_rested":3,"item_purchase_floors":[4,20],"current_hp_per_floor":[70,59,59,59,59,59,59,68,75,73,62,62,41,39,39,6,59,52,45,45,45,4,27,27,50,50,50,50,33,33,30,53,14,61,1,0,0],"gold":157,"neow_bonus":"THREE_ENEMY_KILL","is_daily":false,"chose_seed":false,"campfire_upgraded":3,"win_rate":0.0,"timestamp":1609911725,"path_taken":["M","?","?","?","?","E","M","M","T","E","?","R","E","M","R","BOSS","M","M","$","?","?","R","?","R","T","R","$","?","?","M","R","BOSS","M","M"],"items_purchased_type":["Card","Card"],"build_version":"2020-12-22","purchased_purges":3,"victory":false,"max_hp_per_floor":[70,70,70,70,70,70,70,70,77,77,77,77,77,77,77,77,77,77,77,77,77,77,77,77,77,77,77,77,77,77,77,77,77,77,77,77,77],"card_choices":[{"not_picked":["Infinite Blades","Acrobatics"],"picked":"Backflip","floor":1.0},{"not_picked":["Bane+1","Outmaneuver"],"picked":"Deadly Poison","floor":6.0},{"not_picked":["All Out Attack+1","Leg Sweep"],"picked":"Acrobatics","floor":7.0},{"not_picked":["Distraction","Concentrate"],"picked":"Backflip","floor":8.0},{"not_picked":["Deflect","Slice+1"],"picked":"Tactician","floor":10.0},{"not_picked":["Dash+1","Sucker Punch+1"],"picked":"Acrobatics","floor":11.0},{"not_picked":["Sucker Punch+1","Bane+1"],"picked":"Venomology","floor":13.0},{"not_picked":["Quick Slash+1","Blade Dance"],"picked":"Well Laid Plans+1","floor":14.0},{"not_picked":["Doppelganger","Glass Knife+1"],"picked":"Malaise","floor":16.0},{"not_picked":["Quick Slash+1","Finisher+1"],"picked":"Backflip+1","floor":18.0},{"not_picked":["Slice+1","Accuracy+1"],"picked":"Dodge and Roll","floor":19.0},{"not_picked":["Blade Dance+1","Sucker Punch+1","Distraction"],"picked":"SKIP","floor":22.0},{"not_picked":["Blade Dance","Dagger Spray+1","Backflip"],"picked":"SKIP","floor":29.0},{"not_picked":["Bane+1","Leg Sweep"],"picked":"PiercingWail","floor":31.0},{"not_picked":["Storm of Steel","Envenom+1"],"picked":"Die Die Die+1","floor":33.0},{"not_picked":["Footwork+1","Flying Knee+1"],"picked":"Catalyst","floor":35.0}],"player_experience":159466,"relics_obtained":[{"floor":3.0,"key":"Molten Egg 2"},{"floor":6.0,"key":"Sundial"},{"floor":9.0,"key":"Strawberry"},{"floor":10.0,"key":"Pen Nib"},{"floor":13.0,"key":"Frozen Egg 2"},{"floor":26.0,"key":"Smiling Mask"}],"event_choices":[{"damage_healed":0.0,"max_hp_gain":0.0,"max_hp_loss":0.0,"gold_gain":75.0,"event_name":"World of Goop","player_choice":"Gather Gold","floor":2.0,"gold_loss":0.0,"damage_taken":11.0},{"damage_healed":0.0,"max_hp_gain":0.0,"max_hp_loss":0.0,"gold_gain":0.0,"event_name":"Lab","player_choice":"Got Potions","floor":5.0,"gold_loss":0.0,"damage_taken":0.0},{"damage_healed":0.0,"max_hp_gain":0.0,"max_hp_loss":0.0,"gold_gain":0.0,"event_name":"WeMeetAgain","player_choice":"Paid Gold","floor":21.0,"gold_loss":103.0,"damage_taken":0.0,"relics_obtained":["Bronze Scales"]},{"damage_healed":0.0,"max_hp_gain":0.0,"max_hp_loss":0.0,"gold_gain":0.0,"event_name":"Accursed Blacksmith","player_choice":"Forge","floor":24.0,"gold_loss":0.0,"damage_taken":0.0,"cards_upgraded":["Venomology"]},{"cards_removed":["Strike_G"],"damage_healed":0.0,"max_hp_gain":0.0,"max_hp_loss":0.0,"gold_gain":0.0,"event_name":"Back to Basics","player_choice":"Elegance","floor":30.0,"gold_loss":0.0,"damage_taken":0.0}],"is_beta":false,"boss_relics":[{"not_picked":["Black Star","Fusion Hammer"],"picked":"HoveringKite"},{"not_picked":["Velvet Choker","Sozu"],"picked":"SlaversCollar"}],"items_purged_floors":[4,20,28],"is_endless":false,"potions_floor_spawned":[1,6,8,29,33],"killed_by":"Orb Walker","ascension_level":5}}