{"host":"q9718omregw4er46","time":1609948642,"event":{"mods":["BaseMod","Bestiary","Colored Powertips","Highlight Path","Minty Spire (QoL Compilation)","Quick Restart","Relic Stats"],"gold_per_floor":[116,130,11,31,81,114,133,133,156,186,200,233,253,253,253,328,328,340,355,355],"floor_reached":19,"playtime":669,"items_purged":["Strike_B"],"score":482,"play_id":"3d75fce9-152c-414b-a515-eaac227226bc","local_time":"20210106205722","is_ascension_mode":true,"campfire_choices":[{"data":"Sunder","floor":8,"key":"SMITH"},{"data":"Seek","floor":15,"key":"SMITH"}],"circlet_count":0,"master_deck":["AscendersBane","Zap","Dualcast","Chill","Ball Lightning","Sunder+1","Go for the Eyes","Conserve Battery","Seek+1","Creative AI","Echo Form","Recycle","Fission","Amplify","Cold Snap","Meteor Strike","Amplify","Genetic Algorithm","Reinforced Body","FTL","Capacitor"],"relics":["Cracked Core","NeowsBlessing","PreservedInsect","Akabeko","Orichalcum","Tiny Chest","Pandora\u0027s Box"],"acts_visited":["Exordium","TheCity"],"potions_floor_usage":[6,13,16],"damage_taken":[{"damage":0,"enemies":"Cultist","floor":1,"turns":1},{"damage":0,"enemies":"Small Slimes","floor":2,"turns":1},{"damage":0,"enemies":"Jaw Worm","floor":4,"turns":1},{"damage":21,"enemies":"Lagavulin","floor":6,"turns":6},{"damage":11,"enemies":"Blue Slaver","floor":7,"turns":3},{"damage":0,"enemies":"3 Sentries","floor":10,"turns":4},{"damage":0,"enemies":"Large Slime","floor":11,"turns":6},{"damage":0,"enemies":"Gremlin Nob","floor":12,"turns":2},{"damage":7,"enemies":"Gremlin Gang","floor":13,"turns":4},{"damage":11,"enemies":"Slime Boss","floor":16,"turns":8},{"damage":6,"enemies":"Chosen","floor":18,"turns":3},{"damage":21,"enemies":"3 Byrds","floor":19,"turns":7}],"seed_played":"-8685236211991749090","potions_obtained":[{"floor":2,"key":"Strength Potion"},{"floor":4,"key":"AttackPotion"},{"floor":7,"key":"LiquidMemories"},{"floor":18,"key":"Dexterity Potion"}],"is_trial":false,"path_per_floor":["M","M","$","M","?","E","M","R","T","E","M","E","M","?","R","B",null,"M","M"],"character_chosen":"DEFECT","items_purchased":["Sunder"],"campfire_rested":0,"item_purchase_floors":[3],"current_hp_per_floor":[64,64,64,64,57,36,25,25,25,25,25,25,18,18,18,7,55,49,28,28],"gold":355,"neow_bonus":"THREE_ENEMY_KILL","is_daily":false,"chose_seed":false,"campfire_upgraded":2,"win_rate":0.0,"timestamp":1609948642,"path_taken":["M","M","$","?","?","E","?","R","T","E","?","E","M","?","R","BOSS","M","M"],"items_purchased_type":["Card"],"build_version":"2020-12-22","purchased_purges":1,"victory":false,"max_hp_per_floor":[71,71,71,71,71,71,71,71,71,71,71,71,71,71,71,71,71,71,71,71],"relic_stats":{"counters":[12,46],"Tiny Chest":0,"Pandora\u0027s Box":["Amplify","Cold Snap","Meteor Strike","Amplify","Genetic Algorithm","Reinforced Body","FTL"],"PreservedInsect":55,"Orichalcum":[54],"obtain_stats":[{"NeowsBlessing":0,"Tiny Chest":12,"Pandora\u0027s Box":17,"PreservedInsect":6,"Orichalcum":10,"Cracked Core":0,"Akabeko":9},{"NeowsBlessing":0,"Tiny Chest":8,"Pandora\u0027s Box":10,"PreservedInsect":4,"Orichalcum":6,"Cracked Core":0,"Akabeko":5},{"NeowsBlessing":0,"Tiny Chest":24,"Pandora\u0027s Box":36,"PreservedInsect":9,"Orichalcum":16,"Cracked Core":0,"Akabeko":12}]},"card_choices":[{"not_picked":["Turbo","Barrage"],"picked":"Chill","floor":1},{"not_picked":["Auto Shields","Hello World"],"picked":"Ball Lightning","floor":2},{"not_picked":["Hello World","Storm"],"picked":"Go for the Eyes","floor":4},{"not_picked":["Skim","Hologram"],"picked":"Conserve Battery","floor":6},{"not_picked":["Loop","Steam"],"picked":"Seek","floor":7},{"not_picked":["Ball Lightning","Stack"],"picked":"Creative AI","floor":10},{"not_picked":["Hologram","Heatsinks","Leap"],"picked":"SKIP","floor":11},{"not_picked":["Rebound","Stack"],"picked":"Echo Form","floor":12},{"not_picked":["Streamline","Chill"],"picked":"Recycle","floor":13},{"not_picked":["Reboot","All For One"],"picked":"Fission","floor":16},{"not_picked":["Stack","Conserve Battery","Streamline"],"picked":"SKIP","floor":18},{"not_picked":["Double Energy+1","Cold Snap"],"picked":"Capacitor","floor":19}],"player_experience":1189008,"relics_obtained":[{"floor":6,"key":"PreservedInsect"},{"floor":9,"key":"Akabeko"},{"floor":10,"key":"Orichalcum"},{"floor":12,"key":"Tiny Chest"}],"event_choices":[{"damage_healed":0,"gold_gain":50,"player_choice":"Touch","damage_taken":7,"max_hp_gain":0,"max_hp_loss":0,"event_name":"FaceTrader","floor":5,"gold_loss":0},{"damage_healed":0,"gold_gain":0,"player_choice":"Ignored","damage_taken":0,"max_hp_gain":0,"max_hp_loss":0,"event_name":"Liars Game","floor":14,"gold_loss":0}],"is_beta":false,"boss_relics":[{"not_picked":["Calling Bell","Inserter"],"picked":"Pandora\u0027s Box"}],"items_purged_floors":[3],"is_endless":false,"potions_floor_spawned":[2,4,7,11,18],"killed_by":"3 Byrds","ascension_level":20}}