{"host":"bf1tnxyvjw6wp3cl","time":1609951764,"event":{"mods":["AchievementEnabler","BaseMod","Better Third Choice","Block Reminder","Colored Powertips","Curses Come First","Minty Spire (QoL Compilation)","Quick Restart","Relic Stats","StSLib","SuperFastMode"],"gold_per_floor":[117,292,367,367,136,162,174,194,217,5,17,17,17,17,17,138,138,126,126,145,145,170,170,184,199,199,199,199,215,215,215],"floor_reached":30,"playtime":635,"items_purged":[],"score":244,"play_id":"a22c5172-807e-43bb-b06c-7e11908f583e","local_time":"20210106114924","is_ascension_mode":true,"campfire_choices":[{"data":"Metallicize","floor":13.0,"key":"SMITH"},{"floor":15.0,"key":"REST"},{"floor":23.0,"key":"REST"}],"circlet_count":0,"master_deck":["Strike_R","Strike_R","Strike_R","Strike_R","Strike_R","Defend_R","Defend_R","Defend_R","Defend_R+1","Bash","Fire Breathing","Doubt","Metallicize+1","Metallicize","Flex","Thunderclap","Cleave","Uppercut","Flex","Iron Wave","Rupture+1","Twin Strike","Limit Break","Pommel Strike+1","Uppercut","Sword Boomerang","Second Wind","Heavy Blade","Anger"],"relics":["Burning Blood","Orrery","Happy Flower","Omamori","Brimstone","Golden Idol","SacredBark","Darkstone Periapt"],"acts_visited":["Exordium","TheCity"],"potions_floor_usage":[28],"damage_taken":[{"damage":8.0,"enemies":"Jaw Worm","floor":1.0,"turns":4.0},{"damage":22.0,"enemies":"Gremlin Nob","floor":6.0,"turns":5.0},{"damage":7.0,"enemies":"2 Louse","floor":7.0,"turns":3.0},{"damage":3.0,"enemies":"Small Slimes","floor":8.0,"turns":3.0},{"damage":11.0,"enemies":"Red Slaver","floor":11.0,"turns":3.0},{"damage":40.0,"enemies":"The Guardian","floor":16.0,"turns":7.0},{"damage":26.0,"enemies":"2 Thieves","floor":18.0,"turns":4.0},{"damage":22.0,"enemies":"Spheric Guardian","floor":20.0,"turns":4.0},{"damage":17.0,"enemies":"Snecko","floor":22.0,"turns":3.0},{"damage":26.0,"enemies":"Sentry and Sphere","floor":24.0,"turns":4.0},{"damage":35.0,"enemies":"Snake Plant","floor":25.0,"turns":4.0},{"damage":13,"enemies":"Centurion and Healer","floor":28,"turns":3},{"damage":2,"enemies":"Cultist and Chosen","floor":29,"turns":4},{"damage":15,"enemies":"Book of Stabbing","floor":30,"turns":2}],"seed_played":"879938405345935022","potions_obtained":[{"floor":1.0,"key":"AttackPotion"},{"floor":7.0,"key":"SmokeBomb"},{"floor":22.0,"key":"CultistPotion"},{"floor":24.0,"key":"ElixirPotion"}],"is_trial":false,"path_per_floor":["M","?","?","?","$","E","M","M","T","$","M","?","R","?","R","B",null,"M","$","M","?","M","R","M","M","T","?","M","M","E"],"character_chosen":"IRONCLAD","items_purchased":["Metallicize","Orrery","Rupture","Brimstone"],"campfire_rested":2,"item_purchase_floors":[5,5,10,10],"current_hp_per_floor":[86,86,75,75,75,59,58,61,61,61,56,56,56,38,64,30,88,68,68,52,52,41,67,47,18,18,18,11,15,0,0],"gold":215,"neow_bonus":"TEN_PERCENT_HP_BONUS","is_daily":false,"chose_seed":false,"campfire_upgraded":1,"win_rate":0.0,"timestamp":1609951764,"path_taken":["M","?","?","?","$","E","M","M","T","$","M","?","R","?","R","BOSS","M","$","M","?","M","R","?","M","T","?","M","M","E"],"items_purchased_type":["Card","Relic","Card","Relic"],"build_version":"2020-12-22","purchased_purges":0,"victory":false,"max_hp_per_floor":[88,88,88,88,88,88,88,88,88,88,88,88,88,88,88,88,88,88,88,88,88,88,88,88,88,88,88,88,88,88,88],"relic_stats":{"Darkstone Periapt":0,"Happy Flower":[14],"counters":[14,53],"Golden Idol":50,"obtain_stats":[{"Darkstone Periapt":26,"Happy Flower":6,"Brimstone":10,"Golden Idol":12,"SacredBark":17,"Orrery":5,"Omamori":9,"Burning Blood":0},{"Darkstone Periapt":11,"Happy Flower":2,"Brimstone":4,"Golden Idol":5,"SacredBark":6,"Orrery":1,"Omamori":4,"Burning Blood":0},{"Darkstone Periapt":44,"Happy Flower":9,"Brimstone":15,"Golden Idol":18,"SacredBark":25,"Orrery":4,"Omamori":15,"Burning Blood":0}],"Burning Blood":78},"card_choices":[{"not_picked":["Iron Wave","Warcry"],"picked":"Fire Breathing","floor":1.0},{"not_picked":["True Grit","Fiend Fire"],"picked":"Metallicize","floor":5.0},{"not_picked":["Havoc","Shrug It Off"],"picked":"Flex","floor":5.0},{"not_picked":["Warcry","Rampage"],"picked":"Exhume","floor":5.0},{"not_picked":["Clash","Perfected Strike"],"picked":"Thunderclap","floor":5.0},{"not_picked":["True Grit","Havoc"],"picked":"Cleave","floor":5.0},{"not_picked":["Dropkick","Shrug It Off"],"picked":"Uppercut","floor":6.0},{"not_picked":["True Grit","Evolve"],"picked":"Flex","floor":7.0},{"not_picked":["True Grit","Shrug It Off"],"picked":"Iron Wave","floor":8.0},{"not_picked":["Dual Wield","Blood for Blood"],"picked":"Twin Strike","floor":11.0},{"not_picked":["Bludgeon","Fiend Fire"],"picked":"Limit Break","floor":16.0},{"not_picked":["Evolve","Entrench","Headbutt"],"picked":"SKIP","floor":18.0},{"not_picked":["Body Slam","Reckless Charge"],"picked":"Pommel Strike+1","floor":20.0},{"not_picked":["Battle Trance","Clash"],"picked":"Sword Boomerang","floor":22.0},{"not_picked":["Dual Wield","Sentinel+1"],"picked":"Second Wind","floor":24.0},{"not_picked":["Body Slam+1","Disarm"],"picked":"Heavy Blade","floor":25.0},{"not_picked":["True Grit","Pommel Strike"],"picked":"Anger","floor":29}],"player_experience":162787,"relics_obtained":[{"floor":6.0,"key":"Happy Flower"},{"floor":9.0,"key":"Omamori"},{"floor":26.0,"key":"Darkstone Periapt"}],"event_choices":[{"damage_healed":0.0,"max_hp_gain":0.0,"max_hp_loss":0.0,"gold_gain":175.0,"event_name":"betterThird:BetterSerpent","player_choice":"AGREE","floor":2.0,"gold_loss":0.0,"damage_taken":117.0},{"damage_healed":0.0,"max_hp_gain":0.0,"max_hp_loss":0.0,"gold_gain":75.0,"event_name":"betterThird:BetterGoop","player_choice":"Gold","floor":3.0,"gold_loss":0.0,"damage_taken":11.0},{"damage_healed":0.0,"max_hp_gain":0.0,"max_hp_loss":0.0,"gold_gain":0.0,"event_name":"The Cleric","player_choice":"Leave","floor":4.0,"gold_loss":0.0,"damage_taken":0.0},{"damage_healed":0.0,"max_hp_gain":0.0,"max_hp_loss":0.0,"gold_gain":0.0,"event_name":"Golden Idol","player_choice":"Take Wound","floor":12.0,"gold_loss":0.0,"damage_taken":0.0,"relics_obtained":["Golden Idol"],"cards_obtained":["Injury"]},{"damage_healed":56.0,"max_hp_gain":0.0,"max_hp_loss":88.0,"gold_gain":0.0,"event_name":"betterThird:BetterShining","player_choice":"Upgrade","floor":14.0,"gold_loss":0.0,"damage_taken":18.0,"cards_upgraded":["Rupture","Defend_R"]},{"damage_healed":0.0,"max_hp_gain":0.0,"max_hp_loss":0.0,"gold_gain":0.0,"cards_transformed":["Exhume"],"event_name":"Transmorgrifier","player_choice":"Transformed","floor":21.0,"gold_loss":0.0,"damage_taken":0.0,"cards_obtained":["Uppercut"]},{"damage_healed":0.0,"max_hp_gain":0.0,"max_hp_loss":0.0,"gold_gain":0.0,"event_name":"Forgotten Altar","player_choice":"Smashed Altar","floor":27.0,"gold_loss":0.0,"damage_taken":0.0,"cards_obtained":["Decay"]}],"is_beta":false,"boss_relics":[{"not_picked":["Fusion Hammer","Busted Crown"],"picked":"SacredBark"}],"items_purged_floors":[],"is_endless":false,"potions_floor_spawned":[1,7,22,24,28],"killed_by":"Book of Stabbing","ascension_level":1}}