{"host":"k4et7hlhlqy8fuoz","time":1609966006,"event":{"mods":["2.2 Compatiblity","AchievementEnabler","BaseMod","Colored Map","DeckTracker","Highlight Path","Minty Spire (QoL Compilation)","Random Character Button","Rare Cards Sparkle"],"gold_per_floor":[116,116,133,150,78,153,56,26,26,26,26,26,44,64,64,168,218,228,241,258,258,6,6,18,18,18,18,31,31,47,63,63,167,167,179,191,209,20,1019,1019,1039,317,317,317,334,334,19,19,19,19],"floor_reached":51,"playtime":3563,"items_purged":["Pain","Normality"],"score":664,"play_id":"f162b89f-e8f0-4f3e-b7eb-f7d4a588cb8d","local_time":"20210106214646","is_ascension_mode":false,"campfire_choices":[{"data":"Crippling Poison","floor":10,"key":"SMITH"},{"data":"Backstab","floor":12,"key":"SMITH"},{"floor":15,"key":"REST"},{"floor":23,"key":"REST"},{"floor":25,"key":"REST"},{"data":"Terror","floor":27,"key":"SMITH"},{"floor":29,"key":"REST"},{"floor":32,"key":"REST"},{"floor":40,"key":"REST"},{"data":"Infinite Blades","floor":46,"key":"SMITH"},{"floor":49,"key":"REST"}],"circlet_count":0,"master_deck":["Strike_G","Strike_G","Strike_G","Strike_G","Strike_G","Defend_G","Defend_G","Defend_G","Defend_G","Defend_G","Survivor","Neutralize+1","Sucker Punch","Cloak And Dagger","Crippling Poison+1","PiercingWail","Deflect+1","Good Instincts+1","Backstab+1","Terror+1","Choke","Bullet Time","Slice","Cloak And Dagger","Noxious Fumes+1","Poisoned Stab","Slice","Crippling Poison","Leg Sweep","Bane","Infinite Blades","Bullet Time","Deflect+1","Catalyst","Bouncing Flask","Crippling Poison","Normality","Blade Dance","Infinite Blades+1","Poisoned Stab","Finisher","Accuracy+1","Apotheosis"],"relics":["Ring of the Snake","Matryoshka","Tiny House","WarpedTongs","Lantern","Tiny Chest","Ornamental Fan","WristBlade","Regal Pillow","Toy Ornithopter","Potion Belt","Cauldron","Vajra","Ninja Scroll","Orichalcum","Snake Skull"],"acts_visited":["Exordium","TheCity","TheBeyond"],"potions_floor_usage":[16,33,33,33,50,50,50,50],"damage_taken":[{"damage":1,"enemies":"Small Slimes","floor":1,"turns":4},{"damage":0,"enemies":"2 Louse","floor":3,"turns":3},{"damage":1,"enemies":"Cultist","floor":4,"turns":4},{"damage":1,"enemies":"Looter","floor":8,"turns":4},{"damage":4,"enemies":"Red Slaver","floor":13,"turns":3},{"damage":0,"enemies":"3 Louse","floor":14,"turns":3},{"damage":29,"enemies":"The Guardian","floor":16,"turns":14},{"damage":4,"enemies":"Shell Parasite","floor":18,"turns":5},{"damage":31,"enemies":"Spheric Guardian","floor":19,"turns":8},{"damage":30,"enemies":"Snake Plant","floor":20,"turns":4},{"damage":14,"enemies":"Shelled Parasite and Fungi","floor":24,"turns":4},{"damage":16,"enemies":"3 Cultists","floor":28,"turns":5},{"damage":17,"enemies":"Snecko","floor":30,"turns":5},{"damage":12,"enemies":"Centurion and Healer","floor":31,"turns":7},{"damage":33,"enemies":"Collector","floor":33,"turns":9},{"damage":15,"enemies":"3 Darklings","floor":35,"turns":7},{"damage":0,"enemies":"Orb Walker","floor":36,"turns":2},{"damage":17,"enemies":"Writhing Mass","floor":37,"turns":8},{"damage":10,"enemies":"Sphere and 2 Shapes","floor":41,"turns":4},{"damage":11,"enemies":"3 Darklings","floor":45,"turns":4},{"damage":104,"enemies":"Donu and Deca","floor":50,"turns":9}],"seed_played":"2652215863466818784","potions_obtained":[{"floor":1,"key":"SneckoOil"},{"floor":16,"key":"Fire Potion"},{"floor":17,"key":"Fruit Juice"},{"floor":18,"key":"Energy Potion"},{"floor":33,"key":"Dexterity Potion"},{"floor":37,"key":"SpeedPotion"},{"floor":42,"key":"LiquidMemories"},{"floor":42,"key":"Strength Potion"},{"floor":42,"key":"FairyPotion"},{"floor":42,"key":"Block Potion"},{"floor":42,"key":"PowerPotion"}],"is_trial":false,"path_per_floor":["M","?","M","M","$","?","$","M","T","R","?","R","M","M","R","B",null,"M","M","M","?","$","R","M","R","T","R","M","R","M","M","R","B",null,"M","M","M","$","?","R","M","$","T","?","M","R","$","T","R","B",null],"character_chosen":"THE_SILENT","items_purchased":["PiercingWail","Deflect","Good Instincts","Lantern","Slice","Regal Pillow","Crippling Poison","Toy Ornithopter","Potion Belt","Cauldron","Infinite Blades","Poisoned Stab","Finisher","Orichalcum","Apotheosis"],"campfire_rested":7,"item_purchase_floors":[5,5,7,22,22,38,38,42,42,42,42,42,42,47,47],"current_hp_per_floor":[76,76,76,75,75,64,64,63,63,63,63,63,59,59,77,48,82,78,47,17,17,17,41,27,51,51,51,35,59,42,30,54,26,87,72,72,55,55,55,87,77,77,77,77,66,66,66,66,83,24],"gold":19,"neow_bonus":"TEN_PERCENT_HP_BONUS","is_daily":false,"chose_seed":false,"campfire_upgraded":4,"win_rate":0.0,"timestamp":1609966006,"path_taken":["M","?","M","M","$","?","$","M","T","R","?","R","?","M","R","BOSS","M","M","M","?","$","R","M","R","T","R","M","R","M","?","R","BOSS","M","M","M","$","?","R","M","$","T","?","M","R","$","?","R","BOSS"],"items_purchased_type":["Card","Card","Card","Relic","Card","Relic","Card","Relic","Relic","Relic","Card","Card","Card","Relic","Card"],"build_version":"2020-12-22","purchased_purges":2,"victory":true,"max_hp_per_floor":[77,77,77,77,77,77,77,77,77,77,77,77,77,77,77,77,82,82,82,82,82,82,82,82,82,82,82,82,82,82,82,82,87,87,87,87,87,87,87,87,87,87,87,83,83,83,83,83,83,83],"card_choices":[{"not_picked":["Backflip","Outmaneuver"],"picked":"Sucker Punch","floor":1},{"not_picked":["Acrobatics","Sucker Punch"],"picked":"Cloak And Dagger","floor":3},{"not_picked":["Bane","Escape Plan"],"picked":"Crippling Poison","floor":4},{"not_picked":["Crippling Poison","Bane"],"picked":"Backstab","floor":8},{"not_picked":["Expertise","Dagger Throw"],"picked":"Terror","floor":13},{"not_picked":["Prepared","Dagger Throw"],"picked":"Choke","floor":14},{"not_picked":["Wraith Form v2","Corpse Explosion"],"picked":"Bullet Time","floor":16},{"not_picked":["Dagger Throw","Expertise"],"picked":"Slice","floor":17},{"not_picked":["Dagger Spray","Dodge and Roll"],"picked":"Cloak And Dagger","floor":18},{"not_picked":["Dagger Spray+1","Bane"],"picked":"Noxious Fumes+1","floor":19},{"not_picked":["Quick Slash","Footwork"],"picked":"Poisoned Stab","floor":20},{"not_picked":["Calculated Gamble","Heel Hook"],"picked":"Crippling Poison","floor":24},{"not_picked":["Quick Slash","Doppelganger"],"picked":"Leg Sweep","floor":28},{"not_picked":["Outmaneuver+1","Dagger Throw+1"],"picked":"Bane","floor":30},{"not_picked":["Dagger Spray+1","Heel Hook"],"picked":"Infinite Blades","floor":31},{"not_picked":["Wraith Form v2","Doppelganger"],"picked":"Bullet Time","floor":33},{"not_picked":["Dodge and Roll","Skewer"],"picked":"Deflect+1","floor":35},{"not_picked":["Eviscerate","Distraction+1"],"picked":"Catalyst","floor":36},{"not_picked":["Dagger Throw+1","Sucker Punch"],"picked":"Bouncing Flask","floor":37},{"not_picked":["Caltrops","Prepared+1"],"picked":"Blade Dance","floor":41},{"not_picked":["Dash","Leg Sweep+1"],"picked":"Accuracy+1","floor":45}],"player_experience":74037,"relics_obtained":[{"floor":9,"key":"Matryoshka"},{"floor":26,"key":"Tiny Chest"},{"floor":26,"key":"Ornamental Fan"},{"floor":43,"key":"Vajra"},{"floor":43,"key":"Ninja Scroll"},{"floor":48,"key":"Snake Skull"}],"event_choices":[{"damage_healed":0,"gold_gain":0,"player_choice":"Grow","damage_taken":0,"max_hp_gain":0,"max_hp_loss":0,"event_name":"Living Wall","floor":2,"gold_loss":0,"cards_upgraded":["Neutralize"]},{"damage_healed":0,"gold_gain":75,"player_choice":"Gather Gold","damage_taken":11,"max_hp_gain":0,"max_hp_loss":0,"event_name":"World of Goop","floor":6,"gold_loss":0},{"damage_healed":0,"gold_gain":0,"player_choice":"Upgraded","damage_taken":0,"max_hp_gain":0,"max_hp_loss":0,"event_name":"Upgrade Shrine","floor":11,"gold_loss":0,"cards_upgraded":["Good Instincts"]},{"damage_healed":0,"gold_gain":0,"player_choice":"Rummage","damage_taken":0,"relics_obtained":["WarpedTongs"],"max_hp_gain":0,"max_hp_loss":0,"event_name":"Accursed Blacksmith","floor":21,"gold_loss":0,"cards_obtained":["Pain"]},{"damage_healed":0,"gold_gain":999,"player_choice":"Gold","damage_taken":0,"max_hp_gain":0,"max_hp_loss":0,"event_name":"MindBloom","floor":39,"gold_loss":0,"cards_obtained":["Normality","Normality"]},{"damage_healed":0,"gold_gain":0,"player_choice":"Max HP","damage_taken":0,"max_hp_gain":0,"max_hp_loss":4,"event_name":"Winding Halls","floor":44,"gold_loss":0}],"is_beta":false,"boss_relics":[{"not_picked":["Runic Pyramid","Snecko Eye"],"picked":"Tiny House"},{"not_picked":["Busted Crown","Sozu"],"picked":"WristBlade"}],"items_purged_floors":[22,42],"is_endless":false,"potions_floor_spawned":[1,16,18,19,30,31,33,36,37],"ascension_level":0}}