{"host":"newqdrzxfhh2im9e","time":1609914128,"event":{"mods":["AchievementEnabler","BaseMod","BetterRewards","Block Reminder","Colored Map","Jorbs\u0027s Wanderer Trilogy","Minty Spire (QoL Compilation)","Rare Cards Sparkle","Shop Mod","StSLib"],"gold_per_floor":[110,41,41,55,55,55,65,65,113,125,200,217,217,227,227,324,324,339,339,40,40,40],"floor_reached":21,"playtime":757,"items_purged":[],"score":169,"play_id":"9b25f4b6-19b2-48b1-ba67-519b40c2bab6","local_time":"20210105222208","is_ascension_mode":false,"campfire_choices":[{"data":"Study","floor":6,"key":"SMITH"},{"floor":8,"key":"REST"},{"floor":15,"key":"REST"}],"circlet_count":0,"master_deck":["Strike_P","Strike_P","Strike_P","Strike_P","Defend_P+1","Defend_P","Defend_P","Defend_P","Eruption","Vigilance+1","Study+1","Tantrum+1","EmptyMind","Consecrate","Adaptation","BattleHymn","Devotion+1","CurseOfTheBell","Fasting2"],"relics":["PureWater","Smiling Mask","Juzu Bracelet","Calling Bell","Happy Flower","Question Card","Pocketwatch","FossilizedHelix"],"acts_visited":["Exordium","TheCity"],"potions_floor_usage":[14,16,21],"damage_taken":[{"damage":15,"enemies":"Cultist","floor":1,"turns":4},{"damage":12,"enemies":"Jaw Worm","floor":4,"turns":2},{"damage":7,"enemies":"Small Slimes","floor":7,"turns":4},{"damage":1,"enemies":"Exordium Wildlife","floor":10,"turns":3},{"damage":22,"enemies":"3 Louse","floor":12,"turns":4},{"damage":0,"enemies":"Looter","floor":14,"turns":5},{"damage":7,"enemies":"Hexaghost","floor":16,"turns":7},{"damage":20,"enemies":"2 Thieves","floor":18,"turns":4},{"damage":59,"enemies":"3 Byrds","floor":21,"turns":4}],"seed_played":"8152567158352018505","potions_obtained":[{"floor":12,"key":"Dexterity Potion"},{"floor":14,"key":"Strength Potion"},{"floor":16,"key":"GamblersBrew"}],"is_trial":false,"path_per_floor":["M","$","?","M","$","R","M","R","T","M","?","M","?","M","R","B",null,"M","?","$","M"],"character_chosen":"WATCHER","items_purchased":["Tantrum","FossilizedHelix"],"campfire_rested":2,"item_purchase_floors":[2,20],"current_hp_per_floor":[57,57,57,45,45,45,38,59,59,58,47,25,11,11,32,25,72,52,52,52,0,0],"gold":40,"neow_bonus":"RANDOM_COMMON_RELIC","is_daily":false,"chose_seed":false,"campfire_upgraded":1,"win_rate":0.0,"timestamp":1609914128,"path_taken":["M","$","?","M","$","R","M","R","T","M","?","M","?","M","R","BOSS","M","?","$","M"],"items_purchased_type":["Card","Relic"],"build_version":"2020-12-22","purchased_purges":0,"victory":false,"max_hp_per_floor":[72,72,72,72,72,72,72,72,72,72,72,72,72,72,72,72,72,72,72,72,72,72],"card_choices":[{"not_picked":["CrushJoints","Adaptation"],"picked":"Study","floor":1},{"not_picked":["FlurryOfBlows","Evaluate"],"picked":"EmptyMind","floor":4},{"not_picked":["Prostrate","Crescendo"],"picked":"Consecrate","floor":7},{"not_picked":["SashWhip","FollowUp"],"picked":"Adaptation","floor":10},{"not_picked":["FlurryOfBlows","SashWhip","FlyingSleeves"],"picked":"SKIP","floor":12},{"not_picked":["Halt","JustLucky"],"picked":"BattleHymn","floor":14},{"not_picked":["LessonLearned","ConjureBlade"],"picked":"Devotion","floor":16},{"not_picked":["FlurryOfBlows","Study+1","ClearTheMind+1"],"picked":"Fasting2","floor":18}],"player_experience":694762,"relics_obtained":[{"floor":9,"key":"Juzu Bracelet"},{"floor":17,"key":"Happy Flower"},{"floor":17,"key":"Question Card"},{"floor":17,"key":"Pocketwatch"}],"event_choices":[{"damage_healed":0,"gold_gain":0,"player_choice":"Upgraded","damage_taken":0,"max_hp_gain":0,"max_hp_loss":0,"event_name":"Upgrade Shrine","floor":3,"gold_loss":0,"cards_upgraded":["Tantrum"]},{"damage_healed":0,"gold_gain":75,"player_choice":"Gather Gold","damage_taken":11,"max_hp_gain":0,"max_hp_loss":0,"event_name":"World of Goop","floor":11,"gold_loss":0},{"damage_healed":0,"gold_gain":0,"player_choice":"Entered Light","damage_taken":14,"max_hp_gain":0,"max_hp_loss":0,"event_name":"Shining Light","floor":13,"gold_loss":0,"cards_upgraded":["Defend_P","Vigilance"]},{"damage_healed":0,"gold_gain":0,"player_choice":"Upgraded","damage_taken":0,"max_hp_gain":0,"max_hp_loss":0,"event_name":"Upgrade Shrine","floor":19,"gold_loss":0,"cards_upgraded":["Devotion"]}],"is_beta":false,"boss_relics":[{"not_picked":["Astrolabe","Pandora\u0027s Box"],"picked":"Calling Bell"}],"items_purged_floors":[],"is_endless":false,"potions_floor_spawned":[12,14,16],"killed_by":"3 Byrds","ascension_level":0}}