{"host":"4cz9gr89nglr7k8k","time":1609970252,"event":{"mods":["BaseMod","Minty Spire (QoL Compilation)","Relic Stats","Slay-I"],"gold_per_floor":[113,127,127,277,277,277,277,277,303,342,358,381,67,91,91,185,185,203,93,13,27,27,27],"floor_reached":22,"playtime":548,"items_purged":["Doubt"],"score":368,"play_id":"8ff3b4d1-772f-4788-a1d4-2a9024d37105","local_time":"20210106225732","is_ascension_mode":true,"campfire_choices":[{"data":"Wild Strike","floor":6,"key":"SMITH"},{"data":"Bash","floor":8,"key":"SMITH"},{"floor":15,"key":"REST"}],"circlet_count":0,"master_deck":["AscendersBane","Strike_R","Strike_R","Strike_R","Strike_R","Defend_R","Defend_R","Defend_R","Bash+1","Wild Strike+1","Pummel","Sentinel","Whirlwind","Clothesline","Clash","Bludgeon+1","Fiend Fire","Twin Strike","Double Tap","Thunderclap","Ghostly Armor","Shrug It Off"],"relics":["Burning Blood","Golden Idol","Lantern","Pear","SlaversCollar"],"acts_visited":["Exordium","TheCity"],"potions_floor_usage":[12,22],"damage_taken":[{"damage":6,"enemies":"Cultist","floor":1,"turns":3},{"damage":4,"enemies":"Small Slimes","floor":2,"turns":4},{"damage":69,"enemies":"Lagavulin","floor":10,"turns":7},{"damage":0,"enemies":"2 Louse","floor":11,"turns":1},{"damage":1,"enemies":"Looter","floor":12,"turns":2},{"damage":10,"enemies":"Large Slime","floor":14,"turns":4},{"damage":20,"enemies":"Slime Boss","floor":16,"turns":7},{"damage":41,"enemies":"2 Thieves","floor":18,"turns":5},{"damage":10,"enemies":"Chosen","floor":21,"turns":4},{"damage":43,"enemies":"Centurion and Healer","floor":22,"turns":4}],"seed_played":"-6373850422424446343","potions_obtained":[{"floor":10,"key":"SteroidPotion"},{"floor":16,"key":"HeartOfIron"}],"is_trial":false,"path_per_floor":["M","M","?","?","?","R","?","R","T","E","M","M","$","M","R","B",null,"M","?","$","M","M"],"character_chosen":"IRONCLAD","items_purchased":["Bludgeon","Fiend Fire","Ghostly Armor"],"campfire_rested":1,"item_purchase_floors":[13,13,20],"current_hp_per_floor":[75,77,49,49,49,49,76,76,76,23,29,34,34,30,57,43,80,45,45,45,41,0,0],"gold":27,"neow_bonus":"TEN_PERCENT_HP_BONUS","is_daily":false,"chose_seed":false,"campfire_upgraded":2,"win_rate":0.0,"timestamp":1609970252,"path_taken":["M","?","?","?","?","R","?","R","T","E","M","?","$","M","R","BOSS","M","?","?","?","M"],"items_purchased_type":["Card","Card","Card"],"build_version":"2020-12-22","purchased_purges":1,"victory":false,"max_hp_per_floor":[82,82,82,82,82,82,82,82,82,92,92,92,92,92,92,92,92,92,92,92,92,92,92],"relic_stats":{"counters":[10,41],"Golden Idol":47,"obtain_stats":[{"SlaversCollar":17,"Lantern":9,"Pear":10,"Golden Idol":3,"Burning Blood":0},{"SlaversCollar":7,"Lantern":2,"Pear":3,"Golden Idol":2,"Burning Blood":0},{"SlaversCollar":28,"Lantern":7,"Pear":14,"Golden Idol":7,"Burning Blood":0}],"Burning Blood":54},"card_choices":[{"not_picked":["Clothesline","Disarm"],"picked":"Wild Strike","floor":1},{"not_picked":["Dropkick","Armaments"],"picked":"Pummel","floor":2},{"not_picked":["Armaments","Pommel Strike"],"picked":"Whirlwind","floor":10},{"not_picked":["Wild Strike","Combust"],"picked":"Clothesline","floor":11},{"not_picked":["Pummel","Headbutt"],"picked":"Clash","floor":12},{"not_picked":["Heavy Blade","Second Wind"],"picked":"Twin Strike","floor":14},{"not_picked":["Barricade","Juggernaut"],"picked":"Double Tap","floor":16},{"not_picked":["Clothesline","Combust"],"picked":"Thunderclap","floor":18},{"not_picked":["Armaments+1","Warcry"],"picked":"Shrug It Off","floor":21}],"player_experience":1479297,"relics_obtained":[{"floor":9,"key":"Lantern"},{"floor":10,"key":"Pear"}],"event_choices":[{"damage_healed":0,"gold_gain":0,"player_choice":"Take Damage","damage_taken":28,"relics_obtained":["Golden Idol"],"max_hp_gain":0,"max_hp_loss":0,"event_name":"Golden Idol","floor":3,"gold_loss":0},{"damage_healed":0,"gold_gain":150,"player_choice":"AGREE","damage_taken":0,"max_hp_gain":0,"max_hp_loss":0,"event_name":"Liars Game","floor":4,"gold_loss":0,"cards_obtained":["Doubt"]},{"damage_healed":0,"gold_gain":0,"cards_transformed":["Defend_R"],"player_choice":"Change","damage_taken":0,"max_hp_gain":0,"max_hp_loss":0,"event_name":"Living Wall","floor":5,"gold_loss":0,"cards_obtained":["Sentinel"]},{"damage_healed":27,"gold_gain":0,"player_choice":"Banana","damage_taken":0,"max_hp_gain":0,"max_hp_loss":0,"event_name":"Big Fish","floor":7,"gold_loss":0},{"cards_removed":["Strike_R"],"damage_healed":0,"gold_gain":0,"player_choice":"Upgrade and Remove","damage_taken":0,"max_hp_gain":0,"max_hp_loss":0,"event_name":"Designer","floor":19,"gold_loss":110,"cards_upgraded":["Bludgeon"]}],"is_beta":false,"boss_relics":[{"not_picked":["Coffee Dripper","Calling Bell"],"picked":"SlaversCollar"}],"items_purged_floors":[13],"is_endless":false,"potions_floor_spawned":[10,16],"killed_by":"Centurion and Healer","ascension_level":20}}