{"host":"nqsrckqog5ia9mbo","time":1609961083,"event":{"mods":["AchievementEnabler","BaseMod","Colored Map","Highlight Path","Minty Spire (QoL Compilation)"],"gold_per_floor":[113,113,13,27,27,27,27,43,43,76,76,76,107,121,121,216,216,236,48,62,0,0,0,16,50,50,50,69,69,69],"floor_reached":29,"playtime":2163,"items_purged":[],"score":373,"play_id":"1fe13610-ba83-458b-8402-47a8e6685f5e","local_time":"20210106202443","is_ascension_mode":true,"campfire_choices":[{"data":"Bash","floor":6.0,"key":"SMITH"},{"data":"Armaments","floor":11.0,"key":"SMITH"},{"floor":15.0,"key":"REST"},{"data":"Heavy Blade","floor":23.0,"key":"SMITH"},{"floor":27.0,"key":"REST"}],"circlet_count":0,"master_deck":["Strike_R","Strike_R","Defend_R","Defend_R","Bash+1","True Grit","Armaments+1","Pommel Strike","Impervious+1","Limit Break+1","Burning Pact+1","Inflame","Spot Weakness","Heavy Blade+1","Limit Break+1","Sword Boomerang","Seeing Red"],"relics":["Burning Blood","Pocketwatch","Potion Belt","Pear","Happy Flower","Smiling Mask","Astrolabe","Ancient Tea Set","White Beast Statue"],"acts_visited":["Exordium","TheCity"],"potions_floor_usage":[29,29,29],"damage_taken":[{"damage":3.0,"enemies":"Jaw Worm","floor":1.0,"turns":5.0},{"damage":4.0,"enemies":"Small Slimes","floor":4.0,"turns":6.0},{"damage":1.0,"enemies":"Cultist","floor":8.0,"turns":5.0},{"damage":13.0,"enemies":"3 Sentries","floor":10.0,"turns":17.0},{"damage":35.0,"enemies":"Lagavulin","floor":13.0,"turns":10.0},{"damage":2.0,"enemies":"Large Slime","floor":14.0,"turns":10.0},{"damage":23.0,"enemies":"Slime Boss","floor":16.0,"turns":9.0},{"damage":26.0,"enemies":"Spheric Guardian","floor":18.0,"turns":8.0},{"damage":7.0,"enemies":"Chosen","floor":20.0,"turns":4.0},{"damage":0.0,"enemies":"Centurion and Healer","floor":24.0,"turns":5.0},{"damage":45.0,"enemies":"Book of Stabbing","floor":25.0,"turns":5.0},{"damage":19.0,"enemies":"Chosen and Byrds","floor":28.0,"turns":4.0},{"damage":46,"enemies":"Slavers","floor":29,"turns":4}],"seed_played":"-6348791510294997579","potions_obtained":[{"floor":1.0,"key":"Explosive Potion"},{"floor":4.0,"key":"Ancient Potion"},{"floor":12.0,"key":"Regen Potion"},{"floor":12.0,"key":"Weak Potion"},{"floor":12.0,"key":"AttackPotion"},{"floor":16.0,"key":"Swift Potion"},{"floor":18.0,"key":"Swift Potion"},{"floor":28.0,"key":"GamblersBrew"}],"is_trial":false,"path_per_floor":["M","?","$","M","?","R","?","M","T","E","R","?","E","M","R","B",null,"M","$","M","?","?","R","M","E","T","R","M","E"],"character_chosen":"IRONCLAD","items_purchased":["True Grit","Dexterity Potion","Inflame","Spot Weakness","Heavy Blade"],"campfire_rested":2,"item_purchase_floors":[3,3,19,19,19],"current_hp_per_floor":[54,54,54,56,49,49,42,47,57,50,50,50,35,39,66,49,80,60,60,59,59,59,59,65,26,26,53,40,0,0],"gold":69,"neow_bonus":"ONE_RARE_RELIC","is_daily":false,"chose_seed":false,"campfire_upgraded":3,"win_rate":0.0,"timestamp":1609961083,"path_taken":["M","?","$","M","?","R","?","M","T","E","R","?","E","M","R","BOSS","M","$","M","?","?","R","M","E","T","R","M","E"],"items_purchased_type":["Card","Potion","Card","Card","Card"],"build_version":"2020-12-22","purchased_purges":0,"victory":false,"max_hp_per_floor":[80,80,80,80,80,80,80,80,90,90,90,90,90,90,90,90,90,90,90,90,90,90,90,90,90,90,90,90,90,90],"card_choices":[{"not_picked":["Hemokinesis","Warcry","Body Slam"],"picked":"SKIP","floor":1.0},{"not_picked":["Uppercut","Thunderclap"],"picked":"Armaments","floor":4.0},{"not_picked":["Anger","Heavy Blade","Havoc"],"picked":"SKIP","floor":8.0},{"not_picked":["Brutality","Wild Strike","Anger"],"picked":"SKIP","floor":10.0},{"not_picked":["Dark Embrace","Blood for Blood","Heavy Blade"],"picked":"SKIP","floor":13.0},{"not_picked":["Body Slam","Havoc"],"picked":"Pommel Strike","floor":14.0},{"not_picked":["Wild Strike","Sword Boomerang","Anger"],"picked":"SKIP","floor":18.0},{"not_picked":["Metallicize","Shrug It Off","Thunderclap+1"],"picked":"SKIP","floor":20.0},{"not_picked":["Armaments","Clash"],"picked":"Sword Boomerang","floor":24.0},{"not_picked":["Evolve","Clash","Fire Breathing+1"],"picked":"SKIP","floor":25.0},{"not_picked":["Blood for Blood","Wild Strike"],"picked":"Seeing Red","floor":28.0}],"player_experience":161840,"relics_obtained":[{"floor":9.0,"key":"Pear"},{"floor":10.0,"key":"Happy Flower"},{"floor":13.0,"key":"Smiling Mask"},{"floor":25.0,"key":"Ancient Tea Set"},{"floor":26.0,"key":"White Beast Statue"}],"event_choices":[{"cards_removed":["Strike_R"],"damage_healed":0.0,"max_hp_gain":0.0,"max_hp_loss":0.0,"gold_gain":0.0,"event_name":"Living Wall","player_choice":"Forget","floor":2.0,"gold_loss":0.0,"damage_taken":0.0},{"cards_removed":["Strike_R"],"damage_healed":0.0,"max_hp_gain":0.0,"max_hp_loss":0.0,"gold_gain":0.0,"event_name":"Golden Wing","player_choice":"Card Removal","floor":5.0,"gold_loss":0.0,"damage_taken":7.0},{"damage_healed":0.0,"max_hp_gain":0.0,"max_hp_loss":0.0,"gold_gain":0.0,"event_name":"Scrap Ooze","player_choice":"Success","floor":7.0,"gold_loss":0.0,"damage_taken":7.0,"relics_obtained":["Potion Belt"]},{"damage_healed":0.0,"max_hp_gain":0.0,"max_hp_loss":0.0,"gold_gain":0.0,"event_name":"Lab","player_choice":"Got Potions","floor":12.0,"gold_loss":0.0,"damage_taken":0.0},{"damage_healed":0.0,"max_hp_gain":0.0,"max_hp_loss":0.0,"gold_gain":0.0,"event_name":"Masked Bandits","player_choice":"Paid Fearfully","floor":21.0,"gold_loss":62.0,"damage_taken":0.0},{"damage_healed":0.0,"max_hp_gain":0.0,"max_hp_loss":0.0,"gold_gain":0.0,"event_name":"Duplicator","player_choice":"Copied","floor":22.0,"gold_loss":0.0,"damage_taken":0.0,"cards_obtained":["Limit Break"]}],"is_beta":false,"boss_relics":[{"not_picked":["Philosopher\u0027s Stone","Busted Crown"],"picked":"Astrolabe"}],"items_purged_floors":[],"is_endless":false,"potions_floor_spawned":[1,4,16,18,28],"killed_by":"Slavers","ascension_level":7}}