{"host":"a0paspe0zwqgzttz","time":1609898831,"event":{"mods":["AchievementEnabler","Act Like it!","BaseMod","BetterRewards","Colored Powertips","Conspire","Downfall","GifTheSpireLib","Hermit","Highlight Path","Lobotomy","Marisa????????","Minty Spire (QoL Compilation)","Quick Restart","Replay The Spire","Robot Space Explorer","Shop Mod","StSLib","SuperFastMode","The Bug Knight","The Construct","The Cursed","The Hierophant","The Jungle","The Mystic","The Necromancer","The Runesmith","The Senshi","The Servant 0.9.4"],"gold_per_floor":[115,127,145,165,0,0,15,15,15,26,26,26,38,49,49,150,150,163,38,56,56,67,67,67,77,153,172,172,186,186,186,186,186,186,186,186],"floor_reached":35,"playtime":1440,"items_purged":[],"score":253,"play_id":"55ce4b90-06be-4e3b-9c21-b9e7c15f0cc9","local_time":"20210105210711","is_ascension_mode":false,"campfire_choices":[{"data":"hermit:Vantage","floor":6,"key":"SMITH"},{"data":"hermit:Showdown","floor":12,"key":"SMITH"},{"floor":15,"key":"REST"},{"floor":23,"key":"REST"},{"floor":28,"key":"REST"},{"floor":32,"key":"REST"}],"circlet_count":0,"master_deck":["hermit:Strike_Hermit","hermit:Strike_Hermit","hermit:Strike_Hermit","hermit:Strike_Hermit","hermit:Defend_Hermit+1","hermit:Defend_Hermit+1","hermit:Defend_Hermit","hermit:Snapshot","hermit:Covet","hermit:Showdown+1","hermit:Vantage+1","hermit:BodyArmor+1","hermit:Feint","ReplayTheSpireMod:Splinters","hermit:Maintenance+1","hermit:OverwhelmingPower+1","hermit:Midnight","hermit:CalledShot+1","hermit:WideOpen+1","hermit:WideOpen+1","hermit:HighNoon+1","hermit:CursedWeapon+1","hermit:Shortfuse+1","hermit:HighCaliber+1","hermit:Grudge+1","hermit:Quickdraw+1","Shame","hermit:LowProfile+1","hermit:SprayPray+1","hermit:SprayPray+1","hermit:FlashPowder","hermit:HighCaliber+1"],"relics":["hermit:Momento","War Paint","ReplayTheSpireMod:CursedCoin","Golden Egg","Molten Egg 2","Ring of Fury","Ring of Fangs","conspire:RunicOctahedron","Prayer Wheel","White Beast Statue"],"acts_visited":["Exordium","TheCity"],"potions_floor_usage":[18,22,22,22,29,35],"damage_taken":[{"damage":3,"enemies":"Small Slimes","floor":1,"turns":4},{"damage":0,"enemies":"Cultist","floor":2,"turns":3},{"damage":0,"enemies":"Jaw Worm","floor":3,"turns":3},{"damage":5,"enemies":"Exordium Wildlife","floor":4,"turns":5},{"damage":10,"enemies":"Gremlin Gang","floor":7,"turns":6},{"damage":2,"enemies":"2 Fungi Beasts","floor":10,"turns":4},{"damage":5,"enemies":"Exordium Thugs","floor":13,"turns":5},{"damage":11,"enemies":"Red Slaver","floor":14,"turns":3},{"damage":56,"enemies":"Fading Forest","floor":16,"turns":11},{"damage":12,"enemies":"Shell Parasite","floor":18,"turns":4},{"damage":49,"enemies":"Spheric Guardian","floor":20,"turns":6},{"damage":8,"enemies":"Cultist and Chosen","floor":22,"turns":5},{"damage":3,"enemies":"Centurion and Healer","floor":25,"turns":6},{"damage":8,"enemies":"Chosen and Byrds","floor":27,"turns":4},{"damage":7,"enemies":"Snake Plant","floor":29,"turns":4},{"damage":75,"enemies":"conspire:MysteriousRune","floor":35,"turns":9}],"seed_played":"-7301755610809608522","potions_obtained":[{"floor":2,"key":"Elixir"},{"floor":3,"key":"SmokeBomb"},{"floor":10,"key":"BlessingOfTheForge"},{"floor":13,"key":"Swift Potion"},{"floor":18,"key":"hermit:BlackBile"},{"floor":20,"key":"conspire:TimeTravelPotion"},{"floor":27,"key":"Slimebound:ThreeZeroPotion"},{"floor":29,"key":"Fire Potion"}],"is_trial":false,"path_per_floor":["M","M","M","M","$","R","M","?","T","M","?","R","M","M","R","B",null,"M","$","M","?","M","R","?","M","T","M","R","M","PTL","PTL","R","?","R","B"],"character_chosen":"HERMIT","items_purchased":["ReplayTheSpireMod:CursedCoin","Golden Egg","hermit:Maintenance","hermit:Shortfuse+1","hermit:HighCaliber+1"],"campfire_rested":4,"item_purchase_floors":[5,5,5,19,19],"current_hp_per_floor":[72,72,72,67,67,67,57,57,57,55,55,55,50,39,61,5,75,63,63,14,14,6,28,28,25,25,17,39,32,32,32,54,54,75,0,0],"gold":186,"neow_bonus":"RANDOM_COMMON_RELIC","is_daily":false,"chose_seed":false,"campfire_upgraded":2,"win_rate":0.0,"timestamp":1609898831,"path_taken":["M","M","M","M","$","R","M","?","T","?","?","R","M","M","R","BOSS","M","$","M","?","?","R","?","M","T","M","R","M","PTL","PTL","R","?","R","BOSS"],"items_purchased_type":["Relic","Relic","Card","Card","Card"],"build_version":"2020-12-22","purchased_purges":0,"victory":false,"max_hp_per_floor":[75,75,75,75,75,75,75,75,75,75,75,75,75,75,75,75,75,75,75,75,75,75,75,75,75,75,75,75,75,75,75,75,75,75,75,75],"card_choices":[{"not_picked":["hermit:Feint","hermit:TakeAim"],"picked":"hermit:Showdown","floor":1},{"not_picked":["hermit:Coalescence","hermit:BodyArmor"],"picked":"hermit:Vantage","floor":2},{"not_picked":["hermit:LuckOfTheDraw","hermit:Ricochet"],"picked":"hermit:BodyArmor","floor":3},{"not_picked":["hermit:Headshot","hermit:HoleUp"],"picked":"hermit:Feint","floor":4},{"not_picked":["hermit:ItchyTrigger","hermit:BodyArmor"],"picked":"hermit:OverwhelmingPower","floor":7},{"not_picked":["hermit:LoneWolf","hermit:Snipe"],"picked":"hermit:CalledShot+1","floor":10},{"not_picked":["hermit:CalledShot+1","hermit:Showdown+1"],"picked":"hermit:WideOpen+1","floor":13},{"not_picked":["hermit:Gestalt","hermit:LoneWolf"],"picked":"hermit:WideOpen+1","floor":14},{"not_picked":["hermit:FromBeyond","hermit:DeadOrAlive+1"],"picked":"hermit:HighNoon","floor":16},{"not_picked":["hermit:WideOpen+1","hermit:Dive"],"picked":"hermit:CursedWeapon+1","floor":18},{"not_picked":["hermit:BodyArmor","hermit:LoneWolf+1"],"picked":"hermit:Grudge+1","floor":20},{"not_picked":["hermit:ShadowCloak+1","hermit:Adapt"],"picked":"hermit:Quickdraw+1","floor":22},{"not_picked":["hermit:BodyArmor","hermit:LoneWolf"],"picked":"hermit:LowProfile+1","floor":25},{"not_picked":["hermit:TrackingShot+1","hermit:BigShot"],"picked":"hermit:SprayPray+1","floor":25},{"not_picked":["hermit:Gestalt+1","hermit:TrackingShot+1"],"picked":"hermit:SprayPray+1","floor":27},{"not_picked":["hermit:ShadowCloak","hermit:Headshot+1"],"picked":"hermit:FlashPowder","floor":27},{"not_picked":["hermit:Glare+1","hermit:Cheat"],"picked":"hermit:HighCaliber+1","floor":29},{"not_picked":["hermit:LuckOfTheDraw","hermit:Cheat","hermit:DeadMansHand"],"picked":"SKIP","floor":29}],"player_experience":388298,"relics_obtained":[{"floor":9,"key":"Molten Egg 2"},{"floor":11,"key":"Ring of Fury"},{"floor":11,"key":"Ring of Fangs"},{"floor":26,"key":"White Beast Statue"}],"event_choices":[{"damage_healed":0,"gold_gain":0,"cards_transformed":["hermit:Defend_Hermit"],"player_choice":"Transformed","damage_taken":0,"max_hp_gain":0,"max_hp_loss":0,"event_name":"Transmorgrifier","floor":8,"gold_loss":0,"cards_obtained":["hermit:Midnight"]},{"damage_healed":0,"gold_gain":0,"player_choice":"Ignored","damage_taken":0,"max_hp_gain":0,"max_hp_loss":0,"event_name":"Purifier","floor":21,"gold_loss":0},{"damage_healed":0,"gold_gain":0,"player_choice":"Stole Relic","damage_taken":0,"relics_obtained":["Prayer Wheel"],"max_hp_gain":0,"max_hp_loss":0,"event_name":"Addict","floor":24,"gold_loss":0,"cards_obtained":["Shame"]},{"damage_healed":0,"gold_gain":0,"player_choice":"Ignored","damage_taken":0,"max_hp_gain":0,"max_hp_loss":0,"event_name":"Beggar","floor":33,"gold_loss":0}],"is_beta":false,"boss_relics":[{"not_picked":["Busted Crown","Velvet Choker"],"picked":"conspire:RunicOctahedron"}],"items_purged_floors":[],"is_endless":false,"potions_floor_spawned":[2,3,10,13,16,18,20,27,29],"killed_by":"conspire:MysteriousRune","ascension_level":0}}