{"host":"6b00v7211em4ihns","time":1609970256,"event":{"mods":["BaseMod","Bestiary","Better Match","Filter the Spire","Minty Spire (QoL Compilation)","Relic Stats","Spicy Shops","StSLib"],"gold_per_floor":[111,127,202,212,225,225,225],"floor_reached":6,"playtime":259,"items_purged":[],"score":76,"play_id":"71a8122a-37c8-43d2-b2d8-8a93c1ce956d","local_time":"20210106215736","is_ascension_mode":true,"campfire_choices":[],"circlet_count":0,"master_deck":["AscendersBane","Strike_G","Strike_G","Strike_G","Strike_G","Strike_G","Defend_G","Defend_G","Defend_G","Defend_G","Defend_G","Survivor","Neutralize","Poisoned Stab","Terror","Crippling Poison"],"relics":["WristBlade"],"acts_visited":["Exordium"],"potions_floor_usage":[6],"damage_taken":[{"damage":0,"enemies":"2 Louse","floor":1,"turns":3},{"damage":4,"enemies":"Small Slimes","floor":2,"turns":5},{"damage":7,"enemies":"Jaw Worm","floor":4,"turns":3},{"damage":5,"enemies":"Blue Slaver","floor":5,"turns":5},{"damage":36,"enemies":"Gremlin Nob","floor":6,"turns":3}],"seed_played":"5699206432495735850","potions_obtained":[{"floor":1,"key":"PowerPotion"},{"floor":5,"key":"Ancient Potion"}],"is_trial":false,"path_per_floor":["M","M","?","M","M","E"],"character_chosen":"THE_SILENT","items_purchased":[],"campfire_rested":0,"item_purchase_floors":[],"current_hp_per_floor":[59,55,44,37,32,0,0],"gold":225,"neow_bonus":"BOSS_RELIC","is_daily":false,"chose_seed":false,"campfire_upgraded":0,"win_rate":0.0,"timestamp":1609970256,"path_taken":["M","M","?","M","M","E"],"items_purchased_type":[],"build_version":"2020-12-22","purchased_purges":0,"victory":false,"max_hp_per_floor":[66,66,66,66,66,66,66],"relic_stats":{"counters":[5,19],"obtain_stats":[{"WristBlade":0,"Ring of the Snake":0},{"WristBlade":0,"Ring of the Snake":0},{"WristBlade":0,"Ring of the Snake":0}]},"card_choices":[{"not_picked":["Heel Hook","Dodge and Roll"],"picked":"Poisoned Stab","floor":1},{"not_picked":["Noxious Fumes","Poisoned Stab"],"picked":"Terror","floor":2},{"not_picked":["Backstab","Deflect"],"picked":"Crippling Poison","floor":4},{"not_picked":["Riddle With Holes","Dodge and Roll","Phantasmal Killer"],"picked":"SKIP","floor":5}],"player_experience":2481905,"relics_obtained":[],"event_choices":[{"damage_healed":0,"gold_gain":75,"player_choice":"Gather Gold","damage_taken":11,"max_hp_gain":0,"max_hp_loss":0,"event_name":"World of Goop","floor":3,"gold_loss":0}],"is_beta":false,"boss_relics":[],"items_purged_floors":[],"is_endless":false,"potions_floor_spawned":[1,5],"killed_by":"Gremlin Nob","ascension_level":20}}