{"host":"dmdprxj8bosbz96f","time":1609954544,"event":{"mods":["AchievementEnabler","BaseMod","Colored Map","DeckTracker","Minty Spire (QoL Compilation)","Quick Restart","SuperFastMode","everything is the same but u backflip on backflip"],"gold_per_floor":[113,288,288,288,313,313,329,365,365,365,365,51,51,66,66,185,185,199,124,144,39,62,62,62,87,87,87,87,53,69,19,19,19,19],"floor_reached":33,"playtime":1273,"items_purged":["Defend_G"],"score":416,"play_id":"9ad1bed0-cb94-459e-a510-1e8f95b34f58","local_time":"20210107023544","is_ascension_mode":true,"campfire_choices":[{"data":"Doppelganger","floor":6.0,"key":"SMITH"},{"floor":11.0,"key":"REST"},{"floor":15.0,"key":"REST"},{"floor":23.0,"key":"REST"},{"floor":28.0,"key":"REST"},{"floor":32.0,"key":"REST"}],"circlet_count":0,"master_deck":["Strike_G","Strike_G","Strike_G","Strike_G","Defend_G","Defend_G","Survivor","Neutralize","Doppelganger+1","Deadly Poison","Doubt","Well Laid Plans+1","Expertise","A Thousand Cuts+1","Regret","Cloak And Dagger","Malaise+1","Footwork+1","Deadly Poison+1","PiercingWail","Dagger Throw","Wraith Form v2+1","Prepared","Crippling Poison","Reflex+1","Eviscerate","Catalyst","Tactician","Burst","Deflect","Backflip"],"relics":["Ring of the Snake","Golden Idol","Frozen Egg 2","Ninja Scroll","Dream Catcher","Orichalcum","Empty Cage","Gambling Chip"],"acts_visited":["Exordium","TheCity"],"potions_floor_usage":[33],"damage_taken":[{"damage":0.0,"enemies":"Cultist","floor":1.0,"turns":5.0},{"damage":12.0,"enemies":"Small Slimes","floor":5.0,"turns":5.0},{"damage":0.0,"enemies":"Jaw Worm","floor":7.0,"turns":4.0},{"damage":27.0,"enemies":"Lagavulin","floor":8.0,"turns":8.0},{"damage":10.0,"enemies":"Looter","floor":14.0,"turns":3.0},{"damage":9.0,"enemies":"Hexaghost","floor":16.0,"turns":10.0},{"damage":3.0,"enemies":"Chosen","floor":18.0,"turns":7.0},{"damage":25.0,"enemies":"Spheric Guardian","floor":20.0,"turns":7.0},{"damage":8.0,"enemies":"3 Cultists","floor":22.0,"turns":7.0},{"damage":5.0,"enemies":"Gremlin Leader","floor":24.0,"turns":7.0},{"damage":20.0,"enemies":"Centurion and Healer","floor":25.0,"turns":10.0},{"damage":0.0,"enemies":"Book of Stabbing","floor":27.0,"turns":1.0},{"damage":7.0,"enemies":"Snecko","floor":30.0,"turns":6.0},{"damage":46,"enemies":"Champ","floor":33,"turns":13}],"seed_played":"2597788894056230879","potions_obtained":[{"floor":5.0,"key":"CultistPotion"},{"floor":7.0,"key":"Dexterity Potion"},{"floor":14.0,"key":"SkillPotion"},{"floor":22.0,"key":"SmokeBomb"},{"floor":30.0,"key":"Energy Potion"}],"is_trial":false,"path_per_floor":["M","?","?","T","M","R","M","E","T","?","R","$","?","M","R","B",null,"M","?","M","$","M","R","E","M","T","E","R","$","M","$","R","B"],"character_chosen":"THE_SILENT","items_purchased":["Malaise","Footwork+1","Deadly Poison","SmokeBomb","Tactician","Deflect"],"campfire_rested":5,"item_purchase_floors":[12,12,12,21,29,31],"current_hp_per_floor":[70,70,65,65,53,53,53,26,26,26,45,45,32,22,41,32,57,54,54,29,29,21,40,35,15,15,15,34,34,27,27,46,0,0],"gold":19,"neow_bonus":"ONE_RANDOM_RARE_CARD","is_daily":false,"chose_seed":false,"campfire_upgraded":1,"win_rate":0.0,"timestamp":1609954544,"path_taken":["M","?","?","?","M","R","M","E","T","?","R","$","?","M","R","BOSS","M","?","M","$","M","R","E","M","T","E","R","$","M","?","R","BOSS"],"items_purchased_type":["Card","Card","Card","Potion","Card","Card"],"build_version":"2020-12-22","purchased_purges":1,"victory":false,"max_hp_per_floor":[70,70,65,65,65,65,65,65,65,65,65,65,65,65,65,65,65,65,65,65,65,65,65,65,65,65,65,65,65,65,65,65,65,65],"card_choices":[{"not_picked":["Sucker Punch","Slice"],"picked":"Deadly Poison","floor":1.0},{"not_picked":["Caltrops+1","Outmaneuver"],"picked":"Well Laid Plans+1","floor":5.0},{"not_picked":["Cloak And Dagger","Concentrate"],"picked":"Expertise","floor":7.0},{"not_picked":["Concentrate","Escape Plan"],"picked":"A Thousand Cuts+1","floor":8.0},{"not_picked":["Setup","Flying Knee"],"picked":"Cloak And Dagger","floor":11.0},{"not_picked":["Poisoned Stab","Sucker Punch"],"picked":"PiercingWail","floor":14.0},{"not_picked":["Outmaneuver","Bane"],"picked":"Dagger Throw","floor":15.0},{"not_picked":["Grand Finale","Bullet Time"],"picked":"Wraith Form v2+1","floor":16.0},{"not_picked":["Dagger Throw","Sucker Punch"],"picked":"Prepared","floor":18.0},{"not_picked":["Poisoned Stab+1","Dagger Throw","Outmaneuver"],"picked":"SKIP","floor":20.0},{"not_picked":["Dagger Spray+1","All Out Attack+1"],"picked":"Crippling Poison","floor":22.0},{"not_picked":["Leg Sweep","Backflip"],"picked":"Reflex+1","floor":23.0},{"not_picked":["Underhanded Strike","Expertise+1"],"picked":"Eviscerate","floor":25.0},{"not_picked":["Riddle With Holes","PiercingWail"],"picked":"Catalyst","floor":28.0},{"not_picked":["Cloak And Dagger","Caltrops+1"],"picked":"Burst","floor":30.0},{"not_picked":["Prepared","Expertise+1"],"picked":"Backflip","floor":32.0}],"player_experience":168588,"relics_obtained":[{"floor":4.0,"key":"Frozen Egg 2"},{"floor":8.0,"key":"Ninja Scroll"},{"floor":9.0,"key":"Dream Catcher"},{"floor":26.0,"key":"Gambling Chip"}],"event_choices":[{"damage_healed":0.0,"max_hp_gain":0.0,"max_hp_loss":0.0,"gold_gain":175.0,"event_name":"Liars Game","player_choice":"AGREE","floor":2.0,"gold_loss":0.0,"damage_taken":0.0,"cards_obtained":["Doubt"]},{"damage_healed":0.0,"max_hp_gain":0.0,"max_hp_loss":5.0,"gold_gain":0.0,"event_name":"Golden Idol","player_choice":"Lose Max HP","floor":3.0,"gold_loss":0.0,"damage_taken":0.0,"relics_obtained":["Golden Idol"]},{"damage_healed":0.0,"max_hp_gain":0.0,"max_hp_loss":0.0,"gold_gain":0.0,"event_name":"Big Fish","player_choice":"Box","floor":10.0,"gold_loss":0.0,"damage_taken":0.0,"relics_obtained":["Orichalcum"],"cards_obtained":["Regret"]},{"damage_healed":0.0,"max_hp_gain":0.0,"max_hp_loss":0.0,"gold_gain":0.0,"event_name":"Shining Light","player_choice":"Entered Light","floor":13.0,"gold_loss":0.0,"damage_taken":13.0,"cards_upgraded":["Deadly Poison","Malaise"]},{"cards_removed":["Strike_G"],"damage_healed":0.0,"max_hp_gain":0.0,"max_hp_loss":0.0,"gold_gain":0.0,"event_name":"Beggar","player_choice":"Gave Gold","floor":19.0,"gold_loss":75.0,"damage_taken":0.0}],"is_beta":false,"boss_relics":[{"not_picked":["Velvet Choker","Fusion Hammer"],"picked":"Empty Cage"}],"items_purged_floors":[12],"is_endless":false,"potions_floor_spawned":[5,7,14,22,24,30],"killed_by":"Champ","ascension_level":5}}