{"host":"8z6cx8b9r5qs18cp","time":1609893475,"event":{"mods":["AchievementEnabler","Act Like it!","Bard","BaseMod","GifTheSpireLib","Googly Eyes","Hermit","Hubris","Infinite Spire","Marked Mod","Minty Spire (QoL Compilation)","Permanent Neow","Rare Cards Sparkle","Relic Stats","Replay The Spire","StSLib","Stuff the Spire","The Animator","The Bug Knight","The Cursed","The Necromancer","The Servant 0.9.4"],"gold_per_floor":[119,131,144,156,156,184,184,218,218,238,255,106,106,106,106,209,209,226,113,133,57,74,74,108,108,108,139,158,178,192,132,132,231,231,244,244,258,268,268,303,316,316,316,335,335,352,89,108,108,108,108],"floor_reached":50,"playtime":3085,"items_purged":[],"score":603,"play_id":"1ae855dc-3002-4e97-b910-f46742e1b8b8","local_time":"20210105183755","is_ascension_mode":false,"campfire_choices":[{"floor":13,"key":"REST"},{"floor":15,"key":"REST"},{"data":"Massacre","floor":23,"key":"SMITH"},{"data":"ReplayTheSpireMod:Limb From Limb","floor":25,"key":"SMITH"},{"floor":32,"key":"REST"},{"data":"Armaments","floor":42,"key":"SMITH"}],"circlet_count":0,"master_deck":["Strike_R","Strike_R","Strike_R","Strike_R","Strike_R","Defend_R","Defend_R","Defend_R","Defend_R","Bash","StuffTheSpire:Pyroclast","Uppercut","hubris:DuctTapeCard","Double Tap","Flex","Shrug It Off","Bludgeon","Pommel Strike","Massacre+1","Spot Weakness","Seeing Red","Reaper","Anger","StuffTheSpire:BrainWave","StuffTheSpire:Incineration+1","ReplayTheSpireMod:Limb From Limb+1","ReplayTheSpireMod:Limb From Limb+1","Flex","Massacre+1","Sword Boomerang","Flex","Double Tap","Rampage+1","Rampage+1","Twin Strike+1","StuffTheSpire:BrainWave","Twin Strike","Armaments+1","Sword Boomerang+1","Anger+1","Good Instincts+1","ReplayReversal","Shrug It Off+1"],"relics":["ChewingGum","hubris:Icosahedron","hubris:DuctTape","StuffTheSpire:Gunfinga","Question Card","Orrery","Art of War","Ring of Chaos","PreservedInsect","StuffTheSpire:Expresso","Orichalcum","Honey Jar","Vajra","infinitespire:FocusingShard"],"acts_visited":["Exordium","TheCity","TheBeyond"],"potions_floor_usage":[16,20,24,27,28,30,33,41,46,50,50],"damage_taken":[{"damage":1,"enemies":"2 Louse","floor":1,"turns":2},{"damage":0,"enemies":"Small Slimes","floor":2,"turns":2},{"damage":0,"enemies":"Cultist","floor":3,"turns":2},{"damage":9,"enemies":"2 Fungi Beasts","floor":4,"turns":2},{"damage":22,"enemies":"Gremlin Nob","floor":6,"turns":4},{"damage":6,"enemies":"3 Sentries","floor":8,"turns":6},{"damage":3,"enemies":"3 Louse","floor":10,"turns":2},{"damage":5,"enemies":"Looter","floor":11,"turns":2},{"damage":7,"enemies":"Fading Forest","floor":16,"turns":11},{"damage":7,"enemies":"2 Thieves","floor":18,"turns":3},{"damage":10,"enemies":"3 Byrds","floor":20,"turns":3},{"damage":29,"enemies":"Centurion and Healer","floor":22,"turns":3},{"damage":10,"enemies":"Slavers","floor":24,"turns":3},{"damage":15,"enemies":"Book of Stabbing","floor":27,"turns":3},{"damage":21,"enemies":"Snecko","floor":28,"turns":3},{"damage":5,"enemies":"Sentry and Sphere","floor":29,"turns":3},{"damage":0,"enemies":"Snake Plant","floor":30,"turns":1},{"damage":29,"enemies":"hubris:MusketHawk","floor":33,"turns":6},{"damage":9,"enemies":"Orb Walker","floor":35,"turns":2},{"damage":5,"enemies":"3 Darklings","floor":37,"turns":2},{"damage":17,"enemies":"Spire Growth","floor":38,"turns":3},{"damage":0,"enemies":"HollowMod:StalkingDevout","floor":40,"turns":4},{"damage":0,"enemies":"Jaw Worm Horde","floor":41,"turns":1},{"damage":45,"enemies":"4 Shapes","floor":44,"turns":4},{"damage":2,"enemies":"Transient","floor":46,"turns":5},{"damage":0,"enemies":"3 Darklings","floor":48,"turns":2},{"damage":95,"enemies":"Awakened One","floor":50,"turns":9}],"seed_played":"4528640598832546496","potions_obtained":[{"floor":3,"key":"SkillPotion"},{"floor":4,"key":"AttackPotion"},{"floor":6,"key":"Death Potion"},{"floor":20,"key":"SneckoOil"},{"floor":22,"key":"SkillPotion"},{"floor":24,"key":"ColorlessPotion"},{"floor":28,"key":"CultistPotion"},{"floor":30,"key":"ElixirPotion"},{"floor":38,"key":"Adrenaline Potion"},{"floor":40,"key":"Reflective Coating"},{"floor":44,"key":"Block Potion"},{"floor":46,"key":"LiquidBronze"}],"is_trial":false,"path_per_floor":["M","M","M","M","?","E","?","E","T","M","M","$","R","?","R","B",null,"M","?","M","?","M","R","E","R","T","E","M","M","M","?","R","B",null,"M","?","M","M","?","E","M","R","T","M","?","M","$","M","R","B"],"character_chosen":"IRONCLAD","items_purchased":["Orrery","FairyPotion","Good Instincts","ReplayReversal"],"campfire_rested":3,"item_purchase_floors":[12,47,47,47],"current_hp_per_floor":[79,79,79,70,70,48,48,42,42,39,34,34,58,25,49,42,80,73,73,63,63,51,51,55,55,55,40,28,23,23,23,47,25,80,71,71,66,49,49,61,61,61,61,30,30,37,37,37,58,0,0],"gold":108,"neow_bonus":"BOSS_RELIC","is_daily":false,"chose_seed":false,"campfire_upgraded":3,"win_rate":0.0,"timestamp":1609893475,"path_taken":["M","M","M","M","?","E","?","E","T","M","?","$","R","?","R","BOSS","M","?","M","?","M","R","E","R","T","E","?","M","M","?","R","BOSS","M","?","M","M","?","E","M","R","T","M","?","M","$","M","R","BOSS"],"items_purchased_type":["Relic","Potion","Card","Card"],"build_version":"2020-12-22","purchased_purges":0,"victory":false,"max_hp_per_floor":[80,80,80,80,80,80,80,80,80,80,80,80,80,80,80,80,80,80,80,80,80,80,80,80,80,80,80,80,80,80,80,80,80,80,80,80,80,80,72,72,72,72,72,72,72,72,72,72,72,72,72],"relic_stats":{"counters":[27,93],"PreservedInsect":138,"Art of War":[0],"Orichalcum":[60],"Question Card":31,"obtain_stats":[{"hubris:DuctTape":6,"StuffTheSpire:Expresso":24,"Vajra":40,"Ring of Chaos":17,"PreservedInsect":21,"infinitespire:FocusingShard":43,"Orichalcum":27,"Question Card":9,"Burning Blood":0,"StuffTheSpire:Gunfinga":8,"hubris:Icosahedron":5,"Orrery":12,"Honey Jar":34,"ChewingGum":0,"Art of War":14},{"hubris:DuctTape":5,"StuffTheSpire:Expresso":13,"Vajra":22,"Ring of Chaos":9,"PreservedInsect":11,"infinitespire:FocusingShard":23,"Orichalcum":14,"Question Card":6,"Burning Blood":0,"StuffTheSpire:Gunfinga":6,"hubris:Icosahedron":4,"Orrery":8,"Honey Jar":18,"ChewingGum":0,"Art of War":8},{"hubris:DuctTape":12,"StuffTheSpire:Expresso":45,"Vajra":72,"Ring of Chaos":33,"PreservedInsect":39,"infinitespire:FocusingShard":73,"Orichalcum":48,"Question Card":18,"Burning Blood":0,"StuffTheSpire:Gunfinga":18,"hubris:Icosahedron":8,"Orrery":22,"Honey Jar":61,"ChewingGum":0,"Art of War":22}]},"card_choices":[{"not_picked":["Sentinel","Body Slam"],"picked":"StuffTheSpire:Pyroclast","floor":1},{"not_picked":["Clothesline","StuffTheSpire:Slingshot"],"picked":"Thunderclap","floor":2},{"not_picked":["Flex","Run Through"],"picked":"Uppercut","floor":3},{"not_picked":["Flex","Ghostly Armor"],"picked":"ReplayTheSpireMod:LeadingStrike","floor":4},{"not_picked":["Pummel","StuffTheSpire:Incineration"],"picked":"Double Tap","floor":6},{"not_picked":["Twin Strike","Life Link"],"picked":"Sword Boomerang","floor":8},{"not_picked":["Searing Blow","Pommel Strike","Headbutt"],"picked":"Flex","floor":10},{"not_picked":["Intimidate","Sword Boomerang","Clash"],"picked":"Shrug It Off","floor":11},{"not_picked":["Flex","Second Wind","ReplayTheSpireMod:Limb From Limb"],"picked":"Bludgeon","floor":12},{"not_picked":["Headbutt","True Grit","StuffTheSpire:BloodClot"],"picked":"Pommel Strike","floor":12},{"not_picked":["Whirlwind","Shrug It Off","Headbutt"],"picked":"Massacre","floor":12},{"not_picked":["StuffTheSpire:BloodClot","Shockwave","Clothesline"],"picked":"Spot Weakness","floor":12},{"not_picked":["Second Wind","Demonic Infusion","Clothesline"],"picked":"Seeing Red","floor":12},{"not_picked":["Immolate","Feed","Berserk"],"picked":"Reaper","floor":16},{"not_picked":["StuffTheSpire:RockThrow+1","True Grit","Ghostly Armor"],"picked":"Anger","floor":18},{"not_picked":["Burning Pact","Thunderclap","ReplayTheSpireMod:Limb From Limb"],"picked":"StuffTheSpire:Incineration+1","floor":20},{"not_picked":["Perfected Strike","Combust","StuffTheSpire:Slingshot"],"picked":"ReplayTheSpireMod:Limb From Limb+1","floor":22},{"not_picked":["Heavy Blade","Brutality","Offering"],"picked":"ReplayTheSpireMod:Limb From Limb","floor":24},{"not_picked":["Defy Death","Evolve","ReplayTheSpireMod:Strike From Hell"],"picked":"Flex","floor":27},{"not_picked":["ReplayTheSpireMod:Corrosion Curse","Pummel","Entrench"],"picked":"Massacre","floor":28},{"not_picked":["Infernal Blade","Clothesline","Power Through"],"picked":"Sword Boomerang","floor":29},{"not_picked":["Flame Barrier","Shrug It Off","True Grit+1"],"picked":"Flex","floor":30},{"not_picked":["Barricade","Brutality","Demon Form"],"picked":"Double Tap","floor":33},{"not_picked":["Iron Wave","Run Through+1","Clothesline","Combust"],"picked":"Rampage+1","floor":35},{"not_picked":["Clash","hubris:CleavingFinish","Anger","Sever Soul"],"picked":"Rampage+1","floor":37},{"not_picked":["Havoc","Corruption","Heavy Blade","StuffTheSpire:Incineration+1"],"picked":"Twin Strike+1","floor":38},{"not_picked":["ReplayReversal+1","Sword Boomerang","Dropkick","hubris:ReadiedAction"],"picked":"Twin Strike","floor":40},{"not_picked":["Disarm","Pommel Strike+1","Twin Strike+1","Offering"],"picked":"Armaments","floor":41},{"not_picked":["Rupture","Battle Trance+1","Dropkick+1","Run Through"],"picked":"Sword Boomerang+1","floor":44},{"not_picked":["True Grit","Clothesline+1","Pommel Strike+1","Perfected Strike+1"],"picked":"Anger+1","floor":46},{"not_picked":["Searing Blow+1","Heavy Blade","Thunderclap","Sword Boomerang+1"],"picked":"Shrug It Off+1","floor":48}],"player_experience":227051,"relics_obtained":[{"floor":6,"key":"hubris:DuctTape"},{"floor":8,"key":"StuffTheSpire:Gunfinga"},{"floor":9,"key":"Question Card"},{"floor":24,"key":"StuffTheSpire:Expresso"},{"floor":27,"key":"Orichalcum"},{"floor":40,"key":"Vajra"},{"floor":43,"key":"infinitespire:FocusingShard"}],"event_choices":[{"damage_healed":0,"gold_gain":0,"player_choice":"Ignored","damage_taken":0,"max_hp_gain":0,"max_hp_loss":0,"event_name":"NoteForYourself","floor":7,"gold_loss":0},{"damage_healed":0,"gold_gain":0,"player_choice":"Success","damage_taken":33,"relics_obtained":["Art of War"],"max_hp_gain":0,"max_hp_loss":0,"event_name":"Scrap Ooze","floor":14,"gold_loss":0},{"damage_healed":0,"gold_gain":0,"player_choice":"Paid Gold","damage_taken":0,"relics_obtained":["PreservedInsect"],"max_hp_gain":0,"max_hp_loss":0,"event_name":"WeMeetAgain","floor":21,"gold_loss":76},{"cards_removed":["Sword Boomerang"],"damage_healed":0,"gold_gain":0,"player_choice":"Removed Attack","damage_taken":0,"max_hp_gain":0,"max_hp_loss":0,"event_name":"Falling","floor":36,"gold_loss":0}],"is_beta":false,"boss_relics":[{"not_picked":["StuffTheSpire:ModemDavis","Runic Cube"],"picked":"Ring of Chaos"},{"not_picked":["Runic Pyramid","Velvet Choker"],"picked":"Honey Jar"}],"items_purged_floors":[],"is_endless":false,"potions_floor_spawned":[3,4,6,10,20,22,24,28,30,38,40,44,46],"killed_by":"Awakened One","ascension_level":0}}