{"host":"dr5t8qsew5rvjx1s","time":1609937066,"event":{"mods":["BaseMod","Colored Powertips","Marked Mod","Mimic Mod","Minty Spire (QoL Compilation)","Replay The Spire","StSLib","The Marked"],"gold_per_floor":[113,113,137,155,170,204,204,25,25,66,79,79,79,95,95,220,220,244,244,244,262,262,262,262,262],"floor_reached":24,"playtime":833,"items_purged":[],"score":206,"play_id":"018b0005-fcf4-450d-8970-fe565c055929","local_time":"20210106134425","is_ascension_mode":false,"campfire_choices":[{"floor":7.0,"key":"REST"},{"floor":13.0,"key":"REST"},{"floor":15.0,"key":"RECALL"},{"data":"Redo","floor":23.0,"key":"SMITH"}],"circlet_count":0,"master_deck":["Strike_B+1","Strike_B","Strike_B","Strike_B+1","Defend_B","Defend_B","Defend_B","Defend_B","Zap","Dualcast","Sunder","Injury","Static Discharge","Sweeping Beam","Seek","Core Surge","Self Repair","Redo+1","Conserve Battery","Parasite","Ball Lightning","Core Surge","CurseOfTheBell","Conserve Battery+1","Writhe","Cold Snap"],"relics":["Cracked Core","Bloody Idol","The Courier","Whetstone","Lizard Tail","Emotion Chip","Calling Bell","Orichalcum","Mercury Hourglass","Calipers","Oddly Smooth Stone"],"acts_visited":[],"potions_floor_usage":[],"damage_taken":[{"damage":1.0,"enemies":"Jaw Worm","floor":1.0,"turns":3.0},{"damage":0.0,"enemies":"2 Louse","floor":3.0,"turns":1.0},{"damage":0.0,"enemies":"Small Slimes","floor":4.0,"turns":3.0},{"damage":14.0,"enemies":"2 Fungi Beasts","floor":5.0,"turns":3.0},{"damage":49.0,"enemies":"Lagavulin","floor":6.0,"turns":7.0},{"damage":27.0,"enemies":"3 Sentries","floor":10.0,"turns":5.0},{"damage":9.0,"enemies":"Blue Slaver","floor":11.0,"turns":3.0},{"damage":10.0,"enemies":"Exordium Thugs","floor":14.0,"turns":4.0},{"damage":25.0,"enemies":"Slime Boss","floor":16.0,"turns":6.0},{"damage":14.0,"enemies":"Spheric Guardian","floor":18.0,"turns":4.0},{"damage":20.0,"enemies":"2 Thieves","floor":21.0,"turns":4.0},{"damage":0,"enemies":"Slavers","floor":24,"turns":1}],"seed_played":"513167373638778645","potions_obtained":[{"floor":1.0,"key":"EssenceOfDarkness"},{"floor":5.0,"key":"PowerPotion"},{"floor":10.0,"key":"EssenceOfDarkness"},{"floor":16.0,"key":"PowerPotion"}],"is_trial":false,"path_per_floor":["M","?","M","M","M","E","R","$","T","E","M","?","R","M","R","B",null,"M","?","?","M","?","R","E"],"character_chosen":"DEFECT","items_purchased":["Self Repair","Whetstone"],"campfire_rested":2,"item_purchase_floors":[8,8],"current_hp_per_floor":[81,81,81,81,67,18,42,42,42,22,20,40,64,61,61,36,82,68,68,68,65,65,65,65,65],"gold":262,"neow_bonus":"TEN_PERCENT_HP_BONUS","is_daily":false,"chose_seed":false,"campfire_upgraded":1,"win_rate":0.0,"timestamp":1609937065,"path_taken":["M","?","M","M","M","E","R","$","T","E","M","?","R","M","R","BOSS","M","?","?","M","?","R","E"],"items_purchased_type":["Card","Relic"],"build_version":"2020-12-22","purchased_purges":0,"victory":false,"max_hp_per_floor":[82,82,82,82,82,82,82,82,82,82,82,82,82,82,82,82,82,82,82,82,82,82,82,82,82],"card_choices":[{"not_picked":["Genetic Algorithm","Fusion"],"picked":"Sunder","floor":1.0},{"not_picked":["Rebound","Ball Lightning"],"picked":"Static Discharge","floor":3.0},{"not_picked":["Force Field","Streamline"],"picked":"Sweeping Beam","floor":4.0},{"not_picked":["Turbo","Stack"],"picked":"Seek","floor":5.0},{"not_picked":["Cold Snap","Hologram"],"picked":"Core Surge","floor":6.0},{"not_picked":["Rebound","Gash"],"picked":"Redo","floor":10.0},{"not_picked":["Blizzard","Redo"],"picked":"Conserve Battery","floor":11.0},{"not_picked":["Reinforced Body","Sweeping Beam"],"picked":"Ball Lightning","floor":14.0},{"not_picked":["Reboot","All For One"],"picked":"Core Surge","floor":16.0},{"not_picked":["Redo","Hologram"],"picked":"Conserve Battery+1","floor":18.0},{"not_picked":["Undo","Reprogram"],"picked":"Cold Snap","floor":21.0}],"player_experience":544092,"relics_obtained":[{"floor":6.0,"key":"The Courier"},{"floor":9.0,"key":"Lizard Tail"},{"floor":10.0,"key":"Emotion Chip"},{"floor":17.0,"key":"Orichalcum"},{"floor":17.0,"key":"Mercury Hourglass"},{"floor":17.0,"key":"Calipers"}],"event_choices":[{"damage_healed":0.0,"max_hp_gain":0.0,"max_hp_loss":0.0,"gold_gain":0.0,"event_name":"Golden Idol","player_choice":"Take Wound","floor":2.0,"gold_loss":0.0,"damage_taken":0.0,"relics_obtained":["Golden Idol"],"cards_obtained":["Injury"]},{"damage_healed":20.0,"max_hp_gain":0.0,"max_hp_loss":0.0,"gold_gain":0.0,"event_name":"Mushrooms","player_choice":"Healed and dodged fight","floor":12.0,"gold_loss":0.0,"damage_taken":0.0,"cards_obtained":["Parasite"]},{"damage_healed":0.0,"max_hp_gain":0.0,"max_hp_loss":0.0,"gold_gain":0.0,"event_name":"Forgotten Altar","player_choice":"Gave Idol","floor":19.0,"relics_lost":["Golden Idol"],"gold_loss":0.0,"damage_taken":0.0,"relics_obtained":["Bloody Idol"]},{"damage_healed":0.0,"max_hp_gain":0.0,"max_hp_loss":0.0,"gold_gain":0.0,"event_name":"The Mausoleum","player_choice":"Opened","floor":20.0,"gold_loss":0.0,"damage_taken":0.0,"relics_obtained":["Oddly Smooth Stone"],"cards_obtained":["Writhe"]},{"damage_healed":0.0,"max_hp_gain":0.0,"max_hp_loss":0.0,"gold_gain":0.0,"event_name":"Ghosts","player_choice":"Ignored","floor":22.0,"gold_loss":0.0,"damage_taken":0.0}],"is_beta":false,"boss_relics":[{"not_picked":["Velvet Choker","Fusion Hammer"],"picked":"Calling Bell"}],"items_purged_floors":[],"is_endless":false,"potions_floor_spawned":[1,5,10,11,16],"killed_by":"Slavers","ascension_level":0}}