{"host":"erulnpr9qdnrfj6h","time":1609931979,"event":{"mods":["AchievementEnabler","BaseMod","Colored Map","Minty Spire (QoL Compilation)","Rare Cards Sparkle","SuperFastMode"],"gold_per_floor":[114,133,153,153,173,173,203,278,278,289,364,397,397,409,409,482,482,492,417,200,200,213,213,245,52,52,52,65,99,110,110,110],"floor_reached":31,"playtime":1446,"items_purged":[],"score":512,"play_id":"238b161c-2dba-4d7a-a206-f6f42fd849a5","local_time":"20210106201939","is_ascension_mode":true,"campfire_choices":[{"data":"Blade Dance","floor":6.0,"key":"SMITH"},{"data":"Noxious Fumes","floor":15.0,"key":"SMITH"},{"data":"Envenom","floor":23.0,"key":"SMITH"}],"circlet_count":0,"master_deck":["AscendersBane","Survivor","Neutralize+1","Dagger Throw+1","Backflip+1","Die Die Die+1","Prepared","Blade Dance+1","PiercingWail","Tactician","Noxious Fumes+1","Reflex","Burst+1","Envenom+1","Venomology","Phantasmal Killer","Blade Dance","Tools of the Trade","Unload","Bane","Infinite Blades","Cloak And Dagger","Prepared+1","Cloak And Dagger","Infinite Blades","Cloak And Dagger","Noxious Fumes+1","Blade Dance"],"relics":["Astrolabe","Snake Skull","Eternal Feather","TungstenRod","Pandora\u0027s Box","Juzu Bracelet","Potion Belt","Sling","Pantograph","Bag of Preparation"],"acts_visited":["Exordium","TheCity"],"potions_floor_usage":[29,30],"damage_taken":[{"damage":0.0,"enemies":"Jaw Worm","floor":1.0,"turns":4.0},{"damage":0.0,"enemies":"Small Slimes","floor":2.0,"turns":1.0},{"damage":1.0,"enemies":"Cultist","floor":3.0,"turns":3.0},{"damage":0.0,"enemies":"2 Fungi Beasts","floor":5.0,"turns":2.0},{"damage":10.0,"enemies":"3 Sentries","floor":7.0,"turns":10.0},{"damage":0.0,"enemies":"Blue Slaver","floor":10.0,"turns":3.0},{"damage":0.0,"enemies":"Lagavulin","floor":12.0,"turns":4.0},{"damage":0.0,"enemies":"3 Louse","floor":14.0,"turns":1.0},{"damage":11.0,"enemies":"The Guardian","floor":16.0,"turns":9.0},{"damage":16.0,"enemies":"Spheric Guardian","floor":18.0,"turns":4.0},{"damage":0.0,"enemies":"Chosen","floor":22.0,"turns":4.0},{"damage":38.0,"enemies":"Slavers","floor":24.0,"turns":6.0},{"damage":20.0,"enemies":"Shelled Parasite and Fungi","floor":28.0,"turns":4.0},{"damage":10,"enemies":"Gremlin Leader","floor":29,"turns":5},{"damage":5,"enemies":"3 Cultists","floor":30,"turns":5}],"seed_played":"1287287588549491554","potions_obtained":[{"floor":5.0,"key":"EssenceOfSteel"},{"floor":7.0,"key":"FearPotion"},{"floor":12.0,"key":"AttackPotion"},{"floor":16.0,"key":"SkillPotion"},{"floor":29,"key":"BlessingOfTheForge"}],"is_trial":false,"path_per_floor":["M","M","M","?","M","R","E","?","T","M","?","E","?","M","R","B",null,"M","?","$","?","M","R","E","$","T","?","M","E","M","?"],"character_chosen":"THE_SILENT","items_purchased":["Juzu Bracelet","Infinite Blades","Infinite Blades","Sling"],"campfire_rested":0,"item_purchase_floors":[20,20,25,25],"current_hp_per_floor":[63,63,62,48,48,48,38,31,31,31,20,20,43,43,52,41,63,47,47,47,47,47,59,21,21,21,21,1,16,11,0,0],"gold":110,"neow_bonus":"BOSS_RELIC","is_daily":false,"chose_seed":false,"campfire_upgraded":3,"win_rate":0.0,"timestamp":1609931979,"path_taken":["M","M","M","?","M","R","E","?","T","?","?","E","?","M","R","BOSS","M","?","$","?","M","R","E","?","T","?","M","E","M","?"],"items_purchased_type":["Relic","Card","Card","Relic"],"build_version":"2020-12-22","purchased_purges":0,"victory":false,"max_hp_per_floor":[70,70,70,70,70,70,70,70,70,70,70,70,70,70,70,70,70,70,70,70,70,70,70,70,70,70,70,70,70,70,70,70],"card_choices":[{"not_picked":["Underhanded Strike","Backflip"],"picked":"Prepared","floor":1.0},{"not_picked":["Skewer","All Out Attack"],"picked":"Blade Dance","floor":2.0},{"not_picked":["Slice","Caltrops"],"picked":"PiercingWail","floor":3.0},{"not_picked":["Dodge and Roll","Dagger Spray"],"picked":"Tactician","floor":5.0},{"not_picked":["Endless Agony","Riddle With Holes","Slice"],"picked":"SKIP","floor":7.0},{"not_picked":["Terror","Heel Hook"],"picked":"Noxious Fumes","floor":10.0},{"not_picked":["Choke","Blur"],"picked":"Reflex","floor":12.0},{"not_picked":["Deflect","Endless Agony","Flying Knee"],"picked":"SKIP","floor":14.0},{"not_picked":["Phantasmal Killer","Unload"],"picked":"Burst","floor":16.0},{"not_picked":["Skewer","Slice"],"picked":"Bane","floor":18.0},{"not_picked":["Concentrate","Skewer"],"picked":"Prepared+1","floor":22.0},{"not_picked":["Choke","Outmaneuver"],"picked":"Cloak And Dagger","floor":24.0},{"not_picked":["Flying Knee","Bane"],"picked":"Cloak And Dagger","floor":28.0},{"not_picked":["Concentrate","Poisoned Stab"],"picked":"Noxious Fumes+1","floor":29},{"not_picked":["Phantasmal Killer","Bane"],"picked":"Blade Dance","floor":30}],"player_experience":193258,"relics_obtained":[{"floor":7.0,"key":"Snake Skull"},{"floor":9.0,"key":"Eternal Feather"},{"floor":12.0,"key":"TungstenRod"},{"floor":24.0,"key":"Potion Belt"},{"floor":26.0,"key":"Pantograph"},{"floor":29,"key":"Bag of Preparation"}],"event_choices":[{"damage_healed":0.0,"max_hp_gain":0.0,"max_hp_loss":0.0,"gold_gain":0.0,"event_name":"Shining Light","player_choice":"Entered Light","floor":4.0,"gold_loss":0.0,"damage_taken":14.0,"cards_upgraded":["Neutralize","Defend_G"]},{"damage_healed":0.0,"max_hp_gain":0.0,"max_hp_loss":0.0,"gold_gain":75.0,"event_name":"FaceTrader","player_choice":"Touch","floor":8.0,"gold_loss":0.0,"damage_taken":7.0},{"damage_healed":0.0,"max_hp_gain":0.0,"max_hp_loss":0.0,"gold_gain":75.0,"event_name":"World of Goop","player_choice":"Gather Gold","floor":11.0,"gold_loss":0.0,"damage_taken":11.0},{"damage_healed":23.0,"max_hp_gain":0.0,"max_hp_loss":0.0,"gold_gain":0.0,"event_name":"Big Fish","player_choice":"Banana","floor":13.0,"gold_loss":0.0,"damage_taken":0.0},{"cards_removed":["Dodge and Roll"],"damage_healed":0.0,"max_hp_gain":0.0,"max_hp_loss":0.0,"gold_gain":0.0,"event_name":"Beggar","player_choice":"Gave Gold","floor":19.0,"gold_loss":75.0,"damage_taken":0.0},{"damage_healed":0.0,"max_hp_gain":0.0,"max_hp_loss":0.0,"gold_gain":0.0,"event_name":"The Library","player_choice":"Read","floor":21.0,"gold_loss":0.0,"damage_taken":0.0,"cards_obtained":["Cloak And Dagger"]},{"damage_healed":0.0,"max_hp_gain":0.0,"max_hp_loss":0.0,"gold_gain":0.0,"event_name":"Upgrade Shrine","player_choice":"Upgraded","floor":27.0,"gold_loss":0.0,"damage_taken":0.0,"cards_upgraded":["Burst"]}],"is_beta":false,"boss_relics":[{"not_picked":["Tiny House","Fusion Hammer"],"picked":"Pandora\u0027s Box"}],"items_purged_floors":[],"is_endless":false,"potions_floor_spawned":[5,7,12,16,18,29],"ascension_level":13}}