{"host":"hca6liskeo7s99fa","time":1609974248,"event":{"mods":["BaseMod","Downfall","Hermit","Minty Spire (QoL Compilation)","Replay The Spire","StSLib","The Cursed","The Dragon Tamer","The Servant 0.9.4"],"gold_per_floor":[114,114,127,127,140,167,20,20,47,65,65,65,75,75,75,150,150,150,150],"floor_reached":18,"playtime":1295,"items_purged":[],"score":110,"play_id":"e21f8e9b-c8fd-44b7-8bb9-9f27a52c00fc","local_time":"20210106180408","is_ascension_mode":false,"campfire_choices":[{"data":"hermit:Reprieve","floor":8,"key":"SMITH"},{"data":"hermit:Coalescence","floor":15,"key":"SMITH"},{"floor":17,"key":"REST"}],"circlet_count":0,"master_deck":["hermit:Strike_Hermit","hermit:Strike_Hermit","hermit:Strike_Hermit","hermit:Defend_Hermit","hermit:Defend_Hermit","hermit:Defend_Hermit","hermit:Defend_Hermit","hermit:Snapshot","hermit:Coalescence+1","hermit:Coalescence","hermit:Reprieve+1","hermit:Ricochet","hermit:LuckOfTheDraw","Injury"],"relics":["hermit:Momento","Calipers","Centennial Puzzle","Toolbox","ReplayFunnel","Golden Idol"],"acts_visited":["Exordium"],"potions_floor_usage":[10,10],"damage_taken":[{"damage":1,"enemies":"Jaw Worm","floor":1,"turns":3},{"damage":0,"enemies":"Cultist","floor":3,"turns":4},{"damage":6,"enemies":"2 Louse","floor":5,"turns":3},{"damage":35,"enemies":"3 Sentries","floor":6,"turns":16},{"damage":0,"enemies":"Looter","floor":10,"turns":3},{"damage":0,"enemies":"3 Louse","floor":13,"turns":1},{"damage":75,"enemies":"Fading Forest","floor":18,"turns":10}],"seed_played":"3104662809299779999","potions_obtained":[{"floor":5,"key":"FearPotion"},{"floor":6,"key":"PowerPotion"}],"is_trial":false,"path_per_floor":["M","?","M","?","M","E","$","R","T","M","PTL","PTL","M","?","R","?","R","B"],"character_chosen":"HERMIT","items_purchased":["Toolbox"],"campfire_rested":1,"item_purchase_floors":[7],"current_hp_per_floor":[67,67,67,67,61,26,26,26,26,30,30,30,34,34,34,23,43,0,0],"gold":150,"neow_bonus":"ONE_RARE_RELIC","is_daily":false,"chose_seed":false,"campfire_upgraded":2,"win_rate":0.0,"timestamp":1609974248,"path_taken":["M","?","?","?","M","E","$","R","T","M","PTL","PTL","?","?","R","?","R","BOSS"],"items_purchased_type":["Relic"],"build_version":"2020-12-22","purchased_purges":0,"victory":false,"max_hp_per_floor":[68,68,68,68,68,68,68,68,68,68,68,68,68,68,68,68,68,68,68],"card_choices":[{"not_picked":["hermit:Cheat","hermit:FlashPowder"],"picked":"hermit:Coalescence","floor":1},{"not_picked":["hermit:HoleUp","hermit:Roulette"],"picked":"hermit:Coalescence","floor":3},{"not_picked":["hermit:Quickdraw","hermit:Desperado","hermit:EyeOfTheStorm"],"picked":"SKIP","floor":5},{"not_picked":["hermit:BodyArmor","hermit:Combo"],"picked":"hermit:Reprieve","floor":6},{"not_picked":["hermit:ItchyTrigger","hermit:Desperado"],"picked":"hermit:Ricochet","floor":10},{"not_picked":["hermit:FlashPowder","hermit:Spite"],"picked":"hermit:LuckOfTheDraw","floor":13}],"player_experience":238496,"relics_obtained":[{"floor":6,"key":"Centennial Puzzle"},{"floor":9,"key":"ReplayFunnel"}],"event_choices":[{"cards_removed":["hermit:Covet"],"damage_healed":0,"gold_gain":0,"player_choice":"Offered Basic","damage_taken":0,"max_hp_gain":0,"max_hp_loss":0,"event_name":"Bonfire Elementals","floor":2,"gold_loss":0},{"cards_removed":["hermit:Strike_Hermit"],"damage_healed":0,"gold_gain":0,"player_choice":"Purged","damage_taken":0,"max_hp_gain":0,"max_hp_loss":0,"event_name":"Purifier","floor":4,"gold_loss":0},{"damage_healed":0,"gold_gain":0,"player_choice":"Take Wound","damage_taken":0,"relics_obtained":["Golden Idol"],"max_hp_gain":0,"max_hp_loss":0,"event_name":"Golden Idol","floor":14,"gold_loss":0,"cards_obtained":["Injury"]},{"damage_healed":0,"gold_gain":75,"player_choice":"Gather Gold","damage_taken":11,"max_hp_gain":0,"max_hp_loss":0,"event_name":"World of Goop","floor":16,"gold_loss":0}],"is_beta":false,"boss_relics":[],"items_purged_floors":[],"is_endless":false,"potions_floor_spawned":[5,6],"killed_by":"Fading Forest","ascension_level":0}}