{"host":"9tch52zpouts7b2p","time":1609910419,"event":{"mods":["BaseMod","Colored Map","Minty Spire (QoL Compilation)","StSLib","UnlockEverythingMod"],"gold_per_floor":[117,192,162,17,37,67,67,85,85,85,85,102,102,102,102,102,102],"floor_reached":16,"playtime":466,"items_purged":[],"score":141,"play_id":"30a2ed28-a301-4925-abc9-3edc4835a9d8","local_time":"20210106132019","is_ascension_mode":true,"campfire_choices":[{"data":"Dualcast","floor":7,"key":"SMITH"},{"data":"Zap","floor":10,"key":"SMITH"},{"floor":15,"key":"REST"}],"circlet_count":0,"master_deck":["Strike_B","Strike_B","Defend_B","Defend_B","Defend_B","Defend_B","Zap+1","Dualcast+1","Melter","Self Repair","Seek","Hologram","Aggregate","Heatsinks","Genetic Algorithm","Blizzard"],"relics":["Cracked Core","NeowsBlessing","Kunai","Bronze Scales","Anchor"],"acts_visited":["Exordium"],"potions_floor_usage":[8,8],"damage_taken":[{"damage":0,"enemies":"Jaw Worm","floor":1,"turns":1},{"damage":0,"enemies":"Cultist","floor":5,"turns":1},{"damage":0,"enemies":"Gremlin Nob","floor":6,"turns":1},{"damage":5,"enemies":"Small Slimes","floor":8,"turns":2},{"damage":0,"enemies":"Looter","floor":12,"turns":2},{"damage":73,"enemies":"Slime Boss","floor":16,"turns":9}],"seed_played":"-5473865050441015200","potions_obtained":[{"floor":3,"key":"EntropicBrew"},{"floor":3,"key":"SteroidPotion"},{"floor":5,"key":"FearPotion"},{"floor":6,"key":"AttackPotion"}],"is_trial":false,"path_per_floor":["M","?","?","$","M","E","R","M","T","R","?","M","?","?","R","B"],"character_chosen":"DEFECT","items_purchased":["Self Repair","Seek"],"campfire_rested":1,"item_purchase_floors":[4,4],"current_hp_per_floor":[75,64,64,64,64,64,64,66,66,66,54,54,54,47,69,0,0],"gold":102,"neow_bonus":"THREE_ENEMY_KILL","is_daily":false,"chose_seed":false,"campfire_upgraded":2,"win_rate":0.0,"timestamp":1609910419,"path_taken":["M","?","?","$","?","E","R","M","T","R","?","M","?","?","R","BOSS"],"items_purchased_type":["Card","Card"],"build_version":"2020-12-22","purchased_purges":0,"victory":false,"max_hp_per_floor":[75,75,75,75,75,75,75,75,75,75,75,75,75,75,75,75,75],"card_choices":[{"not_picked":["Sweeping Beam","Chaos"],"picked":"Melter","floor":1},{"not_picked":["Ball Lightning","Cold Snap"],"picked":"Hologram","floor":5},{"not_picked":["Sweeping Beam","Coolheaded"],"picked":"Aggregate","floor":6},{"not_picked":["Redo","Hologram"],"picked":"Heatsinks","floor":8},{"not_picked":["Ball Lightning","Go for the Eyes"],"picked":"Genetic Algorithm","floor":12}],"player_experience":133740,"relics_obtained":[{"floor":6,"key":"Kunai"},{"floor":9,"key":"Bronze Scales"}],"event_choices":[{"damage_healed":0,"gold_gain":75,"player_choice":"Gather Gold","damage_taken":11,"max_hp_gain":0,"max_hp_loss":0,"event_name":"World of Goop","floor":2,"gold_loss":0},{"damage_healed":0,"gold_gain":0,"player_choice":"Bought 2 Potions","damage_taken":0,"max_hp_gain":0,"max_hp_loss":0,"event_name":"The Woman in Blue","floor":3,"gold_loss":0},{"damage_healed":0,"gold_gain":0,"player_choice":"Success","damage_taken":12,"relics_obtained":["Anchor"],"max_hp_gain":0,"max_hp_loss":0,"event_name":"Scrap Ooze","floor":11,"gold_loss":0},{"damage_healed":0,"gold_gain":0,"cards_transformed":["Strike_B"],"player_choice":"Change","damage_taken":0,"max_hp_gain":0,"max_hp_loss":0,"event_name":"Living Wall","floor":13,"gold_loss":0,"cards_obtained":["Blizzard"]},{"cards_removed":["Strike_B"],"damage_healed":0,"gold_gain":0,"player_choice":"Card Removal","damage_taken":7,"max_hp_gain":0,"max_hp_loss":0,"event_name":"Golden Wing","floor":14,"gold_loss":0}],"is_beta":false,"boss_relics":[],"items_purged_floors":[],"is_endless":false,"potions_floor_spawned":[5,6],"killed_by":"Slime Boss","ascension_level":3}}