{"host":"7j6ek9w7ngyhcdhb","time":1609929932,"event":{"mods":["AchievementEnabler","BaseMod","Infinite Spire","Minty Spire (QoL Compilation)","Replay The Spire","StSLib"],"gold_per_floor":[115,130,130,205,35,67,95,95,95,121,150,203,215,245,245,350,350,365,365,382,231,231,231,265,299,299,334,360,360,374,393,393,494,494,514,564,530,281,281,308,308,335,335,335,363,391,423,452,536,634,634,639,643,655,326,326,358,363,363,416,422,434,423,220,227,227,273,273,239,239],"floor_reached":69,"playtime":7662,"items_purged":["Chill"],"score":1720,"play_id":"8ce35c40-fc70-466f-b3d8-bcc1e744905b","local_time":"20210106214532","daily_mods":["Draft","Heirloom","Flight","DeadlyEvents","Elite Swarm","Terminal"],"is_ascension_mode":false,"campfire_choices":[{"floor":8,"key":"REST"},{"data":"White Noise","floor":15,"key":"SMITH"},{"floor":23,"key":"REST"},{"data":"ReplayTheSpireMod:??????????????????????","floor":32,"key":"SMITH"},{"data":"Loop","floor":41,"key":"SMITH"},{"floor":66,"key":"DIG"}],"circlet_count":0,"master_deck":["Loop+1","White Noise+1","Conserve Battery","Turbo","Barrage","Time Bomb","Beam Cell","Conserve Battery","Coolheaded","Conserve Battery","Scrape","Sunder","Compile Driver","Chill","Compile Driver","Go for the Eyes","Redo","FIFO Queue","Lockon","Go for the Eyes","Auto Shields","Self Repair","All For One","Amplify","Multi-Cast","Defragment+1","Self Repair+1","Buffer+1","Echo Form+1","Shame","Zap","Mirror Shield","Discovery","ReplayTheSpireMod:??????????????????????+1","Go for the Eyes+1","Skim","Chill+1","Tempest","Rainbow","infinitespire:Menacing","Core Surge+1","Thunder Strike+1","Machine Learning+1","Rebound+1","Turbo","Heatsinks+1","Compile Driver+1","ReplayRNGCard","Blizzard+1","FTL+1","Barrage+1","Static Discharge+1","Defragment+1","ReplayRNGCard","Seek","Amplify","Machine Learning+1","Electrodynamics+1","Biased Cognition+1","Amplify","BasicCrystalCard","Recycle","Ball Lightning+1","Coolheaded","Rainbow","Metamorphosis+1","Storm+1","Electrodynamics+1","Echo Form+1","Biased Cognition+1","Machine Learning+1","Buffer+1","Loop+1","Pot Of Greed","Pot Of Greed","Pot Of Greed","Pot Of Greed","Pot Of Greed","Pot Of Greed","Pot Of Greed","Creative AI+1","Meteor Strike+1"],"relics":["Cracked Core","infinitespire:Golems Mask","infinitespire:Broken Mirror","Orrery","Geode","infinitespire:SolderingIron","Frozen Egg 2","Prayer Wheel","Molten Egg 2","Replay:Mystery Machine","ReplayTheSpireMod:TigerMarble","Torii","ReplayTheSpireMod:SealedPack","Raider\u0027s Mask","Darkstone Periapt","infinitespire:Magic Flask","Divine Protection","Singing Bowl","Lantern","Ice Cream","ChewingGum","Replay:Multitool","Membership Card","Akabeko","infinitespire:Midas Blood","Nuclear Battery","Blue Candle","Cables","Blue Doll","Unceasing Top","Anchor","Gambling Chip","Snecko Heart","Orichalcum","Tiny Chest","ClockworkSouvenir","Gremlin Food","Chameleon Ring","Golden Egg","Pocketwatch","Regal Pillow","StrikeDummy","infinitespire:CheckeredPen","Shovel","Runic Capacitor","Boot","Grinning Jar","Pen Nib","Honey Jar"],"acts_visited":["Exordium","TheCity","TheBeyond","Exordium","TheCity"],"potions_floor_usage":[16,16,16,31,63,63],"damage_taken":[{"damage":0,"enemies":"Cultist","floor":1,"turns":3},{"damage":0,"enemies":"Small Slimes","floor":2,"turns":2},{"damage":0,"enemies":"3 Sentries","floor":6,"turns":4},{"damage":14,"enemies":"Gremlin Nob","floor":7,"turns":4},{"damage":0,"enemies":"3 Sentries","floor":10,"turns":6},{"damage":8,"enemies":"Gremlin Nob","floor":11,"turns":4},{"damage":0,"enemies":"2 Louse","floor":13,"turns":2},{"damage":2,"enemies":"3 Sentries","floor":14,"turns":5},{"damage":2,"enemies":"Hexaghost","floor":16,"turns":8},{"damage":1,"enemies":"Chosen","floor":18,"turns":4},{"damage":7,"enemies":"Shell Parasite","floor":20,"turns":4},{"damage":18,"enemies":"Gremlin Leader","floor":24,"turns":5},{"damage":0,"enemies":"Nightmare","floor":25,"turns":8},{"damage":0,"enemies":"Gremlin Leader","floor":27,"turns":5},{"damage":0,"enemies":"Book of Stabbing","floor":28,"turns":5},{"damage":0,"enemies":"Centurion and Healer","floor":30,"turns":1},{"damage":0,"enemies":"Snake Plant","floor":31,"turns":3},{"damage":0,"enemies":"Collector","floor":33,"turns":9},{"damage":4,"enemies":"3 Shapes","floor":35,"turns":4},{"damage":0,"enemies":"Mind Bloom Boss Battle","floor":36,"turns":5},{"damage":0,"enemies":"Nightmare","floor":40,"turns":1},{"damage":9,"enemies":"Reptomancer","floor":42,"turns":5},{"damage":0,"enemies":"Nemesis","floor":45,"turns":5},{"damage":0,"enemies":"Giant Head","floor":46,"turns":4},{"damage":2,"enemies":"Reptomancer","floor":47,"turns":4},{"damage":0,"enemies":"Giant Head","floor":48,"turns":6},{"damage":0,"enemies":"Replay:Hell Engine","floor":50,"turns":8},{"damage":0,"enemies":"2 Louse","floor":52,"turns":2},{"damage":0,"enemies":"Small Slimes","floor":53,"turns":2},{"damage":0,"enemies":"3 Sentries","floor":54,"turns":3},{"damage":0,"enemies":"Gremlin Nob","floor":57,"turns":1},{"damage":0,"enemies":"3 Sentries","floor":58,"turns":2},{"damage":0,"enemies":"Replay:BlueRogue","floor":61,"turns":3},{"damage":0,"enemies":"Gremlin Nob","floor":62,"turns":2},{"damage":27,"enemies":"Nightmare","floor":63,"turns":5},{"damage":0,"enemies":"3 Sentries","floor":65,"turns":2},{"damage":0,"enemies":"Fading Forest","floor":67,"turns":5},{"damage":13,"enemies":"2 Thieves","floor":69,"turns":1}],"seed_played":"1579901859118115041","potions_obtained":[{"floor":1,"key":"Explosive Potion"},{"floor":6,"key":"FocusPotion"},{"floor":11,"key":"SpeedPotion"},{"floor":13,"key":"EssenceOfSteel"},{"floor":24,"key":"Swift Potion"},{"floor":25,"key":"BlessingOfTheForge"},{"floor":31,"key":"FairyPotion"},{"floor":33,"key":"Fire Potion"},{"floor":48,"key":"infinitespire:BlackPotion"},{"floor":63,"key":"PotionOfCapacity"},{"floor":67,"key":"Strength Potion"}],"is_trial":true,"path_per_floor":["M","M","?","?","$","E","E","R","T","E","E","T","M","E","R","B",null,"M","?","M","$","?","R","E","NM","T","E","E","AVR","M","M","R","B",null,"M","?","$","$","AVR","NM","R","E","T","?","E","E","E","E","R","B",null,"M","M","E","$","AVR","E","E","?","T","E","E","NM","$","E","R","B",null,"M"],"character_chosen":"DEFECT","items_purchased":["Redo","Orrery","Raider\u0027s Mask","Static Discharge+1","Membership Card","Defragment+1","Akabeko","Metamorphosis+1","Storm+1","Tiny Chest","ClockworkSouvenir","Gremlin Food","Runic Capacitor","Loop+1","Boot"],"campfire_rested":2,"item_purchase_floors":[5,5,21,37,38,38,38,55,55,55,55,55,64,64,64],"current_hp_per_floor":[73,72,60,53,53,60,53,66,65,64,56,56,56,60,59,57,57,56,55,54,53,45,56,45,54,53,52,51,50,49,48,47,46,45,41,43,42,41,40,39,38,29,29,29,34,33,32,31,30,29,28,27,26,25,24,23,22,21,20,19,18,17,7,7,14,13,12,11,0,0],"gold":239,"neow_bonus":"","is_daily":false,"chose_seed":false,"campfire_upgraded":3,"win_rate":0.0,"timestamp":1609929932,"path_taken":["M","?","?","?","$","E","E","R","T","E","?","?","?","E","R","BOSS","M","?","?","$","?","R","E","NM","T","E","E","AVR","?","?","R","BOSS","M","?","$","$","AVR","NM","R","E","T","?","E","E","E","E","R","BOSS","M","?","?","$","AVR","E","E","?","T","E","?","NM","$","?","R","BOSS","M"],"items_purchased_type":["Card","Relic","Relic","Card","Relic","Card","Relic","Card","Card","Relic","Relic","Relic","Relic","Card","Relic"],"build_version":"2020-12-22","purchased_purges":1,"victory":false,"max_hp_per_floor":[73,72,71,70,69,68,67,66,65,64,63,62,61,60,59,58,57,56,55,54,53,57,56,55,54,53,52,51,50,49,48,47,46,45,44,43,42,41,40,39,38,37,36,35,34,33,32,31,30,29,28,27,26,25,24,23,22,21,20,19,18,17,16,15,14,13,12,11,11,11],"card_choices":[{"not_picked":["Streamline","Steam"],"picked":"Loop","floor":0},{"not_picked":["Conserve Battery","Turbo"],"picked":"White Noise","floor":0},{"not_picked":["ReplayGash","Hologram"],"picked":"Conserve Battery","floor":0},{"not_picked":["Gash","Self Repair"],"picked":"Turbo","floor":0},{"not_picked":["Cold Snap","Coolheaded"],"picked":"Barrage","floor":0},{"not_picked":["Leap","Panic Button"],"picked":"Time Bomb","floor":0},{"not_picked":["Ball Lightning","Cold Snap"],"picked":"Beam Cell","floor":0},{"not_picked":["Undo","Ball Lightning"],"picked":"Chill","floor":0},{"not_picked":["Panic Button","ReplaySolidLightProjector"],"picked":"Conserve Battery","floor":0},{"not_picked":["Beam Cell","ReplayTheSpireMod:GoodbyeWorld"],"picked":"Coolheaded","floor":0},{"not_picked":["BasicCrystalCard","Coolheaded"],"picked":"Conserve Battery","floor":0},{"not_picked":["Darkness","Beam Cell"],"picked":"Scrape","floor":0},{"not_picked":["Reprogram","Consume"],"picked":"Sunder","floor":0},{"not_picked":["Hologram","Reinforced Body"],"picked":"Compile Driver","floor":0},{"not_picked":["Defragment","Panic Button"],"picked":"Chill","floor":0},{"not_picked":["Rip and Tear","Cold Snap"],"picked":"Compile Driver","floor":1},{"not_picked":["Chill","Leap"],"picked":"Go for the Eyes","floor":2},{"not_picked":["Reprogram","Loop"],"picked":"FIFO Queue","floor":5},{"not_picked":["Meteor Strike","Stack"],"picked":"Lockon","floor":5},{"not_picked":["BasicCrystalCard","Gash"],"picked":"Go for the Eyes","floor":5},{"not_picked":["Gash","Steam"],"picked":"Auto Shields","floor":5},{"not_picked":["Leap","Compile Driver"],"picked":"Self Repair","floor":5},{"not_picked":["Core Surge","ReplayRNGCard"],"picked":"ReplayTheSpireMod:Fabricate Wheel","floor":6},{"not_picked":["Core Surge","Hyperbeam"],"picked":"All For One","floor":7},{"not_picked":["Reboot","Rainbow"],"picked":"Amplify","floor":10},{"not_picked":["Biased Cognition+1","Amplify"],"picked":"Multi-Cast","floor":11},{"not_picked":["Rebound+1","Go for the Eyes+1"],"picked":"Defragment+1","floor":13},{"not_picked":["Compile Driver+1","Force Field"],"picked":"Self Repair+1","floor":13},{"not_picked":["ReplayTheSpireMod:Omega Cannon+1","ReplayRNGCard"],"picked":"Buffer+1","floor":14},{"not_picked":["Electrodynamics+1","Fission"],"picked":"Echo Form+1","floor":16},{"not_picked":["Neutralize","Eruption"],"picked":"Zap","floor":17},{"not_picked":["Reboot","Thunder Strike"],"picked":"Mirror Shield","floor":17},{"not_picked":["Purity","Blind"],"picked":"Discovery","floor":17},{"not_picked":["infinitespire:Collect","infinitespire:Oblivion"],"picked":"ReplayTheSpireMod:??????????????????????","floor":17},{"not_picked":["Compile Driver+1","ReplayTheSpireMod:Repulse"],"picked":"Go for the Eyes+1","floor":18},{"not_picked":["Reinforced Body","Go for the Eyes+1"],"picked":"Skim","floor":18},{"not_picked":["Time Bomb","Panic Button"],"picked":"Chill+1","floor":20},{"not_picked":["Rebound+1","Stack"],"picked":"Tempest","floor":20},{"not_picked":["All For One+1","Seek"],"picked":"Rainbow","floor":24},{"not_picked":["ReplayTheSpireMod:Echoes of Time","infinitespire:FinalStrike"],"picked":"infinitespire:Menacing","floor":25},{"not_picked":["ReplayTheSpireMod:Fabricate Wheel","Multi-Cast"],"picked":"Core Surge+1","floor":25},{"not_picked":["Hyperbeam+1","Fission"],"picked":"Thunder Strike+1","floor":27},{"not_picked":["Amplify","ReplayTheSpireMod:Omega Cannon+1"],"picked":"Machine Learning+1","floor":28},{"not_picked":["Leap","Stack+1"],"picked":"Rebound+1","floor":30},{"not_picked":["Stack","Conserve Battery"],"picked":"Turbo","floor":30},{"not_picked":["Coolheaded","Reprogram+1"],"picked":"Heatsinks+1","floor":31},{"not_picked":["Coolheaded","Conserve Battery"],"picked":"Compile Driver+1","floor":31},{"not_picked":["Core Surge+1","Fission"],"picked":"ReplayRNGCard","floor":33},{"not_picked":["Redo+1","Hologram"],"picked":"Blizzard+1","floor":35},{"not_picked":["Auto Shields","Leap+1"],"picked":"FTL+1","floor":35},{"not_picked":["Darkness","Beam Cell+1"],"picked":"Barrage+1","floor":36},{"not_picked":["Mirror Shield","Multi-Cast"],"picked":"ReplayRNGCard","floor":40},{"not_picked":["Reboot","Echo Form+1"],"picked":"Seek","floor":42},{"not_picked":["Seek","Thunder Strike+1"],"picked":"Amplify","floor":45},{"not_picked":["ReplayRNGCard","Amplify"],"picked":"Machine Learning+1","floor":46},{"not_picked":["Machine Learning+1","Thunder Strike+1"],"picked":"Electrodynamics+1","floor":47},{"not_picked":["Hyperbeam+1","ReplayTheSpireMod:Fabricate Wheel"],"picked":"Biased Cognition+1","floor":48},{"not_picked":["Mirror Shield","ReplayTheSpireMod:Omega Cannon+1"],"picked":"Amplify","floor":50},{"not_picked":["Go for the Eyes+1","Skim"],"picked":"BasicCrystalCard","floor":52},{"not_picked":["BasicCrystalCard","Self Repair+1"],"picked":"Recycle","floor":52},{"not_picked":["Hologram","Conserve Battery"],"picked":"Ball Lightning+1","floor":53},{"not_picked":["Rebound+1","ReplaySort"],"picked":"Coolheaded","floor":53},{"not_picked":["Fission","Machine Learning+1"],"picked":"Rainbow","floor":54},{"not_picked":["Multi-Cast","Fission"],"picked":"Electrodynamics+1","floor":57},{"not_picked":["Electrodynamics+1","Machine Learning+1"],"picked":"Echo Form+1","floor":58},{"not_picked":["Buffer+1","Fission"],"picked":"Biased Cognition+1","floor":61},{"not_picked":["Fission","Hyperbeam+1"],"picked":"Machine Learning+1","floor":62},{"not_picked":["Multi-Cast","Machine Learning+1"],"picked":"Buffer+1","floor":63},{"not_picked":["Seek","Buffer+1"],"picked":"Creative AI+1","floor":65},{"not_picked":["Seek","Biased Cognition+1"],"picked":"Meteor Strike+1","floor":67}],"player_experience":20982,"relics_obtained":[{"floor":6,"key":"Geode"},{"floor":7,"key":"infinitespire:SolderingIron"},{"floor":9,"key":"Frozen Egg 2"},{"floor":10,"key":"Molten Egg 2"},{"floor":11,"key":"Replay:Mystery Machine"},{"floor":12,"key":"ReplayTheSpireMod:TigerMarble"},{"floor":14,"key":"Torii"},{"floor":24,"key":"Darkstone Periapt"},{"floor":25,"key":"infinitespire:Magic Flask"},{"floor":26,"key":"Divine Protection"},{"floor":27,"key":"Singing Bowl"},{"floor":28,"key":"Lantern"},{"floor":36,"key":"Replay:Multitool"},{"floor":40,"key":"Blue Candle"},{"floor":42,"key":"Cables"},{"floor":43,"key":"Blue Doll"},{"floor":45,"key":"Unceasing Top"},{"floor":46,"key":"Anchor"},{"floor":48,"key":"Gambling Chip"},{"floor":54,"key":"Orichalcum"},{"floor":57,"key":"Golden Egg"},{"floor":58,"key":"Pocketwatch"},{"floor":60,"key":"Regal Pillow"},{"floor":61,"key":"StrikeDummy"},{"floor":62,"key":"infinitespire:CheckeredPen"},{"floor":63,"key":"Shovel"},{"floor":65,"key":"Grinning Jar"},{"floor":66,"key":"Pen Nib"}],"event_choices":[{"damage_healed":0,"gold_gain":0,"player_choice":"Success","damage_taken":12,"relics_obtained":["infinitespire:Broken Mirror"],"max_hp_gain":0,"max_hp_loss":0,"event_name":"Scrap Ooze","floor":3,"gold_loss":0},{"damage_healed":0,"gold_gain":75,"player_choice":"Touch","damage_taken":7,"max_hp_gain":0,"max_hp_loss":0,"event_name":"FaceTrader","floor":4,"gold_loss":0},{"damage_healed":0,"gold_gain":0,"player_choice":"Full Heal","damage_taken":0,"max_hp_gain":0,"max_hp_loss":0,"event_name":"Wheel of Change","floor":19,"gold_loss":0},{"damage_healed":0,"gold_gain":0,"player_choice":"Shed Blood","damage_taken":13,"max_hp_gain":5,"max_hp_loss":0,"event_name":"Forgotten Altar","floor":22,"gold_loss":0},{"damage_healed":0,"gold_gain":0,"player_choice":"Fight","damage_taken":0,"max_hp_gain":0,"max_hp_loss":0,"event_name":"MindBloom","floor":36,"gold_loss":0},{"damage_healed":0,"gold_gain":0,"player_choice":"Bought 0 Potions","damage_taken":0,"max_hp_gain":0,"max_hp_loss":0,"event_name":"The Woman in Blue","floor":44,"gold_loss":0},{"damage_healed":0,"gold_gain":0,"player_choice":"Bought 0 Potions","damage_taken":0,"max_hp_gain":0,"max_hp_loss":0,"event_name":"The Woman in Blue","floor":59,"gold_loss":0}],"is_beta":false,"boss_relics":[{"not_picked":["Runic Pyramid","Sozu"],"picked":"ReplayTheSpireMod:SealedPack"},{"not_picked":["Replay:Drink Me","Replay:Wanted Poster"],"picked":"ChewingGum"},{"not_picked":["FrozenCore","SlaversCollar"],"picked":"Snecko Heart"},{"not_picked":["Replay:Wanted Poster","Replay:Drink Me"],"picked":"Honey Jar"}],"items_purged_floors":[64],"is_endless":true,"potions_floor_spawned":[1,6,11,13,24,25,31,33,35,45,46,48,52,54,62,63,67],"killed_by":"2 Thieves","ascension_level":0}}