{"host":"ecaj4hn004xnnrw9","time":1609900925,"event":{"mods":["AchievementEnabler","BaseMod","Hermit","Minty Spire (QoL Compilation)","Quick Restart","Replay The Spire","Shop Mod","StSLib","The Jungle"],"gold_per_floor":[115,115,127,137,147,147,147,147,200,232,232,46,79,95,95,199,199,216,141,157,10,10,10,45,45,45,63,63,63,63,76,76,179,179,198,208,208,31,31,31,31],"floor_reached":40,"playtime":1575,"items_purged":["Strike_B","Zap+1"],"score":618,"play_id":"c62c4ce4-5482-410a-99b5-4c1fdf48a9c7","local_time":"20210106024205","is_ascension_mode":true,"campfire_choices":[{"data":"Zap","floor":6,"key":"SMITH"},{"data":"Ball Lightning","floor":8,"key":"SMITH"},{"floor":11,"key":"REST"},{"data":"Stack","floor":23,"key":"SMITH"},{"data":"Hyperbeam","floor":25,"key":"SMITH"},{"data":"J.A.X.","floor":30,"key":"SMITH"},{"floor":32,"key":"REST"}],"circlet_count":0,"master_deck":["Strike_B","Strike_B","Defend_B","Defend_B","Defend_B","Defend_B","Dualcast","Conserve Battery","Ball Lightning+1","Melter+1","Compile Driver+1","Creative AI+1","ReplayTheSpireMod:Omega Cannon+1","Stack+1","Steam","BootSequence+1","Hyperbeam+1","Pot Of Greed","Pot Of Greed","J.A.X.+1","Go for the Eyes+1","Amplify","Heatsinks"],"relics":["Honey Jar","ReplayTheSpireMod:TigerMarble","Blue Doll","Replay:Ringing Soul","Whetstone","Replay:Bronze Core","Guide Book","WingedGreaves","Grinning Jar","Bag of Marbles","Ring of Chaos"],"acts_visited":["Exordium","TheCity","TheBeyond"],"potions_floor_usage":[5,13,16,31,40],"damage_taken":[{"damage":10,"enemies":"Small Slimes","floor":1,"turns":5},{"damage":0,"enemies":"Jaw Worm","floor":3,"turns":3},{"damage":1,"enemies":"2 Louse","floor":4,"turns":2},{"damage":10,"enemies":"Lots of Slimes","floor":5,"turns":2},{"damage":16,"enemies":"Gremlin Nob","floor":10,"turns":3},{"damage":0,"enemies":"3 Sentries","floor":13,"turns":3},{"damage":2,"enemies":"Large Slime","floor":14,"turns":3},{"damage":27,"enemies":"Hexaghost","floor":16,"turns":9},{"damage":21,"enemies":"Shell Parasite","floor":18,"turns":5},{"damage":8,"enemies":"Chosen","floor":20,"turns":3},{"damage":38,"enemies":"Slavers","floor":24,"turns":7},{"damage":0,"enemies":"Centurion and Healer","floor":27,"turns":3},{"damage":0,"enemies":"3 Cultists","floor":31,"turns":1},{"damage":31,"enemies":"Champ","floor":33,"turns":7},{"damage":3,"enemies":"3 Shapes","floor":35,"turns":3},{"damage":3,"enemies":"Orb Walker","floor":36,"turns":3},{"damage":90,"enemies":"Nemesis","floor":40,"turns":8}],"seed_played":"-3085756563725338237","potions_obtained":[{"floor":3,"key":"SpeedPotion"},{"floor":4,"key":"Adrenaline Potion"},{"floor":10,"key":"Elixir"},{"floor":27,"key":"Explosive Potion"},{"floor":31,"key":"Adrenaline Potion"},{"floor":33,"key":"FearPotion"}],"is_trial":false,"path_per_floor":["M","?","M","M","M","R","?","R","T","E","R","$","E","M","R","B",null,"M","?","M","$","?","R","E","R","T","M","?","?","R","M","R","B",null,"M","M","?","$","?","E"],"character_chosen":"DEFECT","items_purchased":["Creative AI","AttackPotion","Guide Book","LiquidMemories"],"campfire_rested":2,"item_purchase_floors":[12,12,21,38],"current_hp_per_floor":[58,40,40,39,29,29,29,29,29,16,39,42,45,50,76,52,81,63,63,58,58,58,58,23,23,26,26,29,29,29,32,64,36,92,92,89,89,89,89,0,0],"gold":31,"neow_bonus":"BOSS_RELIC","is_daily":false,"chose_seed":false,"campfire_upgraded":5,"win_rate":0.0,"timestamp":1609900925,"path_taken":["M","?","M","M","M","R","?","R","T","E","R","$","E","M","R","BOSS","M","?","M","$","?","R","E","R","T","?","?","?","R","?","R","BOSS","M","?","?","$","?","E"],"items_purchased_type":["Card","Potion","Relic","Potion"],"build_version":"2020-12-22","purchased_purges":2,"victory":false,"max_hp_per_floor":[75,75,75,75,75,75,75,75,75,78,78,81,84,87,87,90,90,93,93,96,96,96,96,99,99,102,102,105,105,105,108,108,111,111,114,114,114,114,114,114,114],"card_choices":[{"not_picked":["Steam Power","Leap","Gash"],"picked":"Ball Lightning","floor":1},{"not_picked":["Sunder","BasicCrystalCard","FTL"],"picked":"Conserve Battery","floor":3},{"not_picked":["Genetic Algorithm","Leap","Gash"],"picked":"Ball Lightning","floor":4},{"not_picked":["Hello World","Hologram","Stack"],"picked":"Melter","floor":5},{"not_picked":["Steam","Rebound","Barrage"],"picked":"Compile Driver","floor":10},{"not_picked":["Ball Lightning","Rebound","Beam Cell"],"picked":"ReplayTheSpireMod:Omega Cannon","floor":13},{"not_picked":["Rebound","Panic Button","ReplayGash"],"picked":"Stack","floor":14},{"not_picked":["Thunder Strike","Reboot","Rainbow"],"picked":"ReplayTheSpireMod:Fabricate Wheel","floor":16},{"not_picked":["Rebound+1","Beam Cell","ReplayGash"],"picked":"Steam","floor":18},{"not_picked":["ReplayGash+1","Stack+1","Ball Lightning"],"picked":"BootSequence","floor":20},{"not_picked":["Auto Shields","Steam","Gash"],"picked":"Hyperbeam","floor":24},{"not_picked":["Blizzard","Panic Button","Tempest+1","Coolheaded+1"],"picked":"SKIP","floor":27},{"not_picked":["Panic Button","Beam Cell","Barrage"],"picked":"Go for the Eyes+1","floor":31},{"not_picked":["ReplayRNGCard","ReplayTheSpireMod:Fabricate Wheel","Creative AI"],"picked":"Amplify","floor":33},{"not_picked":["Streamline","Rebound+1","Compile Driver"],"picked":"Heatsinks","floor":35},{"not_picked":["Chill","Streamline","Panic Button+1","FIFO Queue+1"],"picked":"SKIP","floor":36}],"player_experience":230183,"relics_obtained":[{"floor":9,"key":"Blue Doll"},{"floor":10,"key":"Replay:Ringing Soul"},{"floor":13,"key":"Whetstone"},{"floor":24,"key":"WingedGreaves"},{"floor":26,"key":"Grinning Jar"}],"event_choices":[{"damage_healed":0,"gold_gain":0,"player_choice":"Success","damage_taken":18,"relics_obtained":["ReplayTheSpireMod:TigerMarble"],"max_hp_gain":0,"max_hp_loss":0,"event_name":"Scrap Ooze","floor":2,"gold_loss":0},{"cards_removed":["ReplayTheSpireMod:Fabricate Wheel"],"damage_healed":0,"gold_gain":0,"player_choice":"Gave Gold","damage_taken":0,"max_hp_gain":0,"max_hp_loss":0,"event_name":"Beggar","floor":19,"gold_loss":75},{"cards_removed":["Strike_B"],"damage_healed":0,"gold_gain":0,"player_choice":"Offered Basic","damage_taken":0,"max_hp_gain":0,"max_hp_loss":0,"event_name":"Bonfire Elementals","floor":22,"gold_loss":0},{"damage_healed":0,"gold_gain":0,"player_choice":"Obtain J.A.X.","damage_taken":0,"max_hp_gain":0,"max_hp_loss":0,"event_name":"Drug Dealer","floor":28,"gold_loss":0,"cards_obtained":["J.A.X."]},{"damage_healed":0,"gold_gain":0,"player_choice":"Ignored","damage_taken":0,"max_hp_gain":0,"max_hp_loss":0,"event_name":"Tomb of Lord Red Mask","floor":37,"gold_loss":0},{"cards_removed":["Ball Lightning"],"damage_healed":0,"gold_gain":0,"player_choice":"Removed Attack","damage_taken":0,"max_hp_gain":0,"max_hp_loss":0,"event_name":"Falling","floor":39,"gold_loss":0}],"is_beta":false,"boss_relics":[{"not_picked":["Painkiller Herb","ChewingGum"],"picked":"Replay:Bronze Core"},{"not_picked":["Nuclear Battery","SacredBark"],"picked":"Ring of Chaos"}],"items_purged_floors":[12,38],"is_endless":false,"potions_floor_spawned":[3,4,10,27,31,33],"killed_by":"Nemesis","ascension_level":6}}