{"host":"dmdprxj8bosbz96f","time":1609904987,"event":{"mods":["AchievementEnabler","BaseMod","Colored Map","DeckTracker","Minty Spire (QoL Compilation)","Quick Restart","SuperFastMode","everything is the same but u backflip on backflip"],"gold_per_floor":[10,10,185,208,23,56,56,56,56,56,72,93,93,93,93,217,217,230,255,255,280,280,280],"floor_reached":22,"playtime":901,"items_purged":[],"score":230,"play_id":"36c3401c-cf84-46be-b265-feccef31ff37","local_time":"20210106124947","is_ascension_mode":true,"campfire_choices":[{"floor":7.0,"key":"REST"},{"data":"Catalyst","floor":13.0,"key":"SMITH"},{"data":"Neutralize","floor":15.0,"key":"SMITH"}],"circlet_count":0,"master_deck":["Strike_G","Strike_G","Strike_G","Strike_G","Strike_G","Defend_G","Defend_G","Defend_G","Survivor","Neutralize+1","Deadly Poison+1","Doubt","Acrobatics","Catalyst+1","Footwork","Tactician","Reflex","Prepared","Wraith Form v2","Backflip","PiercingWail","A Thousand Cuts"],"relics":["Ring of the Snake","Dead Branch","Golden Idol","Mercury Hourglass","Bag of Preparation","Mummified Hand","Empty Cage","Shuriken"],"acts_visited":["Exordium","TheCity"],"potions_floor_usage":[],"damage_taken":[{"damage":9.0,"enemies":"2 Louse","floor":1.0,"turns":3.0},{"damage":2.0,"enemies":"Jaw Worm","floor":4.0,"turns":4.0},{"damage":35.0,"enemies":"Gremlin Nob","floor":6.0,"turns":5.0},{"damage":0.0,"enemies":"Cultist","floor":11.0,"turns":3.0},{"damage":1.0,"enemies":"2 Fungi Beasts","floor":12.0,"turns":5.0},{"damage":28.0,"enemies":"Slime Boss","floor":16.0,"turns":13.0},{"damage":5.0,"enemies":"Chosen","floor":18.0,"turns":5.0},{"damage":8.0,"enemies":"Shell Parasite","floor":19.0,"turns":5.0},{"damage":29.0,"enemies":"Centurion and Healer","floor":21.0,"turns":7.0},{"damage":0,"enemies":"Chosen and Byrds","floor":22,"turns":1}],"seed_played":"-6337791143972213749","potions_obtained":[{"floor":4.0,"key":"Ancient Potion"},{"floor":12.0,"key":"SneckoOil"},{"floor":16.0,"key":"Energy Potion"},{"floor":19.0,"key":"FearPotion"},{"floor":21.0,"key":"LiquidMemories"}],"is_trial":false,"path_per_floor":["M","?","?","M","$","E","R","T","T","$","M","M","R","?","R","B",null,"M","M","?","M","M"],"character_chosen":"THE_SILENT","items_purchased":["Catalyst","Footwork","Tactician"],"campfire_rested":1,"item_purchase_floors":[5,5,5],"current_hp_per_floor":[61,61,61,59,59,24,43,43,43,43,43,42,42,42,42,14,52,47,39,39,10,10,10],"gold":280,"neow_bonus":"ONE_RARE_RELIC","is_daily":false,"chose_seed":false,"campfire_upgraded":2,"win_rate":0.0,"timestamp":1609904987,"path_taken":["M","?","?","M","$","E","R","?","T","$","M","?","R","?","R","BOSS","M","?","?","M","?"],"items_purchased_type":["Card","Card","Card"],"build_version":"2020-12-22","purchased_purges":0,"victory":false,"max_hp_per_floor":[70,65,65,65,65,65,65,65,65,65,65,65,65,65,65,65,65,65,65,65,65,65,65],"card_choices":[{"not_picked":["Poisoned Stab","Acrobatics"],"picked":"Deadly Poison","floor":1.0},{"not_picked":["Riddle With Holes","Outmaneuver"],"picked":"Acrobatics","floor":4.0},{"not_picked":["Endless Agony","Leg Sweep","Tools of the Trade"],"picked":"SKIP","floor":6.0},{"not_picked":["Choke","Deflect"],"picked":"Reflex","floor":11.0},{"not_picked":["Choke","Flying Knee"],"picked":"Prepared","floor":12.0},{"not_picked":["Glass Knife","Corpse Explosion"],"picked":"Wraith Form v2","floor":16.0},{"not_picked":["Concentrate","Acrobatics"],"picked":"Backflip","floor":18.0},{"not_picked":["Well Laid Plans","Choke+1"],"picked":"PiercingWail","floor":19.0},{"not_picked":["PiercingWail","Predator"],"picked":"A Thousand Cuts","floor":21.0}],"player_experience":159466,"relics_obtained":[{"floor":6.0,"key":"Mercury Hourglass"},{"floor":8.0,"key":"Bag of Preparation"},{"floor":9.0,"key":"Mummified Hand"}],"event_choices":[{"damage_healed":0.0,"max_hp_gain":0.0,"max_hp_loss":5.0,"gold_gain":0.0,"event_name":"Golden Idol","player_choice":"Lose Max HP","floor":2.0,"gold_loss":0.0,"damage_taken":0.0,"relics_obtained":["Golden Idol"]},{"damage_healed":0.0,"max_hp_gain":0.0,"max_hp_loss":0.0,"gold_gain":175.0,"event_name":"Liars Game","player_choice":"AGREE","floor":3.0,"gold_loss":0.0,"damage_taken":0.0,"cards_obtained":["Doubt"]},{"damage_healed":0.0,"max_hp_gain":0.0,"max_hp_loss":0.0,"gold_gain":0.0,"event_name":"Accursed Blacksmith","player_choice":"Forge","floor":14.0,"gold_loss":0.0,"damage_taken":0.0,"cards_upgraded":["Deadly Poison"]},{"damage_healed":0.0,"max_hp_gain":0.0,"max_hp_loss":0.0,"gold_gain":0.0,"event_name":"WeMeetAgain","player_choice":"Gave Potion","floor":20.0,"gold_loss":0.0,"damage_taken":0.0,"relics_obtained":["Shuriken"]}],"is_beta":false,"boss_relics":[{"not_picked":["Cursed Key","Philosopher\u0027s Stone"],"picked":"Empty Cage"}],"items_purged_floors":[],"is_endless":false,"potions_floor_spawned":[4,12,16,19,21],"killed_by":"Chosen and Byrds","ascension_level":5}}