{"host":"mfnyjbfkyfsz33u9","time":1609933344,"event":{"mods":["2.2 Compatiblity","BaseMod","Colored Powertips","Downfall","Marisa£¨Ùöéë¡¡Øª×âÞÞ£©","Minty Spire (QoL Compilation)","Rare Cards Sparkle","Replay The Spire","StSLib","SuperFastMode","The Cursed"],"gold_per_floor":[99,118,118,131,145,145,145,155,155,169,183,195,295,295,313,411,411,336,350,368,382,382,400,449,460,490,340,370,387,403,403,416,514,514,514,528,528,528,202,230,230,230,146,146,180,191,191,243,254,254,254,286,6,6,6],"floor_reached":56,"playtime":2912,"items_purged":["Guardian:Defend_Guardian"],"score":1443,"play_id":"398bf3c3-512f-4b06-b22c-af3cedc6b92e","local_time":"20210106204224","is_ascension_mode":false,"campfire_choices":[{"data":"Guardian:TwinSlam","floor":1,"key":"SMITH"},{"data":"Guardian:CurlUp","floor":6,"key":"SMITH"},{"floor":9,"key":"RECALL"},{"data":"Guardian:DonusPower","floor":18,"key":"SMITH"},{"data":"Guardian:Suspension","floor":27,"key":"SMITH"},{"data":"Guardian:Planning","floor":35,"key":"SMITH"},{"data":"1","floor":44,"key":"LIFT"},{"data":"2","floor":47,"key":"LIFT"},{"data":"3","floor":54,"key":"LIFT"}],"circlet_count":0,"master_deck":["Guardian:Strike_Guardian","Guardian:Defend_Guardian","Guardian:Defend_Guardian","Guardian:Defend_Guardian","Guardian:CurlUp+1","Guardian:TwinSlam+1","Guardian:DonusPower+1","Guardian:VentSteam","Guardian:BronzeOrb","Guardian:EvasiveProtocol+1","Guardian:FloatingOrbs","Guardian:StasisField","Guardian:WalkerClaw+1","Guardian:SphericShield","Guardian:TimeCapacitor+1","Guardian:Planning+1","Guardian:ChargeUp+1","CurseOfTheBell","Guardian:PrismaticBeam+1","Guardian:ChargeCore+1","Magnetism","Guardian:Repulse","Guardian:Recover+1","Guardian:VentSteam","Guardian:Clone","Guardian:Emergency"],"relics":["Guardian:ModeShifter","Torii","Molten Egg 2","Honey Jar","downfall:HeartBlessingRed","Peace Pipe","downfall:HeartBlessingBlue","downfall:HeartBlessingGreen","Tiny Chest","Calling Bell","Happy Flower","Shuriken","WingedGreaves","Pondfish Scales","White Beast Statue","Divine Protection","Girya","Membership Card","Replay:Rubber Ducky","Pocketwatch","CatCart","Eternal Feather","Toolbox","Onion Ring","ReplayFunnel"],"acts_visited":["Exordium","TheCity","TheBeyond","TheEnding"],"potions_floor_usage":[13,16,26,33,55,55,55,55],"damage_taken":[{"damage":0,"enemies":"2 Louse","floor":2,"turns":2},{"damage":0,"enemies":"Cultist","floor":4,"turns":3},{"damage":0,"enemies":"Small Slimes","floor":5,"turns":5},{"damage":1,"enemies":"2 Fungi Beasts","floor":8,"turns":4},{"damage":7,"enemies":"3 Louse","floor":10,"turns":3},{"damage":8,"enemies":"Large Slime","floor":11,"turns":5},{"damage":0,"enemies":"2 Fungi Beasts","floor":12,"turns":3},{"damage":28,"enemies":"downfall:Heads","floor":13,"turns":6},{"damage":1,"enemies":"Blue Slaver","floor":15,"turns":4},{"damage":31,"enemies":"downfall:Defect","floor":16,"turns":8},{"damage":0,"enemies":"Chosen","floor":19,"turns":3},{"damage":0,"enemies":"Spheric Guardian","floor":20,"turns":3},{"damage":8,"enemies":"Snake Plant","floor":21,"turns":4},{"damage":7,"enemies":"3 Cultists","floor":23,"turns":4},{"damage":8,"enemies":"Chosen and Byrds","floor":25,"turns":6},{"damage":30,"enemies":"Slavers","floor":26,"turns":7},{"damage":7,"enemies":"Gremlin Leader","floor":28,"turns":6},{"damage":0,"enemies":"Shelled Parasite and Fungi","floor":29,"turns":4},{"damage":0,"enemies":"3 Cultists","floor":30,"turns":5},{"damage":0,"enemies":"Chosen and Byrds","floor":32,"turns":5},{"damage":9,"enemies":"downfall:Ironclad","floor":33,"turns":7},{"damage":0,"enemies":"3 Shapes","floor":36,"turns":4},{"damage":0,"enemies":"downfall:FleeingMerchant","floor":39,"turns":4},{"damage":0,"enemies":"R_Hoarder","floor":40,"turns":6},{"damage":0,"enemies":"downfall:FleeingMerchant","floor":43,"turns":4},{"damage":0,"enemies":"Reptomancer","floor":45,"turns":5},{"damage":0,"enemies":"Orb Walker","floor":46,"turns":4},{"damage":6,"enemies":"Orin","floor":48,"turns":7},{"damage":0,"enemies":"Maw","floor":49,"turns":6},{"damage":0,"enemies":"downfall:Watcher","floor":50,"turns":9},{"damage":0,"enemies":"downfall:CharBossMerchant","floor":52,"turns":7},{"damage":7,"enemies":"downfall:NeowBoss","floor":55,"turns":14}],"seed_played":"-7727890691341121445","potions_obtained":[{"floor":4,"key":"SmokeBomb"},{"floor":10,"key":"PowerPotion"},{"floor":13,"key":"LiquidMemories"},{"floor":15,"key":"champ:CounterPotion"},{"floor":20,"key":"Energy Potion"},{"floor":25,"key":"FearPotion"},{"floor":28,"key":"ColorlessPotion"},{"floor":30,"key":"Guardian:StasisDiscoveryPotion"},{"floor":31,"key":"CultistPotion"},{"floor":33,"key":"Weak Potion"},{"floor":45,"key":"hexamod:EctoCoolerPotion"},{"floor":46,"key":"AttackPotion"},{"floor":48,"key":"Elixir"}],"is_trial":false,"path_per_floor":["R","M","?","M","M","R","T","M","R","M","M","M","?","?","M","B",null,"R","M","M","M","?","M","T","M","E","R","E","M","M","?","M","B",null,"R","M","?","?","$","E","T","T","$","R","E","M","R","?","M","B",null,"E","$","R","B",null],"character_chosen":"GUARDIAN","items_purchased":["Pondfish Scales","Membership Card","Replay:Rubber Ducky","Magnetism","Guardian:Repulse","Toolbox","Onion Ring","ReplayFunnel"],"campfire_rested":0,"item_purchase_floors":[39,43,43,43,43,53,53,53],"current_hp_per_floor":[88,88,88,88,88,88,88,87,87,80,72,72,44,44,43,12,88,88,88,88,80,80,73,73,65,35,45,38,38,38,38,38,29,98,98,98,98,98,98,98,98,98,98,98,98,98,98,92,92,92,98,98,98,98,91],"gold":6,"neow_bonus":"TEN_PERCENT_HP_BONUS","is_daily":false,"chose_seed":false,"campfire_upgraded":5,"win_rate":0.0,"timestamp":1609933344,"path_taken":["R","M","?","M","M","R","T","M","R","M","?","M","?","?","M","BOSS","R","M","M","M","?","M","T","M","E","R","E","M","M","?","M","BOSS","R","M","?","?","$","E","T","?","$","R","E","M","R","?","M","BOSS","E","$","R","BOSS"],"items_purchased_type":["Relic","Relic","Relic","Card","Card","Relic","Relic","Relic"],"build_version":"2020-12-22","purchased_purges":1,"victory":true,"max_hp_per_floor":[88,88,88,88,88,88,88,88,88,88,88,88,88,88,88,88,88,88,88,88,88,88,88,88,88,88,98,98,98,98,98,98,98,98,98,98,98,98,98,98,98,98,98,98,98,98,98,98,98,98,98,98,98,98,98],"card_choices":[{"not_picked":["Guardian:ChargeCore","Guardian:Gem_Lightblue"],"picked":"Guardian:Gem_Red","floor":2},{"not_picked":["Guardian:ShieldSpikes","Guardian:ChargeUp"],"picked":"Guardian:Gem_Purple","floor":4},{"not_picked":["Guardian:ArmoredProtocol","Guardian:ShieldCharger"],"picked":"Guardian:DonusPower","floor":5},{"not_picked":["Guardian:Gem_Blue","Guardian:Incinerate"],"picked":"Guardian:Suspension","floor":8},{"not_picked":["Guardian:Gem_Blue","Guardian:ShieldSpikes"],"picked":"Guardian:Gem_Fragmented","floor":10},{"not_picked":["Guardian:DecasProtection","Guardian:Reroute"],"picked":"Guardian:VentSteam","floor":11},{"not_picked":["Guardian:EvasiveProtocol","Guardian:Gem_Green"],"picked":"Guardian:BronzeOrb","floor":12},{"not_picked":["Guardian:ChargeCore","Guardian:Recover"],"picked":"Guardian:Gem_Red","floor":13},{"not_picked":["Guardian:EvasiveProtocol","Guardian:DonusPower"],"picked":"Guardian:FloatingOrbs","floor":15},{"not_picked":["Guardian:HyperBeam_Guardian+1","Guardian:ConstructionForm"],"picked":"Guardian:StasisField","floor":16},{"not_picked":["Guardian:Repulse","Guardian:EvasiveProtocol","Guardian:TemporalStrike+1"],"picked":"Guardian:Gem_Blue","floor":19},{"not_picked":["Guardian:Reroute+1","Guardian:Recover","Guardian:Planning+1"],"picked":"Guardian:WalkerClaw+1","floor":20},{"not_picked":["Guardian:Gem_Lightblue","Guardian:DonusPower+1","Guardian:VentSteam"],"picked":"Guardian:Gem_Red","floor":21},{"not_picked":["Guardian:Planning+1","Guardian:Gem_Lightblue","Guardian:Suspension"],"picked":"Guardian:SphericShield","floor":23},{"not_picked":["Guardian:ShieldSpikes","Guardian:RollAttack+1","Guardian:RefractedBeam+1"],"picked":"Guardian:TimeCapacitor+1","floor":25},{"not_picked":["Guardian:PolyBeam+1","Guardian:ShieldCharger","Guardian:EvasiveProtocol"],"picked":"Guardian:Gem_White","floor":26},{"not_picked":["Guardian:TemporalStrike+1","Guardian:Gem_Crimson","Guardian:Reroute+1"],"picked":"Guardian:Planning","floor":28},{"not_picked":["Guardian:GuardianWhirl+1","Guardian:Planning","Guardian:RollAttack+1"],"picked":"Guardian:Gem_Lightblue","floor":29},{"not_picked":["Guardian:SpikerProtocol+1","Guardian:ArmoredProtocol+1","Guardian:VentSteam"],"picked":"Guardian:Gem_Synthetic","floor":30},{"not_picked":["Guardian:Gem_Green","Guardian:VentSteam","Guardian:ShieldCharger+1"],"picked":"Guardian:ChargeUp+1","floor":32},{"not_picked":["Guardian:ConstructionForm","Guardian:HyperBeam_Guardian+1","Guardian:AncientConstruct"],"picked":"Guardian:Gem_Orange","floor":33},{"not_picked":["Guardian:TemporalStrike+1","Guardian:Gem_Blue","Guardian:ShieldSpikes+1"],"picked":"Guardian:PrismaticBeam+1","floor":36},{"not_picked":["Guardian:PiercingHide","Guardian:BronzeArmor","Guardian:Planning+1","Guardian:Gem_Red"],"picked":"SKIP","floor":39},{"not_picked":["Guardian:Recover","Guardian:PolyBeam+1","Guardian:AncientConstruct"],"picked":"Guardian:ChargeCore+1","floor":40},{"not_picked":["Guardian:TimeCapacitor+1","Guardian:SpikerProtocol+1","Guardian:VentSteam+1","Guardian:PolyBeam+1"],"picked":"SKIP","floor":43},{"not_picked":["Guardian:Gem_Blue","Guardian:ShieldCharger","Guardian:TimeBomb"],"picked":"Guardian:Recover+1","floor":45},{"not_picked":["Guardian:Gem_Green","Guardian:Gem_Fragmented","Guardian:Gem_Crimson"],"picked":"Guardian:VentSteam","floor":46},{"not_picked":["Guardian:Gem_Purple","Guardian:Incinerate+1","Guardian:VentSteam"],"picked":"Guardian:Clone","floor":48},{"not_picked":["Guardian:PrismaticBeam+1","Guardian:Recover","Guardian:Gem_Fragmented"],"picked":"Guardian:Emergency","floor":49},{"not_picked":["Guardian:MultiBeam+1","Guardian:PiercingHide","Guardian:Gem_Red","Guardian:Gem_Crimson"],"picked":"SKIP","floor":52}],"player_experience":17362,"relics_obtained":[{"floor":7,"key":"Torii"},{"floor":26,"key":"Peace Pipe"},{"floor":28,"key":"Tiny Chest"},{"floor":34,"key":"Happy Flower"},{"floor":34,"key":"Shuriken"},{"floor":34,"key":"WingedGreaves"},{"floor":40,"key":"White Beast Statue"},{"floor":41,"key":"Divine Protection"},{"floor":42,"key":"Girya"},{"floor":45,"key":"Pocketwatch"},{"floor":48,"key":"CatCart"},{"floor":52,"key":"Eternal Feather"}],"event_choices":[{"damage_healed":0,"gold_gain":0,"player_choice":"Fight","damage_taken":0,"max_hp_gain":0,"max_hp_loss":0,"event_name":"OrinTheCat","floor":48,"gold_loss":0}],"is_beta":false,"boss_relics":[{"not_picked":["Sozu","ChewingGum"],"picked":"Honey Jar"},{"not_picked":["SacredBark","SlaversCollar"],"picked":"Calling Bell"}],"items_purged_floors":[43],"is_endless":false,"potions_floor_spawned":[4,10,13,15,20,25,28,30,33,43,45,46,48,49,52],"ascension_level":0}}