{"host":"a0paspe0zwqgzttz","time":1609957199,"event":{"mods":["AchievementEnabler","Act Like it!","BaseMod","BetterRewards","Colored Powertips","Conspire","Downfall","GifTheSpireLib","Hermit","Highlight Path","Lobotomy","Mad Scientist","Marisa????????","Minty Spire (QoL Compilation)","Quick Restart","Replay The Spire","Robot Space Explorer","Shop Mod","StSLib","SuperFastMode","The Bug Knight","The Construct","The Cursed","The Hierophant","The Jungle","The Mystic","The Necromancer","The Runesmith","The Senshi","The Servant 0.9.4"],"gold_per_floor":[160,160,160,160,160,160,160,160,180,190,26,26,26,38,56,159,159,224,239,6,21,32,45,45,79,99,126,126,145,145,163,179,280,280,280,300,312,324,324,341,341,371,44,64,64,64,64,79,90,90],"floor_reached":51,"playtime":8320,"items_purged":[],"score":838,"play_id":"ef55c460-abe1-4dbd-abf0-30333f1a4fb3","local_time":"20210106131959","is_ascension_mode":false,"campfire_choices":[{"data":"Guardian:Harden","floor":6,"key":"SMITH"},{"data":"Guardian:CurlUp","floor":8,"key":"SMITH"},{"data":"Guardian:PiercingHide","floor":13,"key":"SMITH"},{"data":"Guardian:EvasiveProtocol","floor":28,"key":"SMITH"},{"data":"Guardian:TimeBomb","floor":45,"key":"SMITH"},{"data":"Guardian:Harden","floor":47,"key":"SMITH"}],"circlet_count":0,"master_deck":["Guardian:Defend_Guardian","Guardian:Defend_Guardian","Guardian:Defend_Guardian","Guardian:Defend_Guardian","Guardian:CurlUp+1","Guardian:TwinSlam","Guardian:Harden+1","Guardian:PiercingHide+1","Guardian:Preprogram","Pain","Guardian:Suspension","Guardian:SphericShield+1","Guardian:RollAttack","Guardian:RevengeProtocol+1","Guardian:SentryBeam","Guardian:RevengeProtocol+1","Guardian:CrystalBeam","Guardian:EvasiveProtocol+1","Guardian:Harden+1","Guardian:FloatingOrbs+1","Guardian:RevengeProtocol+1","Bite","Bite","Bite","Bite","Bite","Guardian:ArmoredProtocol+1","Guardian:TimeBomb+1","Guardian:TimeSifter+1","Guardian:FloatingOrbs","Guardian:Gem_Red","Guardian:Gem_Purple","Guardian:Gem_Cyan","Guardian:ShieldSpikes+1","Guardian:Gem_Fragmented","Guardian:Gem_Fragmented","Guardian:DecasProtection+1","Guardian:TemporalStrike","Guardian:Gem_Lightblue"],"relics":["Guardian:ModeShifter","downfall:HeartsMalice","Replay:Bottled Flurry","Boot","WarpedTongs","conspire:SpecialSausage","DollysMirror","Divine Protection","Pocketwatch","Nunchaku","construct:WeddingRing","Replay:Rubber Ducky","Akabeko","Replay:Bottled Eggs"],"acts_visited":["Exordium","TheCity","TheBeyond"],"potions_floor_usage":[15,16,22,27,42,50,50,50],"damage_taken":[{"damage":0,"enemies":"Cultist","floor":2,"turns":1},{"damage":0,"enemies":"2 Louse","floor":3,"turns":1},{"damage":0,"enemies":"Jaw Worm","floor":4,"turns":1},{"damage":3,"enemies":"Gremlin Gang","floor":9,"turns":6},{"damage":0,"enemies":"2 Fungi Beasts","floor":10,"turns":4},{"damage":0,"enemies":"downfall:FleeingMerchant","floor":11,"turns":4},{"damage":4,"enemies":"Exordium Thugs","floor":14,"turns":5},{"damage":6,"enemies":"Blue Slaver","floor":15,"turns":3},{"damage":23,"enemies":"downfall:Ironclad","floor":16,"turns":14},{"damage":14,"enemies":"Chosen","floor":19,"turns":8},{"damage":3,"enemies":"downfall:FleeingMerchant","floor":20,"turns":4},{"damage":18,"enemies":"Snake Plant","floor":21,"turns":5},{"damage":0,"enemies":"Chosen and Byrds","floor":22,"turns":6},{"damage":13,"enemies":"Shelled Parasite and Fungi","floor":23,"turns":7},{"damage":0,"enemies":"conspire:Head Lice","floor":25,"turns":9},{"damage":0,"enemies":"Snecko","floor":26,"turns":6},{"damage":0,"enemies":"Book of Stabbing","floor":27,"turns":4},{"damage":0,"enemies":"Cultist and Chosen","floor":29,"turns":7},{"damage":12,"enemies":"Centurion and Healer","floor":31,"turns":7},{"damage":5,"enemies":"Sentry and Sphere","floor":32,"turns":6},{"damage":2,"enemies":"downfall:Silent","floor":33,"turns":9},{"damage":17,"enemies":"3 Darklings","floor":36,"turns":6},{"damage":0,"enemies":"Orb Walker","floor":37,"turns":5},{"damage":12,"enemies":"Spire Growth","floor":38,"turns":7},{"damage":6,"enemies":"4 Shapes","floor":40,"turns":6},{"damage":0,"enemies":"HollowMod:StalkingDevout","floor":42,"turns":6},{"damage":0,"enemies":"downfall:FleeingMerchant","floor":43,"turns":4},{"damage":1,"enemies":"Maw","floor":44,"turns":6},{"damage":3,"enemies":"3 Darklings","floor":48,"turns":6},{"damage":1,"enemies":"4 Shapes","floor":49,"turns":6},{"damage":59,"enemies":"downfall:Defect","floor":50,"turns":12}],"seed_played":"3106520666439236291","potions_obtained":[{"floor":9,"key":"hexamod:EctoCoolerPotion"},{"floor":10,"key":"Toxic Potion"},{"floor":14,"key":"Guardian:DefensiveModePotion"},{"floor":21,"key":"LifebloodPotion"},{"floor":26,"key":"SkillPotion"},{"floor":29,"key":"Dexterity Potion"},{"floor":31,"key":"Strength Potion"},{"floor":32,"key":"CultistPotion"},{"floor":33,"key":"Guardian:BlockOnCardUsePotion"},{"floor":48,"key":"Dexterity Potion"}],"is_trial":false,"path_per_floor":["R","M","M","M","?","R","T","R","M","M","$","?","R","M","M","B",null,"R","M","$","M","M","M","T","E","M","E","R","M","?","M","M","B",null,"R","M","M","M","?","M","T","E","$","M","R","?","R","M","M","B",null],"character_chosen":"GUARDIAN","items_purchased":["Boot","Guardian:SentryBeam","DollysMirror","Replay:Bottled Eggs","Guardian:Gem_Fragmented"],"campfire_rested":0,"item_purchase_floors":[11,20,20,43,43],"current_hp_per_floor":[80,80,80,80,80,80,80,80,77,77,77,77,77,73,67,44,80,80,66,63,45,45,32,32,32,32,32,32,32,32,32,29,36,56,56,49,49,48,40,39,39,48,48,53,53,53,53,53,56,14],"gold":90,"neow_bonus":"THREE_ENEMY_KILL","is_daily":false,"chose_seed":false,"campfire_upgraded":6,"win_rate":0.0,"timestamp":1609957199,"path_taken":["R","?","M","M","?","R","T","R","M","M","?","?","R","M","M","BOSS","R","M","$","M","M","M","T","E","?","E","R","M","?","M","M","BOSS","R","M","M","M","?","M","T","E","?","?","R","?","R","?","M","BOSS"],"items_purchased_type":["Relic","Card","Relic","Relic","Card"],"build_version":"2020-12-22","purchased_purges":0,"victory":true,"max_hp_per_floor":[80,80,80,80,80,80,80,80,80,80,80,80,80,80,80,80,80,80,80,80,80,80,80,80,80,80,80,80,80,56,56,56,56,56,56,56,56,56,56,56,56,56,56,56,56,56,56,56,56,56],"card_choices":[{"not_picked":["Guardian:ShieldCharger","Guardian:Gem_Red"],"picked":"Guardian:Harden","floor":2},{"not_picked":["Guardian:Recover","Guardian:RefractedBeam"],"picked":"Guardian:Gem_Green","floor":3},{"not_picked":["Guardian:ShieldCharger","Guardian:TimeBomb"],"picked":"Guardian:PiercingHide","floor":4},{"not_picked":["Guardian:Gem_Crimson","Guardian:TemporalShield"],"picked":"Guardian:Preprogram","floor":9},{"not_picked":["Guardian:ChargeCore","Guardian:WalkerClaw"],"picked":"Guardian:Gem_Red","floor":10},{"not_picked":["Guardian:FloatingOrbs","Guardian:ShieldCharger"],"picked":"Guardian:Gem_Synthetic","floor":11},{"not_picked":["Guardian:TimeCapacitor","Guardian:Reroute"],"picked":"Guardian:Suspension","floor":14},{"not_picked":["Guardian:Gem_Green","Guardian:Suspension"],"picked":"Guardian:Gem_Purple","floor":15},{"not_picked":["Guardian:HyperBeam_Guardian","Guardian:FastForward"],"picked":"Guardian:SphericShield","floor":16},{"not_picked":["Guardian:Incinerate","Guardian:BronzeArmor"],"picked":"Guardian:RollAttack","floor":19},{"not_picked":["Guardian:Harden","Guardian:Gem_Orange"],"picked":"Guardian:RevengeProtocol","floor":20},{"not_picked":["Guardian:RollAttack","Guardian:TemporalStrike"],"picked":"Guardian:CrystalBeam","floor":21},{"not_picked":["Guardian:RollAttack","Guardian:BronzeOrb"],"picked":"Guardian:EvasiveProtocol","floor":22},{"not_picked":["Guardian:Suspension","Guardian:VentSteam"],"picked":"Guardian:Harden","floor":23},{"not_picked":["Guardian:Gem_Lightblue","Guardian:PrismaticBeam+1"],"picked":"Guardian:FloatingOrbs+1","floor":25},{"not_picked":["Guardian:PiercingHide","Guardian:Harden"],"picked":"Guardian:Gem_Crimson","floor":26},{"not_picked":["Guardian:Recover","Guardian:ShieldCharger"],"picked":"Guardian:RevengeProtocol","floor":27},{"not_picked":["Guardian:WalkerClaw","Guardian:Clone"],"picked":"Guardian:Gem_Blue","floor":29},{"not_picked":["Guardian:Repulse+1","Guardian:Planning+1"],"picked":"Guardian:ArmoredProtocol+1","floor":31},{"not_picked":["Guardian:SpikerProtocol","Guardian:Gem_Green"],"picked":"Guardian:TimeBomb","floor":32},{"not_picked":["Guardian:SphericShield","Guardian:ExploitGems"],"picked":"Guardian:TimeSifter","floor":33},{"not_picked":["Guardian:Gem_Fragmented","Guardian:TemporalShield"],"picked":"Guardian:FloatingOrbs","floor":36},{"not_picked":["Guardian:ChargeCore+1","Guardian:Gem_Green"],"picked":"Guardian:Gem_Red","floor":37},{"not_picked":["Guardian:Gem_Red","Guardian:SentryBeam+1"],"picked":"Guardian:Gem_Purple","floor":38},{"not_picked":["Guardian:VentSteam","Guardian:Recover"],"picked":"Guardian:Gem_Cyan","floor":40},{"not_picked":["Guardian:VentSteam","Guardian:Preprogram"],"picked":"Guardian:Gem_Orange","floor":42},{"not_picked":["Guardian:DonusPower+1","Guardian:TemporalStrike"],"picked":"Guardian:ShieldSpikes+1","floor":43},{"not_picked":["Guardian:Gem_Fragmented","Guardian:ChargeCore"],"picked":"Guardian:DecasProtection+1","floor":44},{"not_picked":["Guardian:ShieldCharger","Guardian:Gem_Blue"],"picked":"Guardian:TemporalStrike","floor":48},{"not_picked":["Guardian:DonusPower+1","Guardian:Gem_Red"],"picked":"Guardian:Gem_Lightblue","floor":49}],"player_experience":424596,"relics_obtained":[{"floor":7,"key":"Replay:Bottled Flurry"},{"floor":24,"key":"Divine Protection"},{"floor":25,"key":"Pocketwatch"},{"floor":27,"key":"Nunchaku"},{"floor":41,"key":"Replay:Rubber Ducky"},{"floor":42,"key":"Akabeko"}],"event_choices":[{"damage_healed":0,"gold_gain":0,"player_choice":"Became a vampire","damage_taken":0,"max_hp_gain":0,"max_hp_loss":24,"event_name":"Vampires","floor":30,"gold_loss":0,"cards_obtained":["Bite","Bite","Bite","Bite","Bite"]},{"damage_healed":0,"gold_gain":0,"player_choice":"Upgraded","damage_taken":0,"max_hp_gain":0,"max_hp_loss":0,"event_name":"Upgrade Shrine","floor":46,"gold_loss":0,"cards_upgraded":["Guardian:SphericShield"]}],"is_beta":false,"boss_relics":[{"not_picked":["Honey Jar","Kintsugi"],"picked":"conspire:SpecialSausage"},{"not_picked":["Abe\u0027s Treasure","construct:ClawGrip"],"picked":"construct:WeddingRing"}],"items_purged_floors":[],"is_endless":false,"potions_floor_spawned":[9,10,14,21,26,29,31,32,33,37,38,48],"ascension_level":0}}