{"host":"91blwi3hgehj6ch9","time":1609891703,"event":{"mods":["2.2 Compatiblity","AchievementEnabler","BaseMod","Colored Map","DeckTracker","Keyboard Shortcuts","Minty Spire (QoL Compilation)","Permanent Neow","Quick Restart","StSLib","SuperFastMode"],"gold_per_floor":[113,113,129,52,52,52,0,0,26,40,140,165,190,208,208,208,208],"floor_reached":16,"playtime":397,"items_purged":[],"score":133,"play_id":"f0f1b92f-b92d-4b9a-a46b-17162a5a4df4","local_time":"20210106090823","is_ascension_mode":true,"campfire_choices":[{"data":"Eruption","floor":6.0,"key":"SMITH"},{"data":"Adaptation","floor":8.0,"key":"SMITH"},{"floor":15,"key":"REST"}],"circlet_count":0,"master_deck":["Strike_P","Strike_P","Strike_P","Defend_P","Defend_P","Defend_P","Eruption+1","Vigilance","FollowUp","Adaptation+1","EmptyBody","InnerPeace","Prostrate"],"relics":["PureWater","Golden Idol","Vajra"],"acts_visited":["Exordium"],"potions_floor_usage":[16],"damage_taken":[{"damage":1.0,"enemies":"2 Louse","floor":1.0,"turns":3.0},{"damage":12.0,"enemies":"Small Slimes","floor":3.0,"turns":7.0},{"damage":0.0,"enemies":"Cultist","floor":10.0,"turns":2.0},{"damage":0.0,"enemies":"Large Slime","floor":12.0,"turns":4.0},{"damage":9.0,"enemies":"Gremlin Gang","floor":13.0,"turns":6.0},{"damage":1,"enemies":"3 Louse","floor":14,"turns":4},{"damage":40,"enemies":"Slime Boss","floor":16,"turns":7}],"seed_played":"6846183984586585123","potions_obtained":[{"floor":12.0,"key":"DuplicationPotion"},{"floor":14,"key":"EssenceOfSteel"}],"is_trial":false,"path_per_floor":["M","?","M","$","?","R","$","R","T","M","?","M","M","M","R","B"],"character_chosen":"WATCHER","items_purchased":["Adaptation","EmptyBody"],"campfire_rested":1,"item_purchase_floors":[4,7],"current_hp_per_floor":[64,57,45,45,27,27,27,27,27,27,27,27,18,17,38,0,0],"gold":208,"neow_bonus":"REMOVE_CARD","is_daily":false,"chose_seed":false,"campfire_upgraded":2,"win_rate":0.0,"timestamp":1609891703,"path_taken":["M","?","M","$","?","R","$","R","T","M","?","?","M","M","R","BOSS"],"items_purchased_type":["Card","Card"],"build_version":"2020-12-22","purchased_purges":0,"victory":false,"max_hp_per_floor":[72,72,72,72,72,72,72,72,72,72,72,72,72,72,72,72,72],"card_choices":[{"not_picked":["ClearTheMind","PathToVictory","Study"],"picked":"SKIP","floor":1.0},{"not_picked":["Consecrate","Collect"],"picked":"FollowUp","floor":3.0},{"not_picked":["JustLucky","Crescendo","BowlingBash"],"picked":"SKIP","floor":10.0},{"not_picked":["FearNoEvil","CutThroughFate"],"picked":"InnerPeace","floor":12.0},{"not_picked":["Consecrate","SashWhip","PathToVictory"],"picked":"SKIP","floor":13.0},{"not_picked":["EmptyBody","FollowUp"],"picked":"Prostrate","floor":14}],"player_experience":91675,"relics_obtained":[{"floor":9.0,"key":"Vajra"}],"event_choices":[{"cards_removed":["Defend_P"],"damage_healed":0.0,"max_hp_gain":0.0,"max_hp_loss":0.0,"gold_gain":0.0,"event_name":"Golden Wing","player_choice":"Card Removal","floor":2.0,"gold_loss":0.0,"damage_taken":7.0},{"damage_healed":0.0,"max_hp_gain":0.0,"max_hp_loss":0.0,"gold_gain":0.0,"event_name":"Golden Idol","player_choice":"Take Damage","floor":5.0,"gold_loss":0.0,"damage_taken":18.0,"relics_obtained":["Golden Idol"]},{"damage_healed":0.0,"max_hp_gain":0.0,"max_hp_loss":0.0,"gold_gain":100.0,"event_name":"Golden Shrine","player_choice":"Pray","floor":11.0,"gold_loss":0.0,"damage_taken":0.0}],"is_beta":false,"boss_relics":[],"items_purged_floors":[],"is_endless":false,"potions_floor_spawned":[12,14],"killed_by":"Slime Boss","ascension_level":9}}