{"host":"c2ypwvkuo6d4slur","time":1609977090,"event":{"mods":["BaseMod","Colored Map","Curses Come First","Downfall","Minty Spire (QoL Compilation)","Relic Stats","StSLib"],"gold_per_floor":[119,18,30,105,123,151,28,56,131,160,180,205,219,219,219,314,314,333,333,343,368,368,368,399,399,399,429,429,446,446,458,458,562,562,580,580,591,173,173,199,199,230,230,257,257,291,291,321,321,321],"floor_reached":51,"playtime":2429,"items_purged":["Strike_R"],"score":975,"play_id":"e38bd32f-7431-405a-b1b6-6d1286ab2ce1","local_time":"20210106155130","is_ascension_mode":true,"campfire_choices":[{"data":"Carnage","floor":15.0,"key":"SMITH"},{"data":"Disarm","floor":23.0,"key":"SMITH"},{"data":"Flame Barrier","floor":25.0,"key":"SMITH"},{"data":"Juggernaut","floor":28.0,"key":"SMITH"},{"data":"Shockwave","floor":30.0,"key":"SMITH"},{"data":"Pommel Strike","floor":32.0,"key":"SMITH"},{"data":"Corruption","floor":41.0,"key":"SMITH"},{"data":"Limit Break","floor":45,"key":"SMITH"},{"data":"Demon Form","floor":47,"key":"SMITH"},{"data":"Offering","floor":49,"key":"SMITH"}],"circlet_count":0,"master_deck":["Defend_R+1","Defend_R","Defend_R","Defend_R+1","Bash","Carnage+1","Pommel Strike+1","Sword Boomerang","Shockwave+1","Shrug It Off","Flame Barrier+1","Juggernaut+1","Disarm+1","Bite","Bite","Bite","Bite","Bite","Metallicize+1","Corruption+1","Shrug It Off","Warcry+1","Limit Break+1","Burning Pact","Battle Trance+1","Finesse","Demon Form+1","PanicButton","Flame Barrier+1","Offering+1","Heavy Blade+1"],"relics":["Burning Blood","NeowsBlessing","Du-Vu Doll","Vajra","Pear","War Paint","StoneCalendar","Philosopher\u0027s Stone","Red Mask","MutagenicStrength","CaptainsWheel","WingedGreaves","Tiny Chest","Velvet Choker","Kunai","Molten Egg 2","Blood Vial","Eternal Feather","Smiling Mask","Toy Ornithopter","Bottled Lightning"],"acts_visited":["TheCity","TheBeyond"],"potions_floor_usage":[44,44],"damage_taken":[{"damage":0.0,"enemies":"2 Louse","floor":1.0,"turns":1.0},{"damage":0.0,"enemies":"Cultist","floor":3.0,"turns":1.0},{"damage":0.0,"enemies":"Jaw Worm","floor":5.0,"turns":1.0},{"damage":14.0,"enemies":"Gremlin Nob","floor":6.0,"turns":3.0},{"damage":31.0,"enemies":"3 Sentries","floor":8.0,"turns":6.0},{"damage":10.0,"enemies":"Gremlin Nob","floor":10.0,"turns":3.0},{"damage":5.0,"enemies":"3 Louse","floor":11.0,"turns":3.0},{"damage":19.0,"enemies":"3 Sentries","floor":12.0,"turns":5.0},{"damage":0.0,"enemies":"Large Slime","floor":13.0,"turns":4.0},{"damage":26.0,"enemies":"Slime Boss","floor":16.0,"turns":7.0},{"damage":27.0,"enemies":"Spheric Guardian","floor":18.0,"turns":4.0},{"damage":16.0,"enemies":"2 Thieves","floor":20.0,"turns":3.0},{"damage":22.0,"enemies":"Masked Bandits","floor":21.0,"turns":4.0},{"damage":18.0,"enemies":"Slavers","floor":24.0,"turns":5.0},{"damage":34.0,"enemies":"Gremlin Leader","floor":27.0,"turns":9.0},{"damage":4.0,"enemies":"Snecko","floor":29.0,"turns":4.0},{"damage":1.0,"enemies":"Cultist and Chosen","floor":31.0,"turns":6.0},{"damage":8.0,"enemies":"Champ","floor":33.0,"turns":13.0},{"damage":6.0,"enemies":"3 Shapes","floor":35.0,"turns":3.0},{"damage":16.0,"enemies":"Orb Walker","floor":37.0,"turns":4.0},{"damage":50.0,"enemies":"Reptomancer","floor":40.0,"turns":6.0},{"damage":9.0,"enemies":"Nemesis","floor":42.0,"turns":7.0},{"damage":21,"enemies":"Reptomancer","floor":44,"turns":6},{"damage":6,"enemies":"Nemesis","floor":46,"turns":5},{"damage":21,"enemies":"Giant Head","floor":48,"turns":7},{"damage":49,"enemies":"Awakened One","floor":50,"turns":10}],"seed_played":"-8882371917165034767","potions_obtained":[{"floor":3.0,"key":"PowerPotion"},{"floor":8.0,"key":"PowerPotion"},{"floor":13.0,"key":"DuplicationPotion"},{"floor":35.0,"key":"CultistPotion"},{"floor":48,"key":"BloodPotion"}],"is_trial":false,"path_per_floor":["M","$","M","?","M","E","$","E","T","E","M","E","M","?","R","B",null,"M","?","M","?","?","R","E","R","T","E","R","M","R","M","R","B",null,"M","?","M","$","?","E","R","E","T","E","R","E","R","E","R","B",null],"character_chosen":"IRONCLAD","items_purchased":["Fire Potion","Pommel Strike","BlessingOfTheForge","Kunai","Finesse","Demon Form"],"campfire_rested":0,"item_purchase_floors":[2,2,7,38,38,38],"current_hp_per_floor":[80,80,80,72,78,70,70,45,55,51,52,39,45,50,50,30,95,74,66,64,56,56,56,50,50,50,48,48,60,60,66,66,66,66,66,63,57,57,52,18,18,25,25,24,42,52,63,60,63,40],"gold":321,"neow_bonus":"THREE_ENEMY_KILL","is_daily":false,"chose_seed":false,"campfire_upgraded":10,"win_rate":0.0,"timestamp":1609977090,"path_taken":["M","$","M","?","M","E","?","E","T","E","?","E","M","?","R","BOSS","M","?","M","?","?","R","E","R","T","E","R","M","R","M","R","BOSS","M","?","M","$","?","E","R","E","T","E","R","E","R","E","R","BOSS"],"items_purchased_type":["Potion","Card","Potion","Relic","Card","Card"],"build_version":"2020-12-22","purchased_purges":1,"victory":true,"max_hp_per_floor":[80,80,80,80,80,80,80,80,90,90,90,90,90,95,95,95,95,95,66,66,66,66,66,66,66,66,66,66,66,66,66,66,66,66,66,63,63,63,63,63,63,63,63,63,63,63,63,63,63,63],"relic_stats":{"Blood Vial":4,"counters":[26,130],"StoneCalendar":[204],"Tiny Chest":0,"Eternal Feather":32,"Kunai":[6],"War Paint":["Defend_R","Defend_R"],"Smiling Mask":0,"obtain_stats":[{"Pear":9,"NeowsBlessing":0,"Vajra":8,"Velvet Choker":34,"StoneCalendar":12,"Eternal Feather":43,"War Paint":10,"Smiling Mask":44,"Burning Blood":0,"Du-Vu Doll":6,"Blood Vial":42,"CaptainsWheel":24,"MutagenicStrength":22,"Philosopher\u0027s Stone":17,"Tiny Chest":27,"Molten Egg 2":40,"WingedGreaves":26,"Red Mask":21,"Kunai":38,"Bottled Lightning":48,"Toy Ornithopter":46},{"Pear":5,"NeowsBlessing":0,"Vajra":5,"Velvet Choker":18,"StoneCalendar":8,"Eternal Feather":22,"War Paint":6,"Smiling Mask":23,"Burning Blood":0,"Du-Vu Doll":4,"Blood Vial":22,"CaptainsWheel":14,"MutagenicStrength":13,"Philosopher\u0027s Stone":10,"Tiny Chest":15,"Molten Egg 2":21,"WingedGreaves":14,"Red Mask":13,"Kunai":20,"Bottled Lightning":25,"Toy Ornithopter":24},{"Pear":12,"NeowsBlessing":0,"Vajra":12,"Velvet Choker":82,"StoneCalendar":23,"Eternal Feather":102,"War Paint":15,"Smiling Mask":108,"Burning Blood":0,"Du-Vu Doll":6,"Blood Vial":102,"CaptainsWheel":50,"MutagenicStrength":45,"Philosopher\u0027s Stone":34,"Tiny Chest":59,"Molten Egg 2":95,"WingedGreaves":50,"Red Mask":45,"Kunai":89,"Bottled Lightning":120,"Toy Ornithopter":113}],"Burning Blood":130,"Toy Ornithopter":0},"card_choices":[{"not_picked":["Cleave","Sword Boomerang"],"picked":"Carnage","floor":1.0},{"not_picked":["Seeing Red","Iron Wave","Armaments"],"picked":"SKIP","floor":3.0},{"not_picked":["Body Slam","Clash","Pommel Strike"],"picked":"SKIP","floor":5.0},{"not_picked":["Iron Wave","Armaments"],"picked":"Sword Boomerang","floor":6.0},{"not_picked":["Sever Soul","Sword Boomerang"],"picked":"Shockwave","floor":8.0},{"not_picked":["Rampage","Twin Strike","Dual Wield"],"picked":"SKIP","floor":10.0},{"not_picked":["Second Wind","Iron Wave"],"picked":"Shrug It Off","floor":11.0},{"not_picked":["Blood for Blood","Infernal Blade","Shockwave"],"picked":"SKIP","floor":12.0},{"not_picked":["Ghostly Armor","Infernal Blade"],"picked":"Flame Barrier","floor":13.0},{"not_picked":["Barricade","Double Tap"],"picked":"Juggernaut","floor":16.0},{"not_picked":["Shrug It Off","Perfected Strike+1"],"picked":"Disarm","floor":18.0},{"not_picked":["Armaments","Ghostly Armor"],"picked":"Metallicize+1","floor":20.0},{"not_picked":["Power Through","Combust"],"picked":"Corruption","floor":24.0},{"not_picked":["Headbutt+1","Intimidate"],"picked":"Shrug It Off","floor":27.0},{"not_picked":["True Grit","Bloodletting","Armaments+1"],"picked":"SKIP","floor":29.0},{"not_picked":["Pommel Strike","Second Wind"],"picked":"Warcry+1","floor":31.0},{"not_picked":["Reaper","Berserk"],"picked":"Limit Break","floor":33.0},{"not_picked":["Rupture","Uppercut"],"picked":"Burning Pact","floor":35.0},{"not_picked":["Iron Wave+1","Perfected Strike"],"picked":"Battle Trance+1","floor":37.0},{"not_picked":["Trip","Good Instincts"],"picked":"PanicButton","floor":39.0},{"not_picked":["Twin Strike+1","Clash+1","Flex+1"],"picked":"SKIP","floor":40.0},{"not_picked":["Inflame+1","Demon Form"],"picked":"Flame Barrier+1","floor":42.0},{"not_picked":["Cleave+1","Combust+1"],"picked":"Offering","floor":44},{"not_picked":["Pummel+1","Shockwave"],"picked":"Heavy Blade+1","floor":46},{"not_picked":["Berserk","Twin Strike+1","Cleave+1"],"picked":"SKIP","floor":48}],"player_experience":52183,"relics_obtained":[{"floor":6.0,"key":"Du-Vu Doll"},{"floor":8.0,"key":"Vajra"},{"floor":9.0,"key":"Pear"},{"floor":10.0,"key":"War Paint"},{"floor":12.0,"key":"StoneCalendar"},{"floor":21.0,"key":"Red Mask"},{"floor":24.0,"key":"CaptainsWheel"},{"floor":26.0,"key":"WingedGreaves"},{"floor":27.0,"key":"Tiny Chest"},{"floor":40.0,"key":"Molten Egg 2"},{"floor":42.0,"key":"Blood Vial"},{"floor":43.0,"key":"Eternal Feather"},{"floor":44,"key":"Smiling Mask"},{"floor":46,"key":"Toy Ornithopter"},{"floor":48,"key":"Bottled Lightning"}],"event_choices":[{"damage_healed":0.0,"max_hp_gain":0.0,"max_hp_loss":0.0,"gold_gain":75.0,"event_name":"FaceTrader","player_choice":"Touch","floor":4.0,"gold_loss":0.0,"damage_taken":8.0},{"damage_healed":0.0,"max_hp_gain":5.0,"max_hp_loss":0.0,"gold_gain":0.0,"event_name":"Big Fish","player_choice":"Donut","floor":14.0,"gold_loss":0.0,"damage_taken":0.0},{"damage_healed":0.0,"max_hp_gain":0.0,"max_hp_loss":29.0,"gold_gain":0.0,"event_name":"Vampires","player_choice":"Became a vampire","floor":19.0,"gold_loss":0.0,"damage_taken":0.0,"cards_obtained":["Bite","Bite","Bite","Bite","Bite"]},{"damage_healed":0.0,"max_hp_gain":0.0,"max_hp_loss":0.0,"gold_gain":0.0,"event_name":"Masked Bandits","player_choice":"Fought Bandits","floor":21.0,"gold_loss":0.0,"damage_taken":0.0},{"damage_healed":0.0,"max_hp_gain":0.0,"max_hp_loss":0.0,"gold_gain":0.0,"event_name":"Drug Dealer","player_choice":"Inject Mutagens","floor":22.0,"gold_loss":0.0,"damage_taken":0.0,"relics_obtained":["MutagenicStrength"]},{"damage_healed":0.0,"max_hp_gain":0.0,"max_hp_loss":3.0,"gold_gain":0.0,"event_name":"Winding Halls","player_choice":"Max HP","floor":36.0,"gold_loss":0.0,"damage_taken":0.0},{"damage_healed":0.0,"max_hp_gain":0.0,"max_hp_loss":0.0,"gold_gain":0.0,"event_name":"SensoryStone","player_choice":"Memory 2","floor":39.0,"gold_loss":0.0,"damage_taken":5.0}],"is_beta":false,"boss_relics":[{"not_picked":["Fusion Hammer","Mark of Pain"],"picked":"Philosopher\u0027s Stone"},{"not_picked":["Tiny House","Astrolabe"],"picked":"Velvet Choker"}],"items_purged_floors":[7],"is_endless":false,"potions_floor_spawned":[3,8,13,27,29,35,42,48],"ascension_level":1}}