{"host":"ymmeoa1x24ihslbm","time":1609974923,"event":{"mods":["AchievementEnabler","BaseMod","Colored Map","Colored Powertips","Defuse TimeMaze Blight","Highlight Path","Minty Spire (QoL Compilation)","Permanent Neow","Quick Restart","StSLib","Unceasing Turn Reminder"],"gold_per_floor":[18,18,18,18,18,18,32,32,55,88,157,175,175,245,245,375,375,393,413,463,513,538,538,557,557,634,634,669,194,217,286,286,415,415,438,459,459,459],"floor_reached":37,"playtime":2137,"items_purged":[],"score":514,"play_id":"01453c39-fd08-43b6-832d-39bd6841fe4d","local_time":"20210107001523","is_ascension_mode":true,"campfire_choices":[{"data":"ForeignInfluence","floor":6.0,"key":"SMITH"},{"data":"Vigilance","floor":8.0,"key":"SMITH"},{"data":"ThirdEye","floor":13.0,"key":"SMITH"},{"data":"WheelKick","floor":15.0,"key":"SMITH"},{"data":"FlyingSleeves","floor":23.0,"key":"SMITH"},{"data":"FollowUp","floor":25.0,"key":"SMITH"},{"floor":27.0,"key":"DIG"},{"floor":32.0,"key":"DIG"}],"circlet_count":0,"master_deck":["Strike_P+1","Strike_P","Strike_P","Defend_P","Defend_P","Defend_P","Eruption+1","Vigilance+1","ForeignInfluence+1","FollowUp+1","ThirdEye+1","WheelKick+1","LessonLearned+1","FlyingSleeves+1","FearNoEvil+1","Meditate+1","Ragnarok+1","Blasphemy","Protect+1"],"relics":["HolyWater","TungstenRod","Golden Idol","SsserpentHead","Bronze Scales","Shovel","Empty Cage","Bottled Lightning","Pen Nib","Orichalcum","TheAbacus","GoldenEye","Dream Catcher"],"acts_visited":["Exordium","TheCity","TheBeyond"],"potions_floor_usage":[37],"damage_taken":[{"damage":0.0,"enemies":"Cultist","floor":1.0,"turns":4.0},{"damage":0.0,"enemies":"2 Louse","floor":7.0,"turns":2.0},{"damage":8.0,"enemies":"3 Sentries","floor":10.0,"turns":5.0},{"damage":0.0,"enemies":"Small Slimes","floor":11.0,"turns":1.0},{"damage":0.0,"enemies":"Exordium Thugs","floor":12.0,"turns":3.0},{"damage":0.0,"enemies":"2 Fungi Beasts","floor":14.0,"turns":2.0},{"damage":33.0,"enemies":"The Guardian","floor":16.0,"turns":15.0},{"damage":7.0,"enemies":"2 Thieves","floor":18.0,"turns":4.0},{"damage":0.0,"enemies":"Spheric Guardian","floor":19.0,"turns":3.0},{"damage":14.0,"enemies":"Snake Plant","floor":22.0,"turns":3.0},{"damage":0.0,"enemies":"Snecko","floor":24.0,"turns":1.0},{"damage":9.0,"enemies":"Slavers","floor":28.0,"turns":4.0},{"damage":0.0,"enemies":"Centurion and Healer","floor":30.0,"turns":3.0},{"damage":8.0,"enemies":"Shelled Parasite and Fungi","floor":31.0,"turns":3.0},{"damage":32.0,"enemies":"Collector","floor":33.0,"turns":7.0},{"damage":42,"enemies":"3 Darklings","floor":35,"turns":3},{"damage":0,"enemies":"Orb Walker","floor":36,"turns":3},{"damage":22,"enemies":"4 Shapes","floor":37,"turns":1}],"seed_played":"2192107983529671075","potions_obtained":[{"floor":1.0,"key":"SkillPotion"},{"floor":7.0,"key":"CultistPotion"},{"floor":18.0,"key":"SteroidPotion"},{"floor":19.0,"key":"SpeedPotion"},{"floor":22.0,"key":"Regen Potion"},{"floor":30.0,"key":"SpeedPotion"},{"floor":36,"key":"AttackPotion"}],"is_trial":false,"path_per_floor":["M","?","?","$","?","R","M","R","T","E","M","M","R","M","R","B",null,"M","M","?","?","M","R","M","R","T","R","E","$","M","M","R","B",null,"M","M","M"],"character_chosen":"WATCHER","items_purchased":["TheAbacus","GoldenEye","Meditate"],"campfire_rested":0,"item_purchase_floors":[29,29,29],"current_hp_per_floor":[72,72,55,55,55,55,55,55,55,47,47,47,47,47,47,14,58,51,51,51,51,37,37,37,37,37,37,28,28,28,20,20,3,55,13,13,0,0],"gold":459,"neow_bonus":"ONE_RARE_RELIC","is_daily":false,"chose_seed":false,"campfire_upgraded":6,"win_rate":0.0,"timestamp":1609974923,"path_taken":["M","?","?","$","?","R","M","R","T","E","?","M","R","?","R","BOSS","M","M","?","?","M","R","M","R","T","R","E","?","M","?","R","BOSS","M","M","M"],"items_purchased_type":["Relic","Relic","Card"],"build_version":"2020-12-22","purchased_purges":0,"victory":false,"max_hp_per_floor":[72,72,72,72,72,72,72,72,72,72,72,72,72,72,72,72,72,72,72,72,72,72,72,72,72,72,72,72,72,72,72,72,72,72,72,72,72,72],"card_choices":[{"not_picked":["Protect","BowlingBash"],"picked":"ForeignInfluence","floor":1.0},{"not_picked":["Consecrate","Weave"],"picked":"FollowUp","floor":7.0},{"not_picked":["Perseverance","Pray"],"picked":"ThirdEye","floor":10.0},{"not_picked":["CrushJoints","FlurryOfBlows","Prostrate"],"picked":"SKIP","floor":11.0},{"not_picked":["PathToVictory","Wallop","ClearTheMind"],"picked":"SKIP","floor":12.0},{"not_picked":["CutThroughFate","Evaluate"],"picked":"WheelKick","floor":14.0},{"not_picked":["Brilliance","SpiritShield"],"picked":"LessonLearned","floor":16.0},{"not_picked":["JustLucky","ReachHeaven","CrushJoints"],"picked":"SKIP","floor":18.0},{"not_picked":["BowlingBash+1","CrushJoints","SashWhip"],"picked":"SKIP","floor":19.0},{"not_picked":["PathToVictory","WreathOfFlame+1","CrushJoints"],"picked":"SKIP","floor":22.0},{"not_picked":["Consecrate","LikeWater","WaveOfTheHand"],"picked":"SKIP","floor":24.0},{"not_picked":["Crescendo","BowlingBash+1"],"picked":"FearNoEvil+1","floor":28.0},{"not_picked":["SashWhip","ThirdEye","WaveOfTheHand+1"],"picked":"SKIP","floor":30.0},{"not_picked":["JustLucky","ReachHeaven"],"picked":"Ragnarok","floor":31.0},{"not_picked":["Devotion","LessonLearned"],"picked":"Blasphemy","floor":33.0},{"not_picked":["BowlingBash","SashWhip+1"],"picked":"Protect+1","floor":35},{"not_picked":["SashWhip+1","Crescendo","CrushJoints"],"picked":"SKIP","floor":36}],"player_experience":703267,"relics_obtained":[{"floor":9.0,"key":"Bronze Scales"},{"floor":10.0,"key":"Shovel"},{"floor":26.0,"key":"Bottled Lightning"},{"floor":27.0,"key":"Pen Nib"},{"floor":28.0,"key":"Orichalcum"},{"floor":32.0,"key":"Dream Catcher"}],"event_choices":[{"damage_healed":0.0,"max_hp_gain":0.0,"max_hp_loss":0.0,"gold_gain":0.0,"event_name":"Living Wall","player_choice":"Grow","floor":2.0,"gold_loss":0.0,"damage_taken":0.0,"cards_upgraded":["Eruption"]},{"damage_healed":0.0,"max_hp_gain":0.0,"max_hp_loss":0.0,"gold_gain":0.0,"event_name":"Golden Idol","player_choice":"Take Damage","floor":3.0,"gold_loss":0.0,"damage_taken":18.0,"relics_obtained":["Golden Idol"]},{"damage_healed":0.0,"max_hp_gain":0.0,"max_hp_loss":0.0,"gold_gain":0.0,"event_name":"FaceTrader","player_choice":"Trade","floor":5.0,"gold_loss":0.0,"damage_taken":0.0,"relics_obtained":["SsserpentHead"]},{"damage_healed":0.0,"max_hp_gain":0.0,"max_hp_loss":0.0,"gold_gain":0.0,"event_name":"The Library","player_choice":"Read","floor":20.0,"gold_loss":0.0,"damage_taken":0.0,"cards_obtained":["FlyingSleeves"]},{"damage_healed":0.0,"max_hp_gain":0.0,"max_hp_loss":0.0,"gold_gain":0.0,"event_name":"Ghosts","player_choice":"Ignored","floor":21.0,"gold_loss":0.0,"damage_taken":0.0}],"is_beta":false,"boss_relics":[{"not_picked":["Velvet Choker","Sozu"],"picked":"Empty Cage"},{"not_picked":["Pandora\u0027s Box","Runic Pyramid"],"picked":"HolyWater"}],"items_purged_floors":[],"is_endless":false,"potions_floor_spawned":[1,7,18,19,22,30,36],"killed_by":"4 Shapes","ascension_level":5}}