{"host":"dmdprxj8bosbz96f","time":1609907636,"event":{"mods":["AchievementEnabler","BaseMod","Colored Map","DeckTracker","Minty Spire (QoL Compilation)","Quick Restart","SuperFastMode","everything is the same but u backflip on backflip"],"gold_per_floor":[117,117,136,155,165,165,194,194,194,194,194,28,28,40,40,137,137,151,151,151,167,40,66,66,86,86,86,86,86,86,11,11,106,106,121,171,33,48,0,0,28,28,28,28,28,48,48,68,68,68,68],"floor_reached":50,"playtime":1617,"items_purged":["Leg Sweep"],"score":605,"play_id":"c54ccb84-1e05-4862-8647-9f7e52fd250c","local_time":"20210106133356","is_ascension_mode":true,"campfire_choices":[{"data":"Outmaneuver","floor":6.0,"key":"SMITH"},{"floor":8.0,"key":"REST"},{"data":"Poisoned Stab","floor":10.0,"key":"SMITH"},{"data":"Panache","floor":13.0,"key":"SMITH"},{"data":"Venomology","floor":15.0,"key":"SMITH"},{"floor":24.0,"key":"REST"},{"floor":28.0,"key":"REST"},{"data":"Adrenaline","floor":30.0,"key":"SMITH"},{"floor":32.0,"key":"REST"},{"floor":40.0,"key":"REST"},{"floor":42.0,"key":"REST"},{"data":"Crippling Poison","floor":44.0,"key":"SMITH"},{"floor":49.0,"key":"REST"}],"circlet_count":0,"master_deck":["Strike_G","Strike_G","Strike_G","Strike_G","Strike_G","Defend_G","Survivor","Neutralize","All Out Attack","Poisoned Stab+1","Outmaneuver+1","Panache+1","Venomology+1","Adrenaline+1","Poisoned Stab+1","Setup+1","Dagger Throw+1","Acrobatics+1","Prepared","Deflect","Footwork","Backflip","PiercingWail+1","Decay","Bullet Time","Deadly Poison+1","Noxious Fumes","Deflect","Acrobatics","Crippling Poison+1","Deadly Poison+1","Bouncing Flask","Dagger Throw+1"],"relics":["Ring of the Serpent","NeowsBlessing","Lizard Tail","HornCleat","Astrolabe","Ornamental Fan","Incense Burner","Pocketwatch","Red Mask","Molten Egg 2","Letter Opener"],"acts_visited":["Exordium","TheCity","TheBeyond"],"potions_floor_usage":[50,50],"damage_taken":[{"damage":0.0,"enemies":"Jaw Worm","floor":1.0,"turns":1.0},{"damage":0.0,"enemies":"Cultist","floor":3.0,"turns":1.0},{"damage":0.0,"enemies":"2 Louse","floor":4.0,"turns":1.0},{"damage":14.0,"enemies":"Lots of Slimes","floor":5.0,"turns":3.0},{"damage":33.0,"enemies":"Gremlin Nob","floor":7.0,"turns":5.0},{"damage":14.0,"enemies":"Exordium Thugs","floor":14.0,"turns":5.0},{"damage":24.0,"enemies":"The Guardian","floor":16.0,"turns":11.0},{"damage":18.0,"enemies":"Spheric Guardian","floor":18.0,"turns":4.0},{"damage":16.0,"enemies":"3 Byrds","floor":21.0,"turns":5.0},{"damage":14.0,"enemies":"Slavers","floor":23.0,"turns":5.0},{"damage":0.0,"enemies":"Cultist and Chosen","floor":25.0,"turns":4.0},{"damage":67.0,"enemies":"Collector","floor":33.0,"turns":10.0},{"damage":11.0,"enemies":"Orb Walker","floor":35.0,"turns":4.0},{"damage":14.0,"enemies":"Mind Bloom Boss Battle","floor":36.0,"turns":7.0},{"damage":20.0,"enemies":"3 Shapes","floor":38.0,"turns":4.0},{"damage":7.0,"enemies":"Nemesis","floor":41.0,"turns":7.0},{"damage":33.0,"enemies":"Jaw Worm Horde","floor":46.0,"turns":3.0},{"damage":2.0,"enemies":"4 Shapes","floor":48.0,"turns":4.0},{"damage":20,"enemies":"Donu and Deca","floor":50,"turns":4}],"seed_played":"-6104468278316036505","potions_obtained":[{"floor":1.0,"key":"ColorlessPotion"},{"floor":7.0,"key":"EssenceOfSteel"},{"floor":14.0,"key":"ColorlessPotion"},{"floor":16.0,"key":"Explosive Potion"},{"floor":23.0,"key":"DistilledChaos"},{"floor":33.0,"key":"CultistPotion"},{"floor":35.0,"key":"Energy Potion"},{"floor":48.0,"key":"Energy Potion"}],"is_trial":false,"path_per_floor":["M","?","M","M","M","R","E","R","T","R","?","$","R","M","R","B",null,"M","?","?","M","$","E","R","M","T","?","R","?","R","$","R","B",null,"M","?","$","M","?","R","E","R","T","R","$","M","$","M","R","B"],"character_chosen":"THE_SILENT","items_purchased":["Panache","Deflect","Footwork","Noxious Fumes","Deflect","Acrobatics"],"campfire_rested":7,"item_purchase_floors":[12,22,22,37,37,37],"current_hp_per_floor":[70,70,70,70,56,56,23,44,44,44,44,44,44,30,30,6,54,36,36,36,20,20,6,27,27,27,27,48,48,48,48,69,2,53,42,28,28,8,8,29,22,43,43,43,43,10,10,8,29,9,9],"gold":68,"neow_bonus":"THREE_ENEMY_KILL","is_daily":false,"chose_seed":false,"campfire_upgraded":6,"win_rate":0.0,"timestamp":1609907636,"path_taken":["M","?","M","?","M","R","E","R","T","R","?","$","R","?","R","BOSS","M","?","?","?","?","E","R","M","T","?","R","?","R","$","R","BOSS","M","?","$","M","?","R","E","R","T","R","$","M","?","M","R","BOSS"],"items_purchased_type":["Card","Card","Card","Card","Card","Card"],"build_version":"2020-12-22","purchased_purges":1,"victory":false,"max_hp_per_floor":[70,70,70,70,70,70,70,70,70,70,70,70,70,70,70,70,70,70,70,70,70,70,70,70,70,70,70,70,70,70,70,70,70,70,70,70,70,70,70,70,70,70,70,70,70,70,70,70,70,70,70],"card_choices":[{"not_picked":["Dash","Slice"],"picked":"All Out Attack","floor":1.0},{"not_picked":["Dagger Spray","Sucker Punch","Quick Slash"],"picked":"SKIP","floor":3.0},{"not_picked":["Quick Slash","Flying Knee"],"picked":"Poisoned Stab","floor":4.0},{"not_picked":["Slice","Bane"],"picked":"Outmaneuver","floor":5.0},{"not_picked":["Backstab","Sucker Punch","Flechettes"],"picked":"SKIP","floor":7.0},{"not_picked":["Noxious Fumes","Outmaneuver"],"picked":"Venomology","floor":14.0},{"not_picked":["Tools of the Trade","Bullet Time"],"picked":"Adrenaline","floor":16.0},{"not_picked":["Dodge and Roll","Deflect"],"picked":"Acrobatics+1","floor":18.0},{"not_picked":["Dagger Spray+1","Noxious Fumes"],"picked":"Prepared","floor":21.0},{"not_picked":["Dagger Throw","Quick Slash"],"picked":"Backflip","floor":23.0},{"not_picked":["Deflect","Predator"],"picked":"PiercingWail+1","floor":25.0},{"not_picked":["Unload","Die Die Die"],"picked":"Bullet Time","floor":33.0},{"not_picked":["Dodge and Roll+1","Deflect"],"picked":"Deadly Poison+1","floor":35.0},{"not_picked":["Poisoned Stab","Bane+1"],"picked":"Crippling Poison","floor":38.0},{"not_picked":["Quick Slash+1","Distraction+1"],"picked":"Deadly Poison+1","floor":41.0},{"not_picked":["Phantasmal Killer","Deadly Poison"],"picked":"Bouncing Flask","floor":46.0},{"not_picked":["Outmaneuver","Poisoned Stab+1"],"picked":"Dagger Throw+1","floor":48.0}],"player_experience":159466,"relics_obtained":[{"floor":7.0,"key":"Lizard Tail"},{"floor":9.0,"key":"HornCleat"},{"floor":23.0,"key":"Ornamental Fan"},{"floor":26.0,"key":"Incense Burner"},{"floor":36.0,"key":"Pocketwatch"},{"floor":41.0,"key":"Molten Egg 2"},{"floor":43.0,"key":"Letter Opener"}],"event_choices":[{"damage_healed":0.0,"max_hp_gain":0.0,"max_hp_loss":0.0,"gold_gain":0.0,"cards_transformed":["Defend_G"],"event_name":"Transmorgrifier","player_choice":"Transformed","floor":2.0,"gold_loss":0.0,"damage_taken":0.0,"cards_obtained":["Leg Sweep"]},{"damage_healed":0.0,"max_hp_gain":0.0,"max_hp_loss":0.0,"gold_gain":0.0,"event_name":"Wheel of Change","player_choice":"Cursed","floor":11.0,"gold_loss":0.0,"damage_taken":0.0,"cards_obtained":["Decay"]},{"cards_removed":["Decay"],"damage_healed":0.0,"max_hp_gain":0.0,"max_hp_loss":0.0,"gold_gain":0.0,"event_name":"Back to Basics","player_choice":"Elegance","floor":19.0,"gold_loss":0.0,"damage_taken":0.0},{"damage_healed":0.0,"max_hp_gain":0.0,"max_hp_loss":0.0,"gold_gain":0.0,"event_name":"The Woman in Blue","player_choice":"Bought 0 Potions","floor":20.0,"gold_loss":0.0,"damage_taken":0.0},{"damage_healed":0.0,"max_hp_gain":0.0,"max_hp_loss":0.0,"gold_gain":0.0,"event_name":"Forgotten Altar","player_choice":"Smashed Altar","floor":27.0,"gold_loss":0.0,"damage_taken":0.0,"cards_obtained":["Decay"]},{"damage_healed":0.0,"max_hp_gain":0.0,"max_hp_loss":0.0,"gold_gain":0.0,"event_name":"Vampires","player_choice":"Ignored","floor":29.0,"gold_loss":0.0,"damage_taken":0.0},{"damage_healed":0.0,"max_hp_gain":0.0,"max_hp_loss":0.0,"gold_gain":0.0,"event_name":"MindBloom","player_choice":"Fight","floor":36.0,"gold_loss":0.0,"damage_taken":0.0},{"damage_healed":0.0,"max_hp_gain":0.0,"max_hp_loss":0.0,"gold_gain":0.0,"event_name":"Tomb of Lord Red Mask","player_choice":"Paid","floor":39.0,"gold_loss":48.0,"damage_taken":0.0,"relics_obtained":["Red Mask"]}],"is_beta":false,"boss_relics":[{"not_picked":["Coffee Dripper","Snecko Eye"],"picked":"Astrolabe"},{"not_picked":["Runic Pyramid","Velvet Choker"],"picked":"Ring of the Serpent"}],"items_purged_floors":[31],"is_endless":false,"potions_floor_spawned":[1,7,14,16,23,33,35,48],"killed_by":"Donu and Deca","ascension_level":5}}