{"host":"jn2qdns2nxijvlnt","time":1609948626,"event":{"mods":["BaseMod","Minty Spire (QoL Compilation)","Quick Restart"],"gold_per_floor":[216,31,31,41,41,58,58,23,97,126,126,151,162,175,175,273,273,293,1,15,15,27,62,62,79,104,104,139,156,156,188,188,287,287,297,297,309,0,19,19,34,34,59,9,23,23,39,39,39,39],"floor_reached":51,"playtime":2926,"items_purged":["Shame"],"score":821,"play_id":"acad4735-921f-4690-9ee5-36968634aabb","local_time":"20210106105706","is_ascension_mode":true,"campfire_choices":[{"data":"Dagger Spray","floor":7.0,"key":"SMITH"},{"floor":15.0,"key":"REST"},{"floor":24.0,"key":"REST"},{"data":"Distraction","floor":27.0,"key":"SMITH"},{"floor":30.0,"key":"REST"},{"data":"Infinite Blades","floor":32.0,"key":"SMITH"},{"floor":40.0,"key":"REST"},{"floor":46.0,"key":"REST"},{"floor":49,"key":"REST"}],"circlet_count":0,"master_deck":["Strike_G","Strike_G","Strike_G","Strike_G","Defend_G+1","Defend_G","Defend_G","Defend_G","Defend_G","Survivor+1","Neutralize","Flying Knee","Bouncing Flask+1","After Image","Dagger Spray+1","Backstab+1","Finisher","Infinite Blades+1","Accuracy","Poisoned Stab","Die Die Die","CurseOfTheBell","Distraction+1","Backstab","Terror","Backflip","Deflect+1","Distraction+1","Noxious Fumes","Parasite"],"relics":["Ring of the Snake","Bag of Marbles","Letter Opener","War Paint","InkBottle","Lantern","Calling Bell","Smiling Mask","Meat on the Bone","FossilizedHelix","Toy Ornithopter","TungstenRod","Boot","Dead Branch","Bronze Scales","Fusion Hammer","Red Mask","Orichalcum","Sundial"],"acts_visited":["Exordium","TheCity","TheBeyond"],"potions_floor_usage":[50],"damage_taken":[{"damage":3.0,"enemies":"Cultist","floor":1.0,"turns":5.0},{"damage":0.0,"enemies":"Small Slimes","floor":4.0,"turns":2.0},{"damage":3.0,"enemies":"Jaw Worm","floor":6.0,"turns":3.0},{"damage":21.0,"enemies":"Gremlin Nob","floor":10.0,"turns":4.0},{"damage":16.0,"enemies":"Lagavulin","floor":12.0,"turns":4.0},{"damage":2.0,"enemies":"Gremlin Gang","floor":13.0,"turns":3.0},{"damage":0.0,"enemies":"Blue Slaver","floor":14.0,"turns":1.0},{"damage":18.0,"enemies":"Hexaghost","floor":16.0,"turns":6.0},{"damage":0.0,"enemies":"Spheric Guardian","floor":18.0,"turns":3.0},{"damage":0.0,"enemies":"Chosen","floor":20.0,"turns":1.0},{"damage":6.0,"enemies":"Snake Plant","floor":22.0,"turns":2.0},{"damage":21.0,"enemies":"Slavers","floor":23.0,"turns":5.0},{"damage":5.0,"enemies":"Chosen and Byrds","floor":25.0,"turns":3.0},{"damage":47.0,"enemies":"Book of Stabbing","floor":28.0,"turns":5.0},{"damage":0.0,"enemies":"Snecko","floor":29.0,"turns":4.0},{"damage":0.0,"enemies":"Gremlin Leader","floor":31.0,"turns":1.0},{"damage":16.0,"enemies":"Champ","floor":33.0,"turns":10.0},{"damage":0.0,"enemies":"Orb Walker","floor":35.0,"turns":2.0},{"damage":1.0,"enemies":"3 Darklings","floor":37.0,"turns":3.0},{"damage":13.0,"enemies":"Sphere and 2 Shapes","floor":39.0,"turns":4.0},{"damage":30.0,"enemies":"4 Shapes","floor":41.0,"turns":3.0},{"damage":0.0,"enemies":"Writhing Mass","floor":45.0,"turns":3.0},{"damage":0.0,"enemies":"3 Darklings","floor":47.0,"turns":2.0},{"damage":14,"enemies":"Donu and Deca","floor":50,"turns":6}],"seed_played":"-4545156975613297473","potions_obtained":[{"floor":4.0,"key":"LiquidBronze"},{"floor":10.0,"key":"LiquidBronze"},{"floor":14.0,"key":"DistilledChaos"},{"floor":16.0,"key":"ColorlessPotion"},{"floor":18.0,"key":"SpeedPotion"},{"floor":20.0,"key":"CultistPotion"},{"floor":29.0,"key":"SteroidPotion"},{"floor":31.0,"key":"Weak Potion"},{"floor":33.0,"key":"CultistPotion"},{"floor":35.0,"key":"Weak Potion"},{"floor":47.0,"key":"Fruit Juice"}],"is_trial":false,"path_per_floor":["M","$","?","M","$","M","R","$","T","E","?","E","M","M","R","B",null,"M","$","M","?","M","E","R","M","T","R","E","M","R","E","R","B",null,"M","?","M","?","M","R","M","?","T","$","M","R","M","T","R","B",null],"character_chosen":"THE_SILENT","items_purchased":["Bag of Marbles","Bouncing Flask","Backstab","DistilledChaos","Fruit Juice","Distraction","Backstab"],"campfire_rested":6,"item_purchase_floors":[2,2,8,19,19,19,19],"current_hp_per_floor":[67,67,67,67,67,64,64,64,64,43,40,24,22,22,43,25,70,70,75,75,75,69,48,70,65,65,65,35,47,69,74,74,59,75,75,75,74,74,61,75,45,45,45,45,45,67,77,77,80,66],"gold":39,"neow_bonus":"HUNDRED_GOLD","is_daily":false,"chose_seed":false,"campfire_upgraded":3,"win_rate":0.0,"timestamp":1609948626,"path_taken":["M","?","?","M","$","M","R","$","T","E","?","E","?","M","R","BOSS","M","$","?","?","M","E","R","M","T","R","E","M","R","E","R","BOSS","M","?","M","?","M","R","M","?","T","$","M","R","?","?","R","BOSS"],"items_purchased_type":["Relic","Card","Card","Potion","Potion","Card","Card"],"build_version":"2020-12-22","purchased_purges":1,"victory":true,"max_hp_per_floor":[70,70,70,70,70,70,70,70,70,70,70,70,70,70,70,70,70,70,75,75,75,75,75,75,75,75,75,75,75,75,75,75,75,75,75,75,75,75,75,75,75,75,75,75,75,75,80,80,80,80],"card_choices":[{"not_picked":["Prepared","Riddle With Holes"],"picked":"Flying Knee","floor":1.0},{"not_picked":["Outmaneuver","Cloak And Dagger"],"picked":"After Image","floor":4.0},{"not_picked":["Dagger Throw","Deflect"],"picked":"Dagger Spray","floor":6.0},{"not_picked":["Calculated Gamble","Escape Plan"],"picked":"Finisher","floor":10.0},{"not_picked":["Leg Sweep","Prepared"],"picked":"Infinite Blades","floor":12.0},{"not_picked":["Sucker Punch","Dodge and Roll"],"picked":"Accuracy","floor":13.0},{"not_picked":["Slice","Endless Agony"],"picked":"Poisoned Stab","floor":14.0},{"not_picked":["Glass Knife","Storm of Steel"],"picked":"Die Die Die","floor":16.0},{"not_picked":["Endless Agony","Deadly Poison","Deflect"],"picked":"SKIP","floor":18.0},{"not_picked":["Acrobatics+1","Slice"],"picked":"Terror","floor":20.0},{"not_picked":["Acrobatics+1","Deflect","Choke+1"],"picked":"SKIP","floor":22.0},{"not_picked":["Prepared","Expertise","Quick Slash"],"picked":"SKIP","floor":23.0},{"not_picked":["Dagger Spray","Underhanded Strike"],"picked":"Backflip","floor":25.0},{"not_picked":["Poisoned Stab","Footwork","Infinite Blades"],"picked":"SKIP","floor":28.0},{"not_picked":["Eviscerate+1","Dagger Throw+1"],"picked":"Deflect+1","floor":29.0},{"not_picked":["Corpse Explosion","Dagger Spray","Backflip"],"picked":"SKIP","floor":31.0},{"not_picked":["Terror","Riddle With Holes"],"picked":"Distraction+1","floor":35.0},{"not_picked":["Dash","PiercingWail+1"],"picked":"Noxious Fumes","floor":37.0},{"not_picked":["Bouncing Flask+1","Flechettes","Eviscerate+1"],"picked":"SKIP","floor":39.0},{"not_picked":["Slice+1","Masterful Stab+1","Quick Slash+1"],"picked":"SKIP","floor":41.0},{"not_picked":["Blur+1","Cloak And Dagger","PiercingWail"],"picked":"SKIP","floor":45.0},{"not_picked":["Dagger Spray+1","Bane+1","Prepared"],"picked":"SKIP","floor":47.0}],"player_experience":482714,"relics_obtained":[{"floor":9.0,"key":"Letter Opener"},{"floor":10.0,"key":"War Paint"},{"floor":12.0,"key":"Lantern"},{"floor":17.0,"key":"Smiling Mask"},{"floor":17.0,"key":"Meat on the Bone"},{"floor":17.0,"key":"FossilizedHelix"},{"floor":23.0,"key":"TungstenRod"},{"floor":26.0,"key":"Boot"},{"floor":28.0,"key":"Dead Branch"},{"floor":31.0,"key":"Bronze Scales"},{"floor":43.0,"key":"Orichalcum"},{"floor":48.0,"key":"Sundial"}],"event_choices":[{"damage_healed":0.0,"max_hp_gain":0.0,"max_hp_loss":0.0,"gold_gain":0.0,"event_name":"Living Wall","player_choice":"Grow","floor":3.0,"gold_loss":0.0,"damage_taken":0.0,"cards_upgraded":["Bouncing Flask"]},{"damage_healed":0.0,"max_hp_gain":0.0,"max_hp_loss":0.0,"gold_gain":0.0,"event_name":"Scrap Ooze","player_choice":"Success","floor":11.0,"gold_loss":0.0,"damage_taken":3.0,"relics_obtained":["InkBottle"]},{"damage_healed":0.0,"max_hp_gain":0.0,"max_hp_loss":0.0,"gold_gain":0.0,"event_name":"Addict","player_choice":"Stole Relic","floor":21.0,"gold_loss":0.0,"damage_taken":0.0,"relics_obtained":["Toy Ornithopter"],"cards_obtained":["Shame"]},{"cards_removed":["Strike_G"],"damage_healed":0.0,"max_hp_gain":0.0,"max_hp_loss":0.0,"gold_gain":0.0,"event_name":"Falling","player_choice":"Removed Attack","floor":36.0,"gold_loss":0.0,"damage_taken":0.0},{"damage_healed":0.0,"max_hp_gain":0.0,"max_hp_loss":0.0,"gold_gain":0.0,"event_name":"Tomb of Lord Red Mask","player_choice":"Paid","floor":38.0,"gold_loss":309.0,"damage_taken":0.0,"relics_obtained":["Red Mask"]},{"damage_healed":0.0,"max_hp_gain":0.0,"max_hp_loss":0.0,"gold_gain":0.0,"event_name":"Upgrade Shrine","player_choice":"Upgraded","floor":42.0,"gold_loss":0.0,"damage_taken":0.0,"cards_upgraded":["Backstab"]}],"is_beta":false,"boss_relics":[{"not_picked":["Runic Dome","Black Star"],"picked":"Calling Bell"},{"not_picked":["Philosopher\u0027s Stone","HoveringKite"],"picked":"Fusion Hammer"}],"items_purged_floors":[44],"is_endless":false,"potions_floor_spawned":[4,10,14,16,18,20,29,31,33,35,47],"ascension_level":3}}