{"host":"dxhqtkke6bt2qzoz","time":1609919451,"event":{"mods":["ATMod(阿瑾Mod)","Act Like it!","Arknights The Spire","Astrologer","BaseMod","Chen","Dota2Spire","Gensokyo","KinomotoSakuraMod(木之本樱)","Koishi","LagranYue(拉格朗・月)","Marisa（F雨　魔理沙）","Minty Spire (QoL Compilation)","Nova Terra(诺娃・泰拉)","Prisma Mod","Reimu（博丽灵梦）","Remilia（蕾米莉亚）","SIMod","StSLib","TestMod","The Dragon Tamer","The Marked","Waifu the Spire","WarShipGirlsR/战舰少女R mod","Yakumo Yukari mod","Youmu（魂魄妖梦）","Yuri Mod","Yuyuko","[IsaacMod]以撒尖塔","【遗物卡牌】REMEMod"],"gold_per_floor":[114,134,149,149,149,192,192,192,218,256,271,312,312,327,327,480,480,502,526,220,243,368,404,425,425,496,523,566,566,566,592,592,722,722,748,1048,564,709,758,863,863],"floor_reached":40,"playtime":1658,"items_purged":["AT_ThreeBodyProblem+1","ats:Burning Ground"],"score":498,"play_id":"c6216c4e-1f6f-4894-8727-3c88ca9f1508","local_time":"20210106155051","is_ascension_mode":false,"campfire_choices":[{"data":"ats:Sunburst","floor":8,"key":"SMITH"},{"floor":13,"key":"REST"},{"data":"ats:Ignite","floor":15,"key":"SMITH"},{"data":"PrismaMod:MiyuCheapDefend2","floor":25,"key":"SMITH"},{"data":"ats:Disruption Kick","floor":30,"key":"SMITH"},{"data":"ats:Soul Rend","floor":32,"key":"SMITH"}],"circlet_count":0,"master_deck":["ats:Strike C","ats:Strike G","ats:Strike S","ats:Strike V","ats:Armor Crushing Shot","ats:Defend","ats:Defend","ats:Defend","ats:Defend","ats:Emotion Absorption","EpicFetus","PrismaMod:MiyuCheapDefend2+1","ats:Poison Spread","ats:Apocalypse","ats:Ignite+1","ats:Sunburst+1","ats:Part Time Job","ats:Soul Rend+1","ats:Powerful Strike","ats:Disruption Kick+1","ats:Demon Strength","ats:Collapsing Strike","ats:Red Shift","ats:Curse Doll+1","ats:Flame Of Heaven+1","ats:Directed Diagnosis","ats:Apocalypse","ats:Calcification","ats:Hammer On+1","ats:Consecutive Shot Auto","AT_EmpoweredMortalDraw","Parasite"],"relics":["ats:Sanity","HushsDoor","REME_ComplimentaryCards","testmod-TestBox","AT_ATBox","testmod-TurbochargingSystem","LagranYue:RandomDrawCardRelic","Golden Idol","Pyrelight","ats:Originium","Dota2Spire:PhaseBoots","HowToJump","MealTicket","testmod-LifeArmor","testmod-DeterminationOfClimber","Blood Vial","Toy Ornithopter","Frozen Egg 2","testmod-CasingShield","SsserpentHead","REME_LowDesire","AT_EbonyIvory","Tiny Chest","AT_MibuBalloonWealth"],"acts_visited":["Exordium","TheCity","TheBeyond"],"potions_floor_usage":[6,12,12,16,23,23,27,39,40],"damage_taken":[{"damage":9,"enemies":"Small Slimes","floor":1,"turns":6},{"damage":0,"enemies":"2 Louse","floor":2,"turns":2},{"damage":6,"enemies":"Jaw Worm","floor":3,"turns":4},{"damage":15,"enemies":"Gremlin Nob","floor":6,"turns":4},{"damage":15,"enemies":"3 Sentries","floor":10,"turns":6},{"damage":8,"enemies":"2 Fungi Beasts","floor":11,"turns":3},{"damage":2,"enemies":"Lagavulin","floor":12,"turns":5},{"damage":7,"enemies":"Blue Slaver","floor":14,"turns":4},{"damage":71,"enemies":"The Guardian","floor":16,"turns":14},{"damage":19,"enemies":"Spheric Guardian","floor":18,"turns":4},{"damage":13,"enemies":"Chosen","floor":19,"turns":4},{"damage":21,"enemies":"Snake Plant","floor":21,"turns":4},{"damage":21,"enemies":"Gremlin Leader","floor":23,"turns":6},{"damage":8,"enemies":"Snecko","floor":24,"turns":3},{"damage":5,"enemies":"Cultist and Chosen","floor":27,"turns":4},{"damage":0,"enemies":"REME_1_Revenger","floor":28,"turns":4},{"damage":7,"enemies":"Centurion and Healer","floor":31,"turns":5},{"damage":55,"enemies":"Automaton","floor":33,"turns":9},{"damage":21,"enemies":"3 Darklings","floor":35,"turns":6},{"damage":10,"enemies":"3 Shapes","floor":38,"turns":2},{"damage":41,"enemies":"Writhing Mass","floor":39,"turns":6},{"damage":90,"enemies":"Reptomancer","floor":40,"turns":6}],"seed_played":"7870602039403655436","potions_obtained":[{"floor":3,"key":"Explosive Potion"},{"floor":10,"key":"BlessingOfTheForge"},{"floor":11,"key":"AttackPotion"},{"floor":12,"key":"REME_GoldPotion"},{"floor":16,"key":"FearPotion"},{"floor":19,"key":"Weak Potion"},{"floor":24,"key":"AttackPotion"},{"floor":33,"key":"Dota2Spire:HealingSalve"},{"floor":38,"key":"Dota2Spire:Clarity"}],"is_trial":false,"path_per_floor":["M","M","M","?","?","E","?","R","T","E","M","E","R","M","R","B",null,"M","M","$","M","?","E","M","R","T","M","E","?","R","M","R","B",null,"M","?","$","M","M","E"],"character_chosen":"DOCTOR_CLASS","items_purchased":["ats:Red Shift","Blood Vial","AT_MibuBalloonWealth","ats:Consecutive Shot Auto","AT_EmpoweredMortalDraw"],"campfire_rested":1,"item_purchase_floors":[20,20,37,37,37],"current_hp_per_floor":[63,63,65,49,49,41,41,41,41,34,26,29,50,56,56,8,73,65,63,73,54,54,57,61,61,61,69,73,73,73,69,69,30,73,66,66,73,64,48,0,0],"gold":863,"neow_bonus":"UPGRADE_CARD","is_daily":false,"chose_seed":false,"campfire_upgraded":5,"win_rate":0.0,"timestamp":1609919451,"path_taken":["M","M","M","?","?","E","?","R","T","E","M","E","R","M","R","BOSS","M","M","$","M","?","E","?","R","T","M","E","?","R","M","R","BOSS","M","?","$","?","M","E"],"items_purchased_type":["Card","Relic","Relic","Card","Card"],"build_version":"2020-12-22","purchased_purges":2,"victory":false,"max_hp_per_floor":[67,67,67,67,67,70,70,70,70,70,70,70,70,73,73,73,73,73,73,73,73,73,73,73,73,73,73,73,73,73,73,73,73,73,73,73,73,73,73,73,73],"card_choices":[{"not_picked":[],"picked":"EpicFetus","floor":0},{"not_picked":["ats:Explosion Area Strengthen","ats:Flexible Camouflage"],"picked":"ats:Poison Spread","floor":1},{"not_picked":["ats:LN2 Cannon","ats:Explosion Area Strengthen"],"picked":"ats:Apocalypse","floor":2},{"not_picked":["ats:Fractured Body","ats:Counter Healing Mode"],"picked":"ats:Ignite","floor":3},{"not_picked":["ats:Demon Strength","ats:Ignite"],"picked":"ats:Sunburst","floor":6},{"not_picked":["ats:Leaping Hammer","ats:Flexible Camouflage"],"picked":"ats:Burning Ground","floor":10},{"not_picked":["ats:Defend Order","ats:Very Hot Blade"],"picked":"ats:Part Time Job","floor":11},{"not_picked":["ats:Ignite","ats:Cat Scratch"],"picked":"ats:Soul Rend","floor":12},{"not_picked":["ats:Defend Order","ats:Shell Defense"],"picked":"ats:Powerful Strike","floor":14},{"not_picked":["ats:Durian","ats:Rat Pack"],"picked":"ats:Disruption Kick","floor":16},{"not_picked":["ats:Guardian Obelisk","ats:Spore Proliferation+1"],"picked":"ats:Demon Strength","floor":18},{"not_picked":["ats:Charging Defense","ats:Curse Doll"],"picked":"ats:Collapsing Strike","floor":19},{"not_picked":["ats:Assault Order","ats:Apocalypse","ats:Shadow Raid"],"picked":"SKIP","floor":21},{"not_picked":["ats:Demon Strength+1","ats:Disruption Kick"],"picked":"ats:Curse Doll+1","floor":22},{"not_picked":["ats:Cat Scratch+1","ats:Powerful Strike"],"picked":"ats:Flame Of Heaven+1","floor":23},{"not_picked":["ats:Curse Doll+1","ats:Assault Order+1"],"picked":"ats:Directed Diagnosis","floor":24},{"not_picked":["ats:Revitalization","ats:Explosion Area Strengthen","ats:Support Order"],"picked":"SKIP","floor":27},{"not_picked":["ats:Childhood Dance+1","ats:Fractured Body","ats:Neurotoxin+1"],"picked":"SKIP","floor":28},{"not_picked":["ats:Revitalization+1","ats:Poison Spread"],"picked":"ats:Apocalypse","floor":31},{"not_picked":["ats:Echo Reverb","ats:Nebulous Foxfire"],"picked":"ats:Calcification","floor":33},{"not_picked":["ats:Counter Healing Mode+1","ats:Cat Scratch","REME_AllRoundStrike"],"picked":"ats:Hammer On+1","floor":35},{"not_picked":["ats:Apocalypse+1","ats:Sunburst","ats:Consecutive Shot Auto","Flash of Steel+1"],"picked":"SKIP","floor":38},{"not_picked":["ats:Healing Strengthening+1","ats:Guardian Obelisk","ats:Revitalization","testmod-Wormhole"],"picked":"SKIP","floor":39}],"player_experience":206169,"relics_obtained":[{"floor":6,"key":"ats:Originium"},{"floor":6,"key":"Dota2Spire:PhaseBoots"},{"floor":9,"key":"HowToJump"},{"floor":10,"key":"ats:Originium"},{"floor":10,"key":"MealTicket"},{"floor":12,"key":"ats:Originium"},{"floor":12,"key":"testmod-LifeArmor"},{"floor":23,"key":"Toy Ornithopter"},{"floor":26,"key":"Frozen Egg 2"},{"floor":28,"key":"testmod-CasingShield"},{"floor":34,"key":"AT_EbonyIvory"},{"floor":34,"key":"Tiny Chest"}],"event_choices":[{"damage_healed":0,"gold_gain":0,"player_choice":"Take Damage","damage_taken":16,"relics_obtained":["Golden Idol"],"max_hp_gain":0,"max_hp_loss":0,"event_name":"Golden Idol","floor":4,"gold_loss":0},{"damage_healed":0,"gold_gain":0,"player_choice":"Swap Relic","damage_taken":0,"relics_obtained":["REME_ComplimentaryCards"],"max_hp_gain":0,"max_hp_loss":0,"event_name":"给自己的盒子","floor":7,"relics_lost":["REME_ComplimentaryCards"],"gold_loss":0},{"damage_healed":0,"gold_gain":0,"player_choice":"Trade","damage_taken":0,"relics_obtained":["SsserpentHead"],"max_hp_gain":0,"max_hp_loss":0,"event_name":"FaceTrader","floor":29,"gold_loss":0},{"damage_healed":0,"gold_gain":250,"player_choice":"Sell","damage_taken":0,"max_hp_gain":0,"max_hp_loss":0,"event_name":"恩洛斯的盘子","floor":36,"relics_lost":["PillsDrop"],"gold_loss":0}],"is_beta":false,"boss_relics":[{"not_picked":["testmod-BloodSacrificeSpiritualization","testmod-Nine"],"picked":"testmod-DeterminationOfClimber"},{"not_picked":[]},{"not_picked":["SlaversCollar","MagicMushroom"],"picked":"REME_LowDesire"},{"not_picked":[]}],"items_purged_floors":[20,37],"is_endless":false,"potions_floor_spawned":[3,10,11,12,16,19,24,28,33,38],"killed_by":"Reptomancer","ascension_level":0}}