{"host":"51f0ad793vly1w6u","time":1609935928,"event":{"mods":["BaseMod","Colored Map","DeckTracker","Minty Spire (QoL Compilation)","StSLib","SuperFastMode"],"gold_per_floor":[114,133,151,163,181,181,209,209,209,209,228,228,242,262,262,262,262],"floor_reached":16,"playtime":331,"items_purged":[],"score":212,"play_id":"2e106f74-f011-4352-9552-e0cb625f0021","local_time":"20210106212528","is_ascension_mode":true,"campfire_choices":[{"data":"Eruption","floor":6,"key":"SMITH"},{"floor":8,"key":"REST"},{"data":"EmptyFist","floor":12,"key":"SMITH"},{"data":"PathToVictory","floor":15,"key":"SMITH"}],"circlet_count":0,"master_deck":["AscendersBane","Strike_P","Strike_P","Strike_P","Strike_P","Defend_P","Defend_P","Defend_P","Defend_P","Eruption+1","Vigilance","PathToVictory+1","Conclude","Evaluate","SignatureMove","BowlingBash","EmptyFist+1","EmptyBody"],"relics":["PureWater","Blood Vial","HornCleat"],"acts_visited":["Exordium"],"potions_floor_usage":[7,14,16],"damage_taken":[{"damage":4,"enemies":"Jaw Worm","floor":1,"turns":4},{"damage":12,"enemies":"Cultist","floor":2,"turns":3},{"damage":0,"enemies":"Small Slimes","floor":3,"turns":2},{"damage":0,"enemies":"Blue Slaver","floor":4,"turns":2},{"damage":29,"enemies":"Exordium Thugs","floor":5,"turns":7},{"damage":7,"enemies":"3 Sentries","floor":7,"turns":6},{"damage":0,"enemies":"2 Fungi Beasts","floor":11,"turns":2},{"damage":1,"enemies":"3 Louse","floor":13,"turns":3},{"damage":0,"enemies":"Exordium Thugs","floor":14,"turns":2},{"damage":45,"enemies":"Hexaghost","floor":16,"turns":9}],"seed_played":"-6429493700475152024","potions_obtained":[{"floor":2,"key":"DistilledChaos"},{"floor":3,"key":"Ancient Potion"},{"floor":10,"key":"BottledMiracle"},{"floor":11,"key":"Explosive Potion"},{"floor":14,"key":"SkillPotion"}],"is_trial":false,"path_per_floor":["M","M","M","M","M","R","E","R","T","?","M","R","M","M","R","B"],"character_chosen":"WATCHER","items_purchased":[],"campfire_rested":1,"item_purchase_floors":[],"current_hp_per_floor":[63,51,51,51,22,22,15,37,37,37,39,39,40,42,42,0,0],"gold":262,"neow_bonus":"TEN_PERCENT_HP_BONUS","is_daily":false,"chose_seed":false,"campfire_upgraded":3,"win_rate":0.0,"timestamp":1609935928,"path_taken":["M","M","M","M","M","R","E","R","T","?","?","R","M","M","R","BOSS"],"items_purchased_type":[],"build_version":"2020-12-22","purchased_purges":0,"victory":false,"max_hp_per_floor":[74,74,74,74,74,74,74,74,74,74,74,74,74,74,74,74,74],"card_choices":[{"not_picked":["FlyingSleeves","Fasting2"],"picked":"PathToVictory","floor":1},{"not_picked":["Halt","FlurryOfBlows","FlyingSleeves"],"picked":"SKIP","floor":2},{"not_picked":["LikeWater","ClearTheMind"],"picked":"Conclude","floor":3},{"not_picked":["ForeignInfluence","WindmillStrike"],"picked":"Evaluate","floor":4},{"not_picked":["Nirvana","Crescendo"],"picked":"SignatureMove","floor":5},{"not_picked":["Vengeance","Worship"],"picked":"BowlingBash","floor":7},{"not_picked":["EmptyBody","TalkToTheHand"],"picked":"EmptyFist","floor":11},{"not_picked":["Consecrate","Pray"],"picked":"EmptyBody","floor":13},{"not_picked":["FlurryOfBlows","EmptyBody","BowlingBash"],"picked":"SKIP","floor":14}],"player_experience":1387447,"relics_obtained":[{"floor":7,"key":"Blood Vial"},{"floor":9,"key":"HornCleat"}],"event_choices":[{"damage_healed":0,"gold_gain":0,"player_choice":"Got Potions","damage_taken":0,"max_hp_gain":0,"max_hp_loss":0,"event_name":"Lab","floor":10,"gold_loss":0}],"is_beta":false,"boss_relics":[],"items_purged_floors":[],"is_endless":false,"potions_floor_spawned":[2,3,11,13,14],"killed_by":"Hexaghost","ascension_level":20}}