{"host":"6gnv7me3tk2udb7q","time":1609957632,"event":{"mods":["BaseMod","Bestiary","Colored Map","Minty Spire (QoL Compilation)"],"gold_per_floor":[117,133,308,328,346,375,375,402,402,402,428,458,73,102,102,176,176,190,209,223,223,223,223,250,131,155,155,180,180,251,265,265,342,342,352,15,15,30,1029,1029,1029],"floor_reached":40,"playtime":2077,"items_purged":["Doubt"],"score":843,"play_id":"2ddf7e4d-2646-4206-bf7b-9db78b5dab6b","local_time":"20210106132712","is_ascension_mode":true,"campfire_choices":[{"data":"Hemokinesis","floor":7.0,"key":"SMITH"},{"data":"Berserk","floor":10.0,"key":"SMITH"},{"floor":15.0,"key":"REST"},{"data":"Corruption","floor":23.0,"key":"SMITH"},{"data":"Dark Embrace","floor":27.0,"key":"SMITH"},{"data":"Sentinel","floor":32.0,"key":"SMITH"}],"circlet_count":0,"master_deck":["AscendersBane","Bash","Pommel Strike","Flex","Clothesline","Hemokinesis+1","Intimidate","Berserk+1","Wild Strike","Spot Weakness","Limit Break","Flex","Metallicize","Rage","Sever Soul","Spot Weakness","Corruption+1","Impervious","Fire Breathing","Cleave","Sentinel+1","Battle Trance","Bite","Bite","Bite","Bite","Bite","Ghostly","Ghostly","Ghostly","Ghostly","Ghostly","Dark Embrace+1","Feel No Pain","Body Slam","Seeing Red","Barricade","Immolate+1","Carnage+1","Rupture","Panacea","Shrug It Off"],"relics":["Burning Blood","NeowsBlessing","Unceasing Top","Potion Belt","Pear","Meat on the Bone","Happy Flower","Omamori","Tiny Chest","HornCleat","Pandora\u0027s Box","Red Skull","Bag of Marbles","Nunchaku","Molten Egg 2","Philosopher\u0027s Stone","Question Card"],"acts_visited":["Exordium","TheCity","TheBeyond"],"potions_floor_usage":[40],"damage_taken":[{"damage":0.0,"enemies":"Cultist","floor":1.0,"turns":1.0},{"damage":0.0,"enemies":"Small Slimes","floor":2.0,"turns":1.0},{"damage":0.0,"enemies":"Jaw Worm","floor":4.0,"turns":1.0},{"damage":16.0,"enemies":"Looter","floor":5.0,"turns":3.0},{"damage":25.0,"enemies":"Gremlin Nob","floor":6.0,"turns":4.0},{"damage":46.0,"enemies":"3 Sentries","floor":8.0,"turns":8.0},{"damage":10.0,"enemies":"Gremlin Nob","floor":11.0,"turns":4.0},{"damage":12.0,"enemies":"3 Sentries","floor":14.0,"turns":5.0},{"damage":47.0,"enemies":"The Guardian","floor":16.0,"turns":11.0},{"damage":50.0,"enemies":"3 Byrds","floor":18.0,"turns":6.0},{"damage":8.0,"enemies":"Shell Parasite","floor":19.0,"turns":4.0},{"damage":41.0,"enemies":"Snecko","floor":20.0,"turns":6.0},{"damage":5.0,"enemies":"Book of Stabbing","floor":24.0,"turns":4.0},{"damage":8.0,"enemies":"Slavers","floor":28.0,"turns":7.0},{"damage":1.0,"enemies":"Cultist and Chosen","floor":31.0,"turns":6.0},{"damage":11.0,"enemies":"Automaton","floor":33.0,"turns":9.0},{"damage":2.0,"enemies":"3 Darklings","floor":35.0,"turns":4.0},{"damage":27.0,"enemies":"3 Shapes","floor":38.0,"turns":4.0},{"damage":34,"enemies":"Nemesis","floor":40,"turns":3}],"seed_played":"-8653342951879007816","potions_obtained":[{"floor":5.0,"key":"Strength Potion"},{"floor":8.0,"key":"ColorlessPotion"},{"floor":11.0,"key":"PowerPotion"},{"floor":16.0,"key":"Ancient Potion"},{"floor":24.0,"key":"LiquidMemories"},{"floor":28.0,"key":"EssenceOfSteel"},{"floor":35.0,"key":"PowerPotion"}],"is_trial":false,"path_per_floor":["M","M","?","M","M","E","R","E","T","R","E","?","$","E","R","B",null,"M","M","M","?","?","R","E","$","T","R","E","?","T","M","R","B",null,"M","$","?","M","?","E"],"character_chosen":"IRONCLAD","items_purchased":["Omamori","Tiny Chest","Feel No Pain","Body Slam","Rupture","Question Card"],"campfire_rested":1,"item_purchase_floors":[13,13,25,25,36,36],"current_hp_per_floor":[78,80,80,80,70,51,51,11,21,21,17,17,17,23,50,21,73,41,51,28,28,28,28,31,31,31,31,31,31,31,31,31,31,31,31,31,31,26,26,0,0],"gold":1029,"neow_bonus":"THREE_ENEMY_KILL","is_daily":false,"chose_seed":false,"campfire_upgraded":5,"win_rate":0.0,"timestamp":1609957632,"path_taken":["M","?","?","M","M","E","R","E","T","R","E","?","?","E","R","BOSS","M","M","M","?","?","R","E","$","T","R","E","?","?","M","R","BOSS","M","$","?","M","?","E"],"items_purchased_type":["Relic","Relic","Card","Card","Card","Relic"],"build_version":"2020-12-22","purchased_purges":1,"victory":false,"max_hp_per_floor":[80,80,80,80,80,80,80,80,90,90,90,90,90,90,90,90,90,90,90,90,62,31,31,31,31,31,31,31,31,31,31,31,31,31,31,31,31,31,31,31,31],"card_choices":[{"not_picked":["Havoc","Armaments"],"picked":"Pommel Strike","floor":1.0},{"not_picked":["Battle Trance","Heavy Blade"],"picked":"Flex","floor":2.0},{"not_picked":["True Grit","Metallicize"],"picked":"Clothesline","floor":4.0},{"not_picked":["Flex","Sever Soul"],"picked":"Hemokinesis","floor":5.0},{"not_picked":["Headbutt","Flame Barrier"],"picked":"Intimidate","floor":6.0},{"not_picked":["Entrench","Dropkick"],"picked":"Berserk","floor":8.0},{"not_picked":["Reckless Charge","Sentinel"],"picked":"Wild Strike","floor":11.0},{"not_picked":["Dual Wield","Clothesline"],"picked":"Spot Weakness","floor":14.0},{"not_picked":["Double Tap","Fiend Fire"],"picked":"Limit Break","floor":16.0},{"not_picked":["True Grit","Thunderclap"],"picked":"Cleave","floor":18.0},{"not_picked":["Carnage","Flex"],"picked":"Sentinel","floor":19.0},{"not_picked":["Second Wind","Perfected Strike"],"picked":"Battle Trance","floor":20.0},{"not_picked":["Blood for Blood","Feel No Pain"],"picked":"Dark Embrace","floor":24.0},{"not_picked":["Shrug It Off","Clothesline+1"],"picked":"Seeing Red","floor":28.0},{"not_picked":["Power Through","Cleave+1"],"picked":"Barricade","floor":31.0},{"not_picked":["Fiend Fire+1","Barricade"],"picked":"Immolate+1","floor":33.0},{"not_picked":["Thunderclap+1","Iron Wave+1"],"picked":"Carnage+1","floor":35.0},{"not_picked":["Dark Shackles","Deep Breath","Flash of Steel+1"],"picked":"Panacea","floor":37.0},{"not_picked":["Metallicize+1","Dual Wield","Wild Strike+1"],"picked":"Shrug It Off","floor":38.0}],"player_experience":621225,"relics_obtained":[{"floor":6.0,"key":"Unceasing Top"},{"floor":8.0,"key":"Potion Belt"},{"floor":9.0,"key":"Pear"},{"floor":11.0,"key":"Meat on the Bone"},{"floor":14.0,"key":"HornCleat"},{"floor":24.0,"key":"Red Skull"},{"floor":26.0,"key":"Bag of Marbles"},{"floor":28.0,"key":"Nunchaku"},{"floor":30.0,"key":"Molten Egg 2"}],"event_choices":[{"damage_healed":0.0,"max_hp_gain":0.0,"max_hp_loss":0.0,"gold_gain":175.0,"event_name":"Liars Game","player_choice":"AGREE","floor":3.0,"gold_loss":0.0,"damage_taken":0.0,"cards_obtained":["Doubt"]},{"damage_healed":0.0,"max_hp_gain":0.0,"max_hp_loss":0.0,"gold_gain":30.0,"event_name":"Dead Adventurer","player_choice":"Searched \u00273\u0027 times","floor":12.0,"gold_loss":0.0,"damage_taken":0.0,"relics_obtained":["Happy Flower"]},{"damage_healed":0.0,"max_hp_gain":0.0,"max_hp_loss":28.0,"gold_gain":0.0,"event_name":"Vampires","player_choice":"Became a vampire","floor":21.0,"gold_loss":0.0,"damage_taken":0.0,"cards_obtained":["Bite","Bite","Bite","Bite","Bite"]},{"damage_healed":0.0,"max_hp_gain":0.0,"max_hp_loss":31.0,"gold_gain":0.0,"event_name":"Ghosts","player_choice":"Became a Ghost","floor":22.0,"gold_loss":0.0,"damage_taken":0.0,"cards_obtained":["Ghostly","Ghostly","Ghostly","Ghostly","Ghostly"]},{"cards_removed":["Searing Blow"],"damage_healed":0.0,"max_hp_gain":0.0,"max_hp_loss":0.0,"gold_gain":0.0,"event_name":"Back to Basics","player_choice":"Elegance","floor":29.0,"gold_loss":0.0,"damage_taken":0.0},{"damage_healed":0.0,"max_hp_gain":0.0,"max_hp_loss":0.0,"gold_gain":0.0,"event_name":"SensoryStone","player_choice":"Memory 1","floor":37.0,"gold_loss":0.0,"damage_taken":0.0},{"damage_healed":0.0,"max_hp_gain":0.0,"max_hp_loss":0.0,"gold_gain":999.0,"event_name":"MindBloom","player_choice":"Gold","floor":39.0,"gold_loss":0.0,"damage_taken":0.0,"cards_obtained":["Normality","Normality"]}],"is_beta":false,"boss_relics":[{"not_picked":["Mark of Pain","Empty Cage"],"picked":"Pandora\u0027s Box"},{"not_picked":["Black Blood","Snecko Eye"],"picked":"Philosopher\u0027s Stone"}],"items_purged_floors":[13],"is_endless":false,"potions_floor_spawned":[5,8,11,16,24,28,35],"killed_by":"Nemesis","ascension_level":13}}