{"host":"kq2g769nefmuyn7c","time":1609933851,"event":{"mods":["ATMod(°¢èªMod)","Act Like it!","BaseMod","Gensokyo","Koishi","Minty Spire (QoL Compilation)","Replay The Spire","StSLib","Youmu£¨»êÆÇÑýÃÎ£©"],"gold_per_floor":[110,35,55,68,68,93,93,111,135,163,243,2,2,17,17,119,119,130,181,61,71,71,100,100,112,112,112,125,178,178,203,203,300,300,311,50,61,79,79,108,48,74,74,100,100,140,170,91,91,123],"floor_reached":51,"playtime":5506,"items_purged":["Strike_YM","Pain"],"score":1300,"play_id":"5559d441-0faf-4c48-915e-c4b899777d6c","local_time":"20210106195051","is_ascension_mode":true,"campfire_choices":[{"data":"BizarrenessOfSixRealms","floor":7,"key":"SMITH"},{"data":"BloodOfAsura","floor":15,"key":"SMITH"},{"data":"SpiritMediumsBind","floor":24,"key":"SMITH"},{"data":"Gensokyo:ManorOfTheDishes","floor":30,"key":"SMITH"},{"data":"HellFireSword","floor":32,"key":"SMITH"},{"data":"Gensokyo:ShootingStar","floor":45,"key":"SMITH"},{"data":"KarmicPunishmentOfTheIdleAndUnfocused","floor":49,"key":"SMITH"}],"circlet_count":0,"master_deck":["Defend_YM","Defend_YM","SlashOfPresentWorld","WheelOfPainOfLivingAndDead","AT_FamilyPortrait+1","WickedSoul+1","BloodOfAsura+1","HumanRealmSword+1","BizarrenessOfSixRealms+1","SanzenSekai","LotusPostureSlash","KarmicPunishmentOfTheIdleAndUnfocused+1","HellRealmSword","FourBirthsSword+1","HumanRealmSword+1","SpiderLilyBurial+1","TransmigrationSlash","DoubleWheelOfPain+1","Gensokyo:ManorOfTheDishes+1","SpiritMediumsBind+1","SlashOfDepartureFromHesitation","SlashOfTheEternalFuture","Gensokyo:ShootingStar+1","HeavenSword","Hallucinations","Hallucinations","Languid","HellGodSword+1","Gensokyo:SevenSchoolMysteries","HumanGodSword+1","SwordExtraction+1","Gensokyo:CustomPotion","RapidSlash+1","HeavenlyHaloSlash+1","PretaSword","SlashOfDelusionalInnerEye+1","DeadlyForm"],"relics":["HalfPhantom","AT_ATBox","Ring of Misfortune","ReplayTheSpireMod:Ring of Addiction","Potion Belt","Toy Ornithopter","Bag of Preparation","ReplayFunnel","Replay:Wax Seal","Guide Book","Ancient Tea Set","Replay:Grab Bag","Coffee Dripper","Philosopher\u0027s Stone","Astrolabe","Strawberry","AT_ImmortalShieldbow","Gensokyo:MaskOfHope","Bird Faced Urn","Replay:WaspNest","Gensokyo:RedStar","Blood Vial","Prayer Wheel","Hakurouken","Replay:Ancient Bell","AT_BellDemon","AT_ForceNature","Calipers","Lantern","ReplayTheSpireMod:TigerMarble","Vajra","Replay:PocketPolymizer","Sundial","Gremlin Horn","Gremlin Food","FencingExperience","Replay:Bottled Eggs","Replay:Bandana","AT_BladeRuinedKing","Molten Egg 2","Replay:Bottled Steam","ReplayTheSpireMod:CursedCoin"],"acts_visited":["Gensokyo:Gensokyo","Gensokyo:Gensokyoer","Gensokyo:Gensokyoest"],"potions_floor_usage":[6,6,8,10,16,21,23,25,28,29,33,35,40,42,47,50,50,50],"damage_taken":[{"damage":12,"enemies":"Gensokyo:Gryphon","floor":1,"turns":4},{"damage":0,"enemies":"Gensokyo:2_Kodama","floor":3,"turns":6},{"damage":3,"enemies":"Gensokyo:3_Fairies","floor":4,"turns":5},{"damage":32,"enemies":"Gensokyo:Cirno","floor":6,"turns":9},{"damage":0,"enemies":"Gensokyo:3_Kodama","floor":8,"turns":6},{"damage":3,"enemies":"Gensokyo:Mamizou","floor":10,"turns":5},{"damage":12,"enemies":"Gensokyo:CorruptedTreant","floor":14,"turns":3},{"damage":28,"enemies":"Gensokyo:Yukari","floor":16,"turns":7},{"damage":0,"enemies":"Gensokyo:CosmicMonolith","floor":18,"turns":2},{"damage":0,"enemies":"Gensokyo:AngelMirror","floor":21,"turns":5},{"damage":0,"enemies":"Gensokyo:Koishi","floor":23,"turns":6},{"damage":0,"enemies":"Gensokyo:Wraith","floor":25,"turns":6},{"damage":18,"enemies":"Gensokyo:Slime_Group","floor":28,"turns":5},{"damage":0,"enemies":"Gensokyo:Tenshi","floor":29,"turns":4},{"damage":1,"enemies":"Gensokyo:Reisen","floor":31,"turns":5},{"damage":3,"enemies":"Gensokyo:Eternal_Rivals","floor":33,"turns":7},{"damage":0,"enemies":"Gensokyo:3_Bats","floor":35,"turns":3},{"damage":0,"enemies":"Gensokyo:AncientGuardian","floor":37,"turns":2},{"damage":0,"enemies":"Gensokyo:4_Bats","floor":38,"turns":2},{"damage":0,"enemies":"Gensokyo:Kasen","floor":40,"turns":5},{"damage":31,"enemies":"Gensokyo:Marisa","floor":42,"turns":3},{"damage":0,"enemies":"Gensokyo:Doremy","floor":44,"turns":3},{"damage":0,"enemies":"Gensokyo:SeedOfUnknown","floor":46,"turns":2},{"damage":0,"enemies":"Gensokyo:Rafflesia","floor":47,"turns":1},{"damage":0,"enemies":"Gensokyo:Scarlet_Devils","floor":50,"turns":3}],"seed_played":"3649429326641800676","potions_obtained":[{"floor":4,"key":"ColorlessPotion"},{"floor":5,"key":"Fire Potion"},{"floor":5,"key":"SkillPotion"},{"floor":5,"key":"Regen Potion"},{"floor":8,"key":"Dexterity Potion"},{"floor":10,"key":"Venom Potion"},{"floor":14,"key":"Fire Potion"},{"floor":19,"key":"Flashbang"},{"floor":23,"key":"DuplicationPotion"},{"floor":25,"key":"Weak Potion"},{"floor":29,"key":"LiquidMemories"},{"floor":31,"key":"Strength Potion"},{"floor":37,"key":"PhantomPosion"},{"floor":44,"key":"Strength Potion"}],"is_trial":false,"path_per_floor":["M","$","M","M","?","E","R","M","T","E","?","COS","?","M","R","B",null,"M","?","?","M","?","E","R","M","T","?","M","E","R","E","R","B",null,"M","COS","M","M","?","E","?","E","T","E","R","M","M","$","R","B",null],"character_chosen":"YOUMU","items_purchased":["SlashOfDelusionalInnerEye+1","ReplayTheSpireMod:CursedCoin","Strength Potion"],"campfire_rested":0,"item_purchase_floors":[48,48,48],"current_hp_per_floor":[63,63,63,60,60,52,52,57,57,59,59,59,59,47,47,24,73,80,60,60,65,65,71,71,71,71,71,53,71,71,71,71,69,69,69,69,69,69,41,67,67,44,44,67,67,65,65,65,65,65],"gold":123,"neow_bonus":"ONE_RANDOM_RARE_CARD","is_daily":false,"chose_seed":false,"campfire_upgraded":7,"win_rate":0.0,"timestamp":1609933851,"path_taken":["M","?","?","?","?","E","R","M","T","E","?","COS","?","M","R","BOSS","M","?","?","M","?","E","R","?","T","?","M","E","R","E","R","BOSS","M","COS","M","M","?","E","?","E","T","E","R","M","M","$","R","BOSS"],"items_purchased_type":["Card","Relic","Potion"],"build_version":"2020-12-22","purchased_purges":2,"victory":true,"max_hp_per_floor":[75,75,75,75,75,75,75,75,75,75,75,75,75,73,73,73,73,80,80,78,78,71,71,71,71,71,71,71,71,71,71,71,69,69,69,69,69,69,67,67,67,67,67,67,67,65,65,65,65,65],"card_choices":[{"not_picked":["SpiderLilyBurial","CherryBlossomFlashing"],"picked":"HellFireSword","floor":1},{"not_picked":["CherryBlossomFlashing","PhosphoricSlash"],"picked":"BloodOfAsura","floor":3},{"not_picked":["HellFireSword","SanzenSekai"],"picked":"HumanRealmSword","floor":4},{"not_picked":["SlashOfDelusionalInnerEye","LifeCuttingSword"],"picked":"BizarrenessOfSixRealms","floor":6},{"not_picked":["VoidnessSword","ConstancyOfTheConventionalTruth"],"picked":"SanzenSekai","floor":8},{"not_picked":["GhostSword","SpiritCuttingSword"],"picked":"LotusPostureSlash","floor":10},{"not_picked":["SlashOfDepartureFromHesitation","GhostSword"],"picked":"KarmicPunishmentOfTheIdleAndUnfocused","floor":14},{"not_picked":["VoidnessSword","SuddenDivineSeveringOfKarmicWind"],"picked":"HellRealmSword","floor":16},{"not_picked":["LowerRealmReflectionSlash","CherryBlossomFlashing+1"],"picked":"TransmigrationSlash","floor":18},{"not_picked":["PhosphoricSlash","HumanRealmSword"],"picked":"DoubleWheelOfPain","floor":19},{"not_picked":["TurningAngelCut","SlashOfMeditation","CrescentMoonSlash"],"picked":"SKIP","floor":21},{"not_picked":["Gensokyo:EightFeetTall","Gensokyo:Doppelganger"],"picked":"Gensokyo:ManorOfTheDishes","floor":22},{"not_picked":["CrescentMoonSlash+1","SwordOfBindingDesires"],"picked":"SpiritMediumsBind","floor":23},{"not_picked":["VoidnessSword","SpiritCuttingSword"],"picked":"SlashOfDepartureFromHesitation","floor":25},{"not_picked":["SlashOfMeditation","HumanKnowledgeSword","SpiderLilyBurial"],"picked":"SKIP","floor":28},{"not_picked":["LowerRealmReflectionSlash","CherryBlossomFlashing"],"picked":"SlashOfTheEternalFuture","floor":29},{"not_picked":["SlashOfAscensionToBuddhahood","LowerRealmReflectionSlash","CherryBlossomFlashing"],"picked":"SKIP","floor":31},{"not_picked":[],"picked":"Gensokyo:ShootingStar","floor":33},{"not_picked":["SlashOfSaigyouSpringWind","GreatEnlightenmentAppearingAndDisappearing"],"picked":"HeavenSword","floor":33},{"not_picked":["Parasite","AbeCurse"],"picked":"Hallucinations","floor":34},{"not_picked":["Languid","Doubt"],"picked":"Hallucinations","floor":34},{"not_picked":["Normality","Voices"],"picked":"Languid","floor":34},{"not_picked":["SwordOfBindingDesires+1","FourBirthsSword+1"],"picked":"HellGodSword+1","floor":35},{"not_picked":["LifeCuttingSword","SlashOfMeditation","FlashingScatteredFlowers+1"],"picked":"SKIP","floor":35},{"not_picked":["ConstancyOfTheConventionalTruth","TransmigrationSlash+1","CherryBlossomFlashing"],"picked":"SKIP","floor":37},{"not_picked":["SanzenSekai+1","SwordOfBindingDesires+1","DispleasureOfTheSevenHakus"],"picked":"SKIP","floor":37},{"not_picked":["SlashOfMeditation+1","PhosphoricSlash+1"],"picked":"HumanGodSword+1","floor":38},{"not_picked":["ReincarnationSword","ConstancyOfTheConventionalTruth+1"],"picked":"SwordExtraction+1","floor":38},{"not_picked":["AsuraSword","IrresoluteSoul","HeavenSword"],"picked":"SKIP","floor":40},{"not_picked":["HeavenlyHaloSlash","SwordOfBindingDesires+1","LightFlashOfTheNetherworld+1"],"picked":"SKIP","floor":40},{"not_picked":["SpiritMediumsBind+1","SwordExtraction+1"],"picked":"RapidSlash+1","floor":42},{"not_picked":["TurningAngelCut+1","SwordExtraction"],"picked":"HeavenlyHaloSlash+1","floor":44},{"not_picked":["HumanKnowledgeSword+1","SpiritCuttingSword+1","ConstancyOfTheConventionalTruth"],"picked":"SKIP","floor":46},{"not_picked":["SpiderLilyBurial","SlashClearingTheSixSenses+1","ConstancyOfTheConventionalTruth+1"],"picked":"SKIP","floor":46},{"not_picked":["SanzenSekai+1","TurningAngelCut+1","BloodOfAsura"],"picked":"SKIP","floor":47},{"not_picked":["HumanKnowledgeSword+1","FlashingScatteredFlowers+1","HumanRealmSword"],"picked":"SKIP","floor":47}],"player_experience":116835,"relics_obtained":[{"floor":5,"key":"Ring of Misfortune"},{"floor":5,"key":"ReplayTheSpireMod:Ring of Addiction"},{"floor":5,"key":"Potion Belt"},{"floor":5,"key":"Toy Ornithopter"},{"floor":6,"key":"Bag of Preparation"},{"floor":9,"key":"ReplayFunnel"},{"floor":10,"key":"Replay:Wax Seal"},{"floor":19,"key":"AT_ImmortalShieldbow"},{"floor":23,"key":"Bird Faced Urn"},{"floor":26,"key":"Replay:WaspNest"},{"floor":29,"key":"Blood Vial"},{"floor":31,"key":"Hakurouken"},{"floor":35,"key":"Lantern"},{"floor":37,"key":"ReplayTheSpireMod:TigerMarble"},{"floor":38,"key":"Vajra"},{"floor":40,"key":"Sundial"},{"floor":40,"key":"Gremlin Horn"},{"floor":42,"key":"Gremlin Food"},{"floor":42,"key":"FencingExperience"},{"floor":43,"key":"Replay:Bottled Eggs"},{"floor":44,"key":"Replay:Bandana"},{"floor":44,"key":"AT_BladeRuinedKing"},{"floor":46,"key":"Molten Egg 2"},{"floor":47,"key":"Replay:Bottled Steam"}],"event_choices":[],"is_beta":false,"boss_relics":[{"not_picked":["Cursed Key","SacredBark"],"picked":"Replay:Grab Bag"},{"not_picked":["SlaversCollar","Sozu"],"picked":"Coffee Dripper"},{"not_picked":["Velvet Choker","ChewingGum"],"picked":"Philosopher\u0027s Stone"},{"not_picked":["Snecko Eye","Calling Bell"],"picked":"Astrolabe"},{"not_picked":["Replay:Wanted Poster","MiniYoumu"],"picked":"Replay:Ancient Bell"},{"not_picked":["Nunchaku","AT_ChloranthyRing"],"picked":"AT_BellDemon"},{"not_picked":["Garlic","Ornamental Fan"],"picked":"AT_ForceNature"},{"not_picked":["Incense Burner","Wakizashi"],"picked":"Calipers"}],"items_purged_floors":[2,48],"is_endless":false,"potions_floor_spawned":[4,8,10,14,23,25,29,31,37,44,46],"ascension_level":4}}