{"host":"4mxntv5hh20ijfso","time":1609936812,"event":{"mods":["AchievementEnabler","Act Like it!","BaseMod","CapriCore","Chen","Energized Spire","Gensokyo","Halation","Infinite Spire","Koishi","Marisa????????","Minty Spire (QoL Compilation)","Onozuka Komachi Mod","Quick Restart","Random Character Button","Rare Cards Sparkle","Reimu??????","Remilia??????","Shop Mod","Spicy Shops","StSLib","The Administrix","The Immortal","The Servant 0.9.4","TheVelvet","Uncapped","Waifu the Spire","Yakumo Yukari mod","Youmu??????","Yuri Mod","Yuyuko"],"gold_per_floor":[136,151,181,181,198,198,193,193,193,72,107,107,107,107,107,157,157],"floor_reached":16,"playtime":1354,"items_purged":[],"score":116,"play_id":"1c0b22e2-8da5-4104-8eee-b2a3c5ec1f59","local_time":"20210106074012","is_ascension_mode":false,"campfire_choices":[{"floor":6.0,"key":"RECALL"},{"floor":8.0,"key":"REST"},{"data":"Shallow_ocean_purpleEX","floor":12.0,"key":"SMITH"},{"data":"Yakumo_Ran_purple","floor":15.0,"key":"SMITH"}],"circlet_count":0,"master_deck":["AT_purpleEX","AT_purpleEX","AT_purpleEX","AT_purpleEX","Defend_purpleEX","Defend_purpleEX","Defend_purpleEX","Defend_purpleEX","Observe_purple_1","Observe_purple_2","Mirror_FormAndEmptin_purple","SharpContractionReality_purple","Boundary_LightAndDark_purple","Bait_HighSpeedFlying_purple","MeetDecomposer_purple","Fantasy_PerpetualMotionMachine_purple","Shallow_ocean_purpleEX+1","Yakumo_Ran_purple+1","Pain"],"relics":["Boundary_crack","Memoryfragments_purpleEX","AntiCross","Gensokyo:OccultBall","Gremlin Horn","halation:SelfBoilingWater","Gambling Chip","Gensokyo:LunaticRedEyes"],"acts_visited":["Gensokyo:Gensokyo"],"potions_floor_usage":[16],"damage_taken":[{"damage":5.0,"enemies":"Gensokyo:2_Kodama","floor":1.0,"turns":4.0},{"damage":0.0,"enemies":"Gensokyo:Gryphon","floor":2.0,"turns":3.0},{"damage":71.0,"enemies":"Gensokyo:Aya","floor":3.0,"turns":9.0},{"damage":0.0,"enemies":"Gensokyo:3_Fairies","floor":5.0,"turns":3.0},{"damage":7.0,"enemies":"Gensokyo:Cirno","floor":7.0,"turns":7.0},{"damage":18.0,"enemies":"Gensokyo:Aya","floor":11.0,"turns":4.0},{"damage":13,"enemies":"Gensokyo:Yukari","floor":16,"turns":4}],"seed_played":"8614220877454895686","potions_obtained":[{"floor":3.0,"key":"Explosive Potion"},{"floor":11.0,"key":"Explosive Potion"}],"is_trial":false,"path_per_floor":["M","M","?","?","M","R","E","R","T","$","E","R","T","?","R","B"],"character_chosen":"Youkari","items_purchased":["Fantasy_PerpetualMotionMachine_purple","Shallow_ocean_purpleEX"],"campfire_rested":1,"item_purchase_floors":[10,10],"current_hp_per_floor":[74,75,7,7,8,8,5,28,28,28,11,11,11,11,11,0,0],"gold":157,"neow_bonus":"TEN_PERCENT_HP_BONUS","is_daily":false,"chose_seed":false,"campfire_upgraded":2,"win_rate":0.0,"timestamp":1609936812,"path_taken":["M","M","?","?","M","R","E","R","T","$","E","R","?","?","R","BOSS"],"items_purchased_type":["Card","Card"],"build_version":"2020-12-22","purchased_purges":0,"victory":false,"max_hp_per_floor":[77,77,77,77,77,77,77,77,77,77,77,77,77,77,77,77,77],"card_choices":[{"not_picked":["EighthInstrument_OneDividesIntoTwo_purple","Boundary_ObjectiveBoundary_purple"],"picked":"WorldDissolvedintheRealm_purple","floor":1.0},{"not_picked":["Realm_recovery_purpleEX","Worldmountain_purple"],"picked":"Mirror_FormAndEmptin_purple","floor":2.0},{"not_picked":["Worldmountain_purple","Realm_recovery_purpleEX"],"picked":"SharpContractionReality_purple","floor":3.0},{"not_picked":["Line_surface_state_purple","StateDuplicate_purple"],"picked":"Boundary_LightAndDark_purple","floor":5.0},{"not_picked":["Boundary_DynamicStaticEquilibrium_purple","EighthInstrument_OneDividesIntoTwo_purple"],"picked":"MeetDecomposer_purple","floor":7.0},{"not_picked":["ContainerChange_purple","Anti_communist_purple"],"picked":"Yakumo_Ran_purple","floor":11.0}],"player_experience":11929,"relics_obtained":[{"floor":3.0,"key":"AntiCross"},{"floor":7.0,"key":"Gremlin Horn"},{"floor":9.0,"key":"halation:SelfBoilingWater"},{"floor":11.0,"key":"Gambling Chip"}],"event_choices":[],"is_beta":false,"boss_relics":[],"items_purged_floors":[],"is_endless":false,"potions_floor_spawned":[3,11],"killed_by":"Gensokyo:Yukari","ascension_level":0}}