{"host":"oy4pyvr762z5n0bb","time":1609904589,"event":{"mods":["AchievementEnabler","BaseMod","Colored Map","Colored Powertips","Googly Eyes","Key Reminder","Minty Spire (QoL Compilation)","Quick Restart","Relic Sorter","StSLib","SuperFastMode","Unceasing Turn Reminder","slay the spire mod where everything is the same but ironclad has a cowboy hat"],"gold_per_floor":[113,128,203,216,66,66,95,95,95,95,120,45,45,63,63,166,166,186,101,49,49,65,91,91,108,185,185,185,185],"floor_reached":28,"playtime":558,"items_purged":["Strike_G"],"score":329,"play_id":"20b19cab-81bf-4bec-8128-4db36524bf4f","local_time":"20210105194309","is_ascension_mode":true,"campfire_choices":[{"data":"Blade Dance","floor":6,"key":"SMITH"},{"floor":10,"key":"REST"},{"floor":15,"key":"REST"},{"floor":24,"key":"REST"}],"circlet_count":0,"master_deck":["Strike_G","Strike_G","Strike_G","Strike_G","Defend_G","Defend_G","Defend_G","Defend_G","Defend_G","Survivor","Neutralize","Blade Dance+1","Unload","Footwork+1","Finisher","Storm of Steel","Phantasmal Killer","Cloak And Dagger","Dagger Spray","Quick Slash+1","Terror","Dagger Spray+1"],"relics":["Ring of the Snake","NeowsBlessing","Sling","Bottled Flame","Anchor","The Specimen","Pen Nib","Philosopher\u0027s Stone","StrikeDummy","Blood Vial","Sundial","White Beast Statue"],"acts_visited":["Exordium","TheCity"],"potions_floor_usage":[7,16,23],"damage_taken":[{"damage":0,"enemies":"Small Slimes","floor":1,"turns":1},{"damage":0,"enemies":"Jaw Worm","floor":2,"turns":1},{"damage":0,"enemies":"2 Louse","floor":4,"turns":1},{"damage":14,"enemies":"Lagavulin","floor":7,"turns":5},{"damage":19,"enemies":"3 Sentries","floor":11,"turns":5},{"damage":0,"enemies":"Looter","floor":14,"turns":4},{"damage":52,"enemies":"The Guardian","floor":16,"turns":17},{"damage":15,"enemies":"3 Byrds","floor":18,"turns":6},{"damage":4,"enemies":"Shell Parasite","floor":22,"turns":4},{"damage":29,"enemies":"Gremlin Leader","floor":23,"turns":6},{"damage":11,"enemies":"3 Cultists","floor":25,"turns":4},{"damage":28,"enemies":"Cultist and Chosen","floor":28,"turns":5}],"seed_played":"1969360656570636992","potions_obtained":[{"floor":2,"key":"ColorlessPotion"},{"floor":7,"key":"SneckoOil"},{"floor":14,"key":"Swift Potion"},{"floor":22,"key":"Strength Potion"}],"is_trial":false,"path_per_floor":["M","M","?","M","$","R","E","?","T","R","E","$","?","M","R","B",null,"M","?","$","?","M","E","R","M","T","T","M"],"character_chosen":"THE_SILENT","items_purchased":["Sling","Dagger Spray"],"campfire_rested":3,"item_purchase_floors":[5,20],"current_hp_per_floor":[63,63,52,52,52,52,38,38,38,59,40,40,37,37,58,6,54,39,39,39,39,35,6,27,18,18,18,0,0],"gold":185,"neow_bonus":"THREE_ENEMY_KILL","is_daily":false,"chose_seed":false,"campfire_upgraded":1,"win_rate":0.0,"timestamp":1609904589,"path_taken":["M","M","?","M","$","R","E","?","T","R","E","$","?","M","R","BOSS","M","?","$","?","M","E","R","M","T","?","?"],"items_purchased_type":["Relic","Card"],"build_version":"2020-12-22","purchased_purges":1,"victory":false,"max_hp_per_floor":[70,70,70,70,70,70,70,70,70,70,70,70,70,70,70,70,70,70,70,70,70,70,70,70,70,70,70,70,70],"card_choices":[{"not_picked":["Backflip","Sucker Punch"],"picked":"Blade Dance","floor":1},{"not_picked":["PiercingWail","Crippling Poison"],"picked":"Unload","floor":2},{"not_picked":["Blade Dance","Sucker Punch"],"picked":"Footwork","floor":4},{"not_picked":["Terror","Dagger Throw"],"picked":"Finisher","floor":7},{"not_picked":["Dodge and Roll","Dash"],"picked":"Storm of Steel","floor":11},{"not_picked":["Prepared","Masterful Stab","Deadly Poison"],"picked":"SKIP","floor":14},{"not_picked":["Burst","Doppelganger"],"picked":"Phantasmal Killer","floor":16},{"not_picked":["Dodge and Roll","Deadly Poison"],"picked":"Cloak And Dagger","floor":18},{"not_picked":["Backflip","Eviscerate"],"picked":"Quick Slash+1","floor":22},{"not_picked":["Catalyst","Dagger Throw"],"picked":"Terror","floor":23},{"not_picked":["Reflex","Outmaneuver"],"picked":"Dagger Spray+1","floor":25}],"player_experience":635125,"relics_obtained":[{"floor":7,"key":"Bottled Flame"},{"floor":9,"key":"Anchor"},{"floor":11,"key":"The Specimen"},{"floor":23,"key":"Blood Vial"},{"floor":26,"key":"Sundial"},{"floor":27,"key":"White Beast Statue"}],"event_choices":[{"damage_healed":0,"gold_gain":75,"player_choice":"Gather Gold","damage_taken":11,"max_hp_gain":0,"max_hp_loss":0,"event_name":"World of Goop","floor":3,"gold_loss":0},{"damage_healed":0,"gold_gain":0,"player_choice":"Grow","damage_taken":0,"max_hp_gain":0,"max_hp_loss":0,"event_name":"Living Wall","floor":8,"gold_loss":0,"cards_upgraded":["Footwork"]},{"damage_healed":0,"gold_gain":0,"player_choice":"Success","damage_taken":3,"relics_obtained":["Pen Nib"],"max_hp_gain":0,"max_hp_loss":0,"event_name":"Scrap Ooze","floor":13,"gold_loss":0},{"damage_healed":0,"gold_gain":0,"player_choice":"Obtained Relic","damage_taken":0,"relics_obtained":["StrikeDummy"],"max_hp_gain":0,"max_hp_loss":0,"event_name":"Addict","floor":19,"gold_loss":85},{"damage_healed":0,"gold_gain":0,"player_choice":"Ignored","damage_taken":0,"max_hp_gain":0,"max_hp_loss":0,"event_name":"Ghosts","floor":21,"gold_loss":0}],"is_beta":false,"boss_relics":[{"not_picked":["Coffee Dripper","Busted Crown"],"picked":"Philosopher\u0027s Stone"}],"items_purged_floors":[12],"is_endless":false,"potions_floor_spawned":[2,7,14,22],"killed_by":"Cultist and Chosen","ascension_level":7}}