{"host":"9n6i2vl93jt4o42q","time":1609953331,"event":{"mods":["BaseMod","Downfall","Minty Spire (QoL Compilation)","Relic Stats","StSLib"],"gold_per_floor":[99,113,113,129,139,139,139,64,64,94,114,24,24,37,53,148,148,73,87,112,129,141,160,184,213,2,2,0,0,0,0,20,118,118,43,62,4,4,4,54,54,54,64,113,113,129,172,228,242,242,242,277,71,71,71,71],"floor_reached":55,"playtime":10266,"items_purged":["Regret","sneckomod:Strike","sneckomod:Unknown"],"score":846,"play_id":"71ba6ba1-3322-4a9a-aa9a-97b9a0da708b","local_time":"20210106181531","is_ascension_mode":true,"campfire_choices":[{"data":"sneckomod:SnekBite","floor":1.0,"key":"SMITH"},{"data":"sneckomod:PureSnecko","floor":8.0,"key":"SMITH"},{"floor":13.0,"key":"RECALL"},{"data":"sneckomod:QuickBite","floor":18,"key":"SMITH"},{"data":"sneckomod:UnknownRareSkill","floor":30,"key":"SMITH"},{"data":"sneckomod:Unknown3Cost","floor":35,"key":"SMITH"},{"data":"sneckomod:SoulRoll","floor":45,"key":"SMITH"},{"data":"sneckomod:QuickMove","floor":54,"key":"SMITH"}],"circlet_count":0,"master_deck":["sneckomod:Strike+1","sneckomod:Defend","sneckomod:Defend+1","sneckomod:TailWhip+1","sneckomod:SnekBite+1","sneckomod:Unknown","sneckomod:CheapStock+1","sneckomod:PureSnecko+1","sneckomod:SoulDraw+1","sneckomod:Unknown0Cost","sneckomod:IronFang","sneckomod:QuickBite+1","sneckomod:UnknownStrength","sneckomod:UnknownX","sneckomod:UnknownRareSkill+1","sneckomod:QuickBite","sneckomod:DiceBlock","sneckomod:SerpentMind","sneckomod:SoulRoll+1","sneckomod:QuickMove+1","sneckomod:UnknownUncommonSkill+2","sneckomod:UnknownClassGREEN","sneckomod:SoulDraw+1","sneckomod:UnknownWeak+1","sneckomod:Unknown3Cost+1","expansioncontent:ManipulateTime","expansioncontent:DarkVoid","sneckomod:Nope+1","sneckomod:SlitherStrike+1","sneckomod:UnknownBlock"],"relics":["sneckomod:SneckoSoul","Bronze Scales","downfall:HeartBlessingBlue","Lantern","Coffee Dripper","downfall:HeartBlessingRed","MealTicket","Smiling Mask","Ginger","Juzu Bracelet","Busted Crown","downfall:HeartBlessingGreen","sneckomod:SleevedAce","Gremlin Horn","Incense Burner","Ancient Tea Set","Calipers","White Beast Statue","Pear","sneckomod:LoadedDie"],"acts_visited":["Exordium","TheCity","TheBeyond","TheEnding"],"potions_floor_usage":[15,19,19,25,32,44,50,50,50,55,55],"damage_taken":[{"damage":0.0,"enemies":"Cultist","floor":2.0,"turns":3.0},{"damage":0.0,"enemies":"Small Slimes","floor":4.0,"turns":3.0},{"damage":3.0,"enemies":"Jaw Worm","floor":5.0,"turns":3.0},{"damage":27.0,"enemies":"Lagavulin","floor":10.0,"turns":6.0},{"damage":3.0,"enemies":"Red Slaver","floor":11.0,"turns":3.0},{"damage":6.0,"enemies":"downfall:FleeingMerchant","floor":12.0,"turns":4.0},{"damage":3.0,"enemies":"Large Slime","floor":14.0,"turns":5.0},{"damage":0,"enemies":"Lots of Slimes","floor":15,"turns":1},{"damage":49,"enemies":"downfall:Watcher","floor":16,"turns":5},{"damage":0,"enemies":"Shell Parasite","floor":19,"turns":3},{"damage":8,"enemies":"3 Cultists","floor":21,"turns":4},{"damage":10,"enemies":"Cultist and Chosen","floor":22,"turns":4},{"damage":22,"enemies":"Sentry and Sphere","floor":23,"turns":4},{"damage":22,"enemies":"Gremlin Leader","floor":25,"turns":5},{"damage":4,"enemies":"downfall:FleeingMerchant","floor":26,"turns":4},{"damage":7,"enemies":"downfall:FleeingMerchant","floor":28,"turns":4},{"damage":1,"enemies":"downfall:FleeingMerchant","floor":31,"turns":4},{"damage":0,"enemies":"Snake Plant","floor":32,"turns":2},{"damage":9,"enemies":"downfall:Defect","floor":33,"turns":7},{"damage":31,"enemies":"3 Darklings","floor":36,"turns":5},{"damage":0,"enemies":"downfall:FleeingMerchant","floor":37,"turns":1},{"damage":0,"enemies":"Mind Bloom Boss Battle","floor":40,"turns":3},{"damage":17,"enemies":"Orb Walker","floor":43,"turns":3},{"damage":7,"enemies":"2 Orb Walkers","floor":44,"turns":5},{"damage":1,"enemies":"4 Shapes","floor":46,"turns":3},{"damage":14,"enemies":"Spire Growth","floor":47,"turns":5},{"damage":16,"enemies":"Nemesis","floor":48,"turns":5},{"damage":11,"enemies":"Transient","floor":49,"turns":5},{"damage":25,"enemies":"downfall:Silent","floor":50,"turns":5},{"damage":91,"enemies":"downfall:CharBossMerchant","floor":52,"turns":9},{"damage":45,"enemies":"downfall:NeowBoss","floor":55,"turns":26}],"seed_played":"-6654553350132628651","potions_obtained":[{"floor":4.0,"key":"EssenceOfSteel"},{"floor":11.0,"key":"Explosive Potion"},{"floor":15,"key":"sneckomod:DiceRollPotion"},{"floor":16,"key":"ColorlessPotion"},{"floor":22,"key":"sneckomod:MuddlingPotion"},{"floor":23,"key":"Ancient Potion"},{"floor":25,"key":"sneckomod:CheatPotion"},{"floor":38,"key":"SkillPotion"},{"floor":44,"key":"SteroidPotion"},{"floor":52,"key":"LiquidBronze"}],"is_trial":false,"path_per_floor":["R","M","T","M","M","?","T","R","?","E","M","$","R","M","M","B",null,"R","M","T","M","M","M","T","E","$","?","$","?","R","$","M","B",null,"R","M","$","?","?","?","T","?","M","?","R","M","M","E","M","B",null,"E","$","R","B"],"character_chosen":"THE_SNECKO","items_purchased":["Juzu Bracelet","sneckomod:SleevedAce","Gremlin Horn","sneckomod:LoadedDie"],"campfire_rested":0,"item_purchase_floors":[26,37,37,53],"current_hp_per_floor":[90,90,90,90,87,87,87,97,97,71,68,62,62,60,61,38,104,104,104,104,101,91,69,69,47,59,51,60,45,45,59,60,52,108,108,77,92,92,87,87,87,87,82,75,75,74,60,45,38,13,109,28,43,43,0,0],"gold":71,"neow_bonus":"UPGRADE_CARD","is_daily":false,"chose_seed":false,"campfire_upgraded":7,"win_rate":0.0,"timestamp":1609953331,"path_taken":["R","M","?","M","M","?","T","R","?","E","M","$","R","?","M","BOSS","R","M","?","M","M","M","T","E","$","?","$","?","R","?","M","BOSS","R","M","$","?","?","?","T","?","M","?","R","M","M","E","M","BOSS","E","$","R","BOSS"],"items_purchased_type":["Relic","Relic","Relic","Relic"],"build_version":"2020-12-22","purchased_purges":3,"victory":false,"max_hp_per_floor":[90,90,90,90,90,90,90,100,100,101,101,101,101,102,103,104,104,104,104,104,104,104,104,104,104,105,105,106,106,106,106,107,108,108,108,108,108,108,108,108,108,108,108,108,108,108,108,109,109,109,109,119,119,119,119,119],"relic_stats":{"Busted Crown":28,"Gremlin Horn":[7,7],"counters":[31,148],"Bronze Scales":[295],"MealTicket":75,"Juzu Bracelet":3,"Ginger":[10],"Smiling Mask":125,"obtain_stats":[{"Lantern":10,"Calipers":44,"Pear":52,"downfall:HeartBlessingRed":18,"Gremlin Horn":37,"sneckomod:LoadedDie":53,"downfall:HeartBlessingGreen":35,"Juzu Bracelet":26,"Incense Burner":40,"Ginger":25,"sneckomod:SneckoSoul":0,"Smiling Mask":24,"Ancient Tea Set":41,"White Beast Statue":48,"Busted Crown":34,"downfall:HeartBlessingBlue":8,"Bronze Scales":3,"sneckomod:SleevedAce":37,"MealTicket":20,"Coffee Dripper":17},{"Lantern":4,"Calipers":24,"Pear":30,"downfall:HeartBlessingRed":9,"Gremlin Horn":21,"sneckomod:LoadedDie":30,"downfall:HeartBlessingGreen":19,"Juzu Bracelet":15,"Incense Burner":22,"Ginger":14,"sneckomod:SneckoSoul":0,"Smiling Mask":13,"Ancient Tea Set":22,"White Beast Statue":27,"Busted Crown":19,"downfall:HeartBlessingBlue":3,"Bronze Scales":1,"sneckomod:SleevedAce":21,"MealTicket":10,"Coffee Dripper":9},{"Lantern":15,"Calipers":91,"Pear":123,"downfall:HeartBlessingRed":33,"Gremlin Horn":80,"sneckomod:LoadedDie":123,"downfall:HeartBlessingGreen":74,"Juzu Bracelet":57,"Incense Burner":83,"Ginger":53,"sneckomod:SneckoSoul":0,"Smiling Mask":48,"Ancient Tea Set":83,"White Beast Statue":104,"Busted Crown":74,"downfall:HeartBlessingBlue":9,"Bronze Scales":3,"sneckomod:SleevedAce":80,"MealTicket":36,"Coffee Dripper":33}]},"card_choices":[{"not_picked":["sneckomod:DiceBlock","sneckomod:DiceCrush"],"picked":"sneckomod:CheapStock","floor":2.0},{"not_picked":["sneckomod:UnknownVulnerable","sneckomod:UnknownStrike"],"picked":"sneckomod:PureSnecko","floor":4.0},{"not_picked":["sneckomod:UnknownClassTHE_CHAMP_GRAY","sneckomod:DiceBlock"],"picked":"sneckomod:SoulDraw","floor":5.0},{"not_picked":["sneckomod:UnknownClassHEXA_GHOST_PURPLE","sneckomod:UnknownColorless"],"picked":"sneckomod:Unknown0Cost","floor":10.0},{"not_picked":["sneckomod:UnknownStrike","sneckomod:UnknownClassGUARDIAN"],"picked":"sneckomod:IronFang","floor":11.0},{"not_picked":["sneckomod:DiceBoulder","sneckomod:RainOfDice"],"picked":"sneckomod:QuickBite","floor":12.0},{"not_picked":["sneckomod:DiceBlock","sneckomod:WideSting"],"picked":"sneckomod:UnknownStrength","floor":14.0},{"not_picked":["sneckomod:UnknownStrength","sneckomod:UnknownCommonAttack"],"picked":"sneckomod:UnknownX","floor":15},{"not_picked":["sneckomod:Unknown3Cost","sneckomod:UnknownColorless"],"picked":"sneckomod:UnknownRareSkill","floor":16},{"not_picked":["sneckomod:UnknownStrength","sneckomod:CheapStock"],"picked":"sneckomod:QuickBite","floor":19},{"not_picked":["sneckomod:UnknownCommonSkill","sneckomod:UnknownCommonAttack"],"picked":"sneckomod:DiceBlock","floor":21},{"not_picked":["sneckomod:Unknown1Cost","sneckomod:UnknownClassRED"],"picked":"sneckomod:SerpentMind","floor":22},{"not_picked":["sneckomod:UnknownEthereal","sneckomod:UnknownStrength"],"picked":"sneckomod:SoulRoll","floor":23},{"not_picked":["sneckomod:UnknownCommonSkill","sneckomod:UnknownWeak"],"picked":"sneckomod:QuickMove","floor":25},{"not_picked":["sneckomod:UnknownClassSLIMEBOUND+1","sneckomod:IronFang"],"picked":"sneckomod:UnknownUncommonSkill","floor":26},{"not_picked":["sneckomod:UnknownClassGUARDIAN","sneckomod:UnknownCommonAttack"],"picked":"sneckomod:UnknownClassGREEN","floor":28},{"not_picked":["sneckomod:DiceCrush","sneckomod:UnknownClassGUARDIAN"],"picked":"sneckomod:SoulDraw+1","floor":31},{"not_picked":["sneckomod:UnknownCommonAttack","sneckomod:WideSting"],"picked":"sneckomod:UnknownWeak+1","floor":32},{"not_picked":["sneckomod:UnknownColorless","sneckomod:DangerNoodle"],"picked":"sneckomod:Unknown3Cost","floor":33},{"not_picked":["sneckomod:IronFang"],"picked":"SKIP","floor":36},{"not_picked":["sneckomod:UnknownClassBLUE+1"],"picked":"SKIP","floor":37},{"not_picked":[],"picked":"expansioncontent:ManipulateTime","floor":39},{"not_picked":[],"picked":"expansioncontent:DarkVoid","floor":39},{"not_picked":[],"picked":"sneckomod:Nope+1","floor":43},{"not_picked":[],"picked":"sneckomod:SlitherStrike+1","floor":44},{"not_picked":["sneckomod:Unknown2Cost"],"picked":"SKIP","floor":46},{"not_picked":["sneckomod:UnknownWeak"],"picked":"SKIP","floor":47},{"not_picked":[],"picked":"sneckomod:UnknownBlock","floor":48},{"not_picked":["sneckomod:WideSting"],"picked":"SKIP","floor":49},{"not_picked":["sneckomod:UnknownUncommonSkill"],"picked":"SKIP","floor":52}],"player_experience":2157557,"relics_obtained":[{"floor":3.0,"key":"Bronze Scales"},{"floor":10.0,"key":"Lantern"},{"floor":20,"key":"MealTicket"},{"floor":24,"key":"Smiling Mask"},{"floor":25,"key":"Ginger"},{"floor":40,"key":"Incense Burner"},{"floor":41,"key":"Ancient Tea Set"},{"floor":44,"key":"Calipers"},{"floor":48,"key":"White Beast Statue"},{"floor":52,"key":"Pear"}],"event_choices":[{"damage_healed":0,"gold_gain":0,"player_choice":"Got Potions","damage_taken":0,"max_hp_gain":0,"max_hp_loss":0,"event_name":"Lab","floor":38,"gold_loss":0},{"cards_removed":["sneckomod:Defend"],"damage_healed":0,"gold_gain":0,"player_choice":"Purged","damage_taken":0,"max_hp_gain":0,"max_hp_loss":0,"event_name":"Purifier","floor":42,"gold_loss":0},{"damage_healed":0,"gold_gain":0,"player_choice":"Fight","damage_taken":0,"max_hp_gain":0,"max_hp_loss":0,"event_name":"Mysterious Sphere","floor":44,"gold_loss":0}],"is_beta":false,"boss_relics":[{"not_picked":["SacredBark","Pandora\u0027s Box"],"picked":"Coffee Dripper"},{"not_picked":["SlaversCollar","Astrolabe"],"picked":"Busted Crown"}],"items_purged_floors":[12,26,53],"is_endless":false,"potions_floor_spawned":[4,11,15,16,22,23,25,43,44,48,49,52],"killed_by":"downfall:NeowBoss","ascension_level":3}}