{"host":"t4bl6qmmsws2mq4o","time":1609916897,"event":{"mods":["AchievementEnabler","BaseMod","Better Note","Downfall","GifTheSpireLib","Hermit","Minty Spire (QoL Compilation)","Replay The Spire","StSLib","The Alterego","The Jungle","The Marked"],"gold_per_floor":[117,117,129,6,6,6,41,41,122,132,147,161,161,161,161,265,265,284,284,93,107,107,107,133,151,176,193,193,46,61,71,171,270,320,331,9,23,37,37,67,67,81,81,112,162,162,47,65,65,65],"floor_reached":51,"playtime":2497,"items_purged":["Hallucinations"],"score":1077,"play_id":"b4a8d0c8-63d2-4030-9f76-8ef0a7ca10d9","local_time":"20210105230817","is_ascension_mode":false,"campfire_choices":[{"data":"Replay:Sssssssssshield","floor":6,"key":"SMITH"},{"data":"expansioncontent:Corrupt","floor":8,"key":"SMITH"},{"data":"Replay:SS_hec_2","floor":15,"key":"SMITH"},{"data":"Infernal Blade","floor":23,"key":"SMITH"},{"floor":41,"key":"REST"},{"floor":49,"key":"REST"}],"circlet_count":0,"master_deck":["Strike_R","Strike_R","Strike_R+1","Strike_R","Strike_R+1","Defend_R","Defend_R+1","Defend_R+1","Defend_R","Iron Wave+1","Carnage","expansioncontent:Corrupt+1","Replay:Sssssssssshield+1","Replay:SS_hec_2+1","Replay:Undeath\u0027s Touch","ReplayTheSpireMod:Muscle Training+1","Replay:Undeath\u0027s Touch","Demon Form","Infernal Blade+1","ReplayReversal","Cleave+1","Flex","Uppercut+1","Replay:SS_hec_2+1","Reaper","Warcry+1","Limit Break+1","Clash+1","Enlightenment","Shrug It Off+1","Parasite","Flame Barrier","Anger+1","Madness","Madness","Iron Wave","Shrug It Off+1"],"relics":["Burning Blood","Akabeko","ReplayTheSpireMod:ShopPack","MealTicket","Kunai","Electric Blood","Membership Card","Replay:Wax Seal","Gremlin Food","ReplayTheSpireMod:TigerMarble","Tiny House","ClockworkSouvenir","Whetstone","Paper Frog","Ring of Fury","Ring of Chaos","Potion Belt","Bottled Tornado","Dream Catcher","Mango","Brimstone"],"acts_visited":["Exordium","TheCity","TheBeyond"],"potions_floor_usage":[31,35,40,50,50,50,50],"damage_taken":[{"damage":2,"enemies":"2 Louse","floor":1,"turns":2},{"damage":1,"enemies":"Cultist","floor":3,"turns":3},{"damage":2,"enemies":"3 Sentries","floor":7,"turns":10},{"damage":0,"enemies":"Small Slimes","floor":10,"turns":3},{"damage":1,"enemies":"Looter","floor":11,"turns":4},{"damage":5,"enemies":"Large Slime","floor":12,"turns":4},{"damage":22,"enemies":"Hexaghost","floor":16,"turns":9},{"damage":13,"enemies":"3 Byrds","floor":18,"turns":6},{"damage":14,"enemies":"2 Thieves","floor":21,"turns":4},{"damage":17,"enemies":"Book of Stabbing","floor":24,"turns":5},{"damage":10,"enemies":"Snake Plant","floor":25,"turns":4},{"damage":12,"enemies":"Sentry and Sphere","floor":27,"turns":6},{"damage":8,"enemies":"Centurion and Healer","floor":30,"turns":6},{"damage":6,"enemies":"Snake Plant","floor":31,"turns":8},{"damage":36,"enemies":"Pondfish","floor":33,"turns":12},{"damage":27,"enemies":"3 Darklings","floor":35,"turns":6},{"damage":7,"enemies":"3 Shapes","floor":37,"turns":3},{"damage":21,"enemies":"Maw","floor":38,"turns":6},{"damage":54,"enemies":"Reptomancer","floor":40,"turns":8},{"damage":11,"enemies":"Writhing Mass","floor":42,"turns":5},{"damage":5,"enemies":"Nemesis","floor":44,"turns":7},{"damage":10,"enemies":"Mind Bloom Boss Battle","floor":45,"turns":4},{"damage":8,"enemies":"Transient","floor":48,"turns":5},{"damage":18,"enemies":"Donu and Deca","floor":50,"turns":5}],"seed_played":"-3166575646364869476","potions_obtained":[{"floor":11,"key":"Block Potion"},{"floor":16,"key":"Weak Potion"},{"floor":19,"key":"SteroidPotion"},{"floor":25,"key":"ColorlessPotion"},{"floor":33,"key":"EssenceOfSteel"},{"floor":34,"key":"Slimebound:ThreeZeroPotion"},{"floor":38,"key":"hexamod:EctoCoolerPotion"},{"floor":40,"key":"Strength Potion"},{"floor":44,"key":"Energy Potion"},{"floor":45,"key":"SpeedPotion"},{"floor":48,"key":"Milkshake"}],"is_trial":false,"path_per_floor":["M","?","M","$","?","R","E","R","T","M","M","M","?","?","R","B",null,"M","?","$","M","?","R","E","M","T","M","?","$","M","M","R","B",null,"M","$","M","M","?","E","R","M","T","E","?","?","$","M","R","B",null],"character_chosen":"IRONCLAD","items_purchased":["ReplayTheSpireMod:ShopPack","Membership Card","ReplayReversal","ReplayTheSpireMod:TigerMarble","Reaper","ClockworkSouvenir","Whetstone","Paper Frog","Enlightenment","Brimstone"],"campfire_rested":2,"item_purchase_floors":[4,20,20,29,29,36,36,36,36,47],"current_hp_per_floor":[80,80,80,80,80,80,80,80,80,80,80,80,80,80,80,64,80,73,73,80,72,90,90,79,75,75,69,69,84,89,89,89,69,95,95,95,95,95,95,48,76,77,77,95,109,95,109,107,109,109],"gold":65,"neow_bonus":"RANDOM_COMMON_RELIC","is_daily":false,"chose_seed":false,"campfire_upgraded":4,"win_rate":0.0,"timestamp":1609916897,"path_taken":["M","?","M","?","?","R","E","R","T","M","M","?","?","?","R","BOSS","M","?","$","M","?","R","E","M","T","M","?","?","?","M","R","BOSS","M","$","M","M","?","E","R","M","T","E","?","?","?","M","R","BOSS"],"items_purchased_type":["Relic","Relic","Card","Relic","Card","Relic","Relic","Relic","Card","Relic"],"build_version":"2020-12-22","purchased_purges":1,"victory":true,"max_hp_per_floor":[80,80,80,80,80,80,80,80,80,80,80,80,80,80,80,80,80,80,80,80,80,90,90,90,90,90,90,90,90,90,90,90,90,95,95,95,95,95,95,95,95,95,95,95,109,109,109,109,109,109],"card_choices":[{"not_picked":["Sword Boomerang","Havoc"],"picked":"Iron Wave","floor":1},{"not_picked":["Clothesline","Sentinel"],"picked":"Carnage","floor":3},{"not_picked":["HandOfGreed","Poisoned Strike"],"picked":"expansioncontent:Corrupt","floor":4},{"not_picked":["Discovery","ReplayTheSpireMod:Necrogeddon"],"picked":"Replay:Sssssssssshield","floor":4},{"not_picked":["Replay:SS_hec_1","expansioncontent:ChargeUp"],"picked":"Replay:SS_hec_2","floor":4},{"not_picked":["Iron Wave","Heavy Blade"],"picked":"Replay:Undeath\u0027s Touch","floor":7},{"not_picked":["Feel No Pain","Rampage"],"picked":"ReplayTheSpireMod:Muscle Training","floor":10},{"not_picked":["Heavy Blade","Twin Strike"],"picked":"Replay:Undeath\u0027s Touch","floor":11},{"not_picked":["ReplayTheSpireMod:Limb From Limb","Rampage"],"picked":"Demon Form","floor":12},{"not_picked":["Juggernaut","Bludgeon"],"picked":"Offering","floor":16},{"not_picked":["Rampage","Wild Strike"],"picked":"Infernal Blade","floor":18},{"not_picked":["Warcry+1","Body Slam"],"picked":"Cleave+1","floor":21},{"not_picked":["Reckless Charge","Dual Wield"],"picked":"Flex","floor":24},{"not_picked":["Massacre","Replay:Undeath\u0027s Touch","Havoc"],"picked":"SKIP","floor":25},{"not_picked":["Heavy Blade+1","True Grit+1"],"picked":"Uppercut+1","floor":27},{"not_picked":["Replay:Undeath\u0027s Touch","Burning Pact","Combust"],"picked":"SKIP","floor":30},{"not_picked":["Clothesline","Pummel+1"],"picked":"Warcry+1","floor":31},{"not_picked":["Berserk","Offering"],"picked":"Limit Break","floor":33},{"not_picked":["Clothesline+1","Flex"],"picked":"Clash+1","floor":35},{"not_picked":["ReplayTheSpireMod:Strike From Hell","Sword Boomerang"],"picked":"Shrug It Off+1","floor":37},{"not_picked":["Armaments","Iron Wave","True Grit+1"],"picked":"SKIP","floor":38},{"not_picked":["ReplayTheSpireMod:LeadingStrike","Carnage+1","Disarm"],"picked":"SKIP","floor":40},{"not_picked":["Pommel Strike","Power Through+1","Anger+1"],"picked":"SKIP","floor":42},{"not_picked":["Clothesline+1","Demonic Infusion"],"picked":"Flame Barrier","floor":44},{"not_picked":["Heavy Blade","Wild Strike+1"],"picked":"Anger+1","floor":45},{"not_picked":["Havoc","Infernal Blade"],"picked":"Iron Wave","floor":48},{"not_picked":["Dark Embrace+1","Wild Strike+1"],"picked":"Shrug It Off+1","floor":49}],"player_experience":460795,"relics_obtained":[{"floor":7,"key":"MealTicket"},{"floor":9,"key":"Kunai"},{"floor":24,"key":"Replay:Wax Seal"},{"floor":26,"key":"Gremlin Food"},{"floor":39,"key":"Ring of Fury"},{"floor":39,"key":"Ring of Chaos"},{"floor":40,"key":"Potion Belt"},{"floor":43,"key":"Bottled Tornado"},{"floor":44,"key":"Dream Catcher"},{"floor":45,"key":"Mango"}],"event_choices":[{"damage_healed":0,"gold_gain":0,"player_choice":"Upgraded","damage_taken":0,"max_hp_gain":0,"max_hp_loss":0,"event_name":"Upgrade Shrine","floor":2,"gold_loss":0,"cards_upgraded":["Iron Wave"]},{"cards_removed":["Bash"],"damage_healed":0,"gold_gain":0,"player_choice":"Card Removal","damage_taken":0,"max_hp_gain":0,"max_hp_loss":0,"event_name":"Wheel of Change","floor":5,"gold_loss":0},{"damage_healed":0,"gold_gain":0,"player_choice":"Grow","damage_taken":0,"max_hp_gain":0,"max_hp_loss":0,"event_name":"Living Wall","floor":13,"gold_loss":0,"cards_upgraded":["ReplayTheSpireMod:Muscle Training"]},{"damage_healed":0,"gold_gain":0,"player_choice":"Ignored","damage_taken":0,"max_hp_gain":0,"max_hp_loss":0,"event_name":"Liars Game","floor":14,"gold_loss":0},{"damage_healed":0,"gold_gain":0,"player_choice":"Got Potions","damage_taken":0,"max_hp_gain":0,"max_hp_loss":0,"event_name":"Lab","floor":19,"gold_loss":0},{"cards_removed":["Offering"],"damage_healed":8,"gold_gain":0,"player_choice":"Offered Rare","damage_taken":0,"max_hp_gain":10,"max_hp_loss":0,"event_name":"Bonfire Elementals","floor":22,"gold_loss":0},{"damage_healed":0,"gold_gain":0,"player_choice":"Copied","damage_taken":0,"max_hp_gain":0,"max_hp_loss":0,"event_name":"Duplicator","floor":28,"gold_loss":0,"cards_obtained":["Replay:SS_hec_2"]},{"damage_healed":0,"gold_gain":100,"player_choice":"Pray","damage_taken":0,"max_hp_gain":0,"max_hp_loss":0,"event_name":"Golden Shrine","floor":32,"gold_loss":0},{"damage_healed":0,"gold_gain":0,"player_choice":"Fight","damage_taken":0,"max_hp_gain":0,"max_hp_loss":0,"event_name":"MindBloom","floor":45,"gold_loss":0},{"damage_healed":0,"gold_gain":0,"player_choice":"Embrace Madness","damage_taken":14,"max_hp_gain":0,"max_hp_loss":0,"event_name":"Winding Halls","floor":46,"gold_loss":0,"cards_obtained":["Madness","Madness"]}],"is_beta":false,"boss_relics":[{"not_picked":["Kintsugi","Black Blood"],"picked":"Electric Blood"},{"not_picked":["Runic Pyramid","Coffee Dripper"],"picked":"Tiny House"}],"items_purged_floors":[47],"is_endless":false,"potions_floor_spawned":[11,16,21,25,27,33,38,40,44,45,48],"ascension_level":0}}