{"host":"Qube","time":1609911347,"event":{"mods":["AchievementEnabler","BaseMod","Colored Map","Colored Powertips","Minty Spire (QoL Compilation)","Quick Restart","Random Character Button","StSLib"],"gold_per_floor":[15,25,75,86,164,164,193,193,271,305,305,330,344,374,374,449,449,460,350,362,362,372,372,372],"floor_reached":23,"playtime":1017,"items_purged":[],"score":437,"play_id":"e0bcd628-8214-48a5-add9-366c96c2a27a","local_time":"20210105213547","is_ascension_mode":true,"campfire_choices":[{"data":"Armaments","floor":6.0,"key":"SMITH"},{"floor":8.0,"key":"REST"},{"data":"Feed","floor":15.0,"key":"SMITH"}],"circlet_count":0,"master_deck":["AscendersBane","Bash+1","Feed+1","Armaments+1","Battle Trance","Infernal Blade","Immolate","Metallicize","Shrug It Off","Iron Wave","Shrug It Off","Immolate","Shrug It Off","Exhume","Warcry","Infernal Blade","Uppercut","Uppercut","Shrug It Off","Bloodletting+1","Flex","Spot Weakness"],"relics":["Burning Blood","StoneCalendar","Meat on the Bone","Dream Catcher","Turnip","Self Forming Clay","Pandora\u0027s Box"],"acts_visited":["TheCity"],"potions_floor_usage":[23],"damage_taken":[{"damage":1.0,"enemies":"2 Louse","floor":1.0,"turns":3.0},{"damage":6.0,"enemies":"Cultist","floor":2.0,"turns":4.0},{"damage":9.0,"enemies":"Jaw Worm","floor":4.0,"turns":5.0},{"damage":15.0,"enemies":"Lots of Slimes","floor":5.0,"turns":7.0},{"damage":56.0,"enemies":"Lagavulin","floor":7.0,"turns":10.0},{"damage":24.0,"enemies":"Gremlin Nob","floor":10.0,"turns":4.0},{"damage":10.0,"enemies":"3 Sentries","floor":12.0,"turns":4.0},{"damage":0.0,"enemies":"Large Slime","floor":13.0,"turns":3.0},{"damage":16.0,"enemies":"Gremlin Nob","floor":14.0,"turns":3.0},{"damage":32.0,"enemies":"Hexaghost","floor":16.0,"turns":12.0},{"damage":26.0,"enemies":"3 Byrds","floor":18.0,"turns":4.0},{"damage":15.0,"enemies":"2 Thieves","floor":20.0,"turns":3.0},{"damage":25,"enemies":"Centurion and Healer","floor":22,"turns":5},{"damage":16,"enemies":"Slavers","floor":23,"turns":2}],"seed_played":"-7187178928080149110","potions_obtained":[{"floor":2.0,"key":"ColorlessPotion"},{"floor":5.0,"key":"ElixirPotion"},{"floor":12.0,"key":"GamblersBrew"},{"floor":13.0,"key":"Block Potion"},{"floor":16.0,"key":"CultistPotion"},{"floor":20.0,"key":"Ancient Potion"}],"is_trial":false,"path_per_floor":["M","M","?","M","M","R","E","R","T","E","?","E","M","E","R","B",null,"M","?","M","?","M","E"],"character_chosen":"IRONCLAD","items_purchased":[],"campfire_rested":1,"item_purchase_floors":[],"current_hp_per_floor":[76,79,79,80,74,74,28,55,55,49,36,47,65,55,55,41,82,62,62,65,65,58,42,42],"gold":372,"neow_bonus":"THREE_RARE_CARDS","is_daily":false,"chose_seed":false,"campfire_upgraded":2,"win_rate":0.0,"timestamp":1609911347,"path_taken":["M","M","?","M","?","R","E","R","T","E","?","E","?","E","R","BOSS","M","?","?","?","M","E"],"items_purchased_type":[],"build_version":"2020-12-18","purchased_purges":0,"victory":false,"max_hp_per_floor":[78,81,81,85,88,88,92,92,92,92,92,95,95,95,95,95,95,95,95,95,95,95,95,95],"card_choices":[{"not_picked":["Berserk","Juggernaut"],"picked":"Feed","floor":0.0},{"not_picked":["Second Wind","Flex"],"picked":"Armaments","floor":1.0},{"not_picked":["Heavy Blade","Seeing Red"],"picked":"Headbutt","floor":2.0},{"not_picked":["Clothesline","Body Slam"],"picked":"Battle Trance","floor":4.0},{"not_picked":["Carnage","Metallicize"],"picked":"Infernal Blade","floor":5.0},{"not_picked":["Metallicize","Clothesline"],"picked":"Immolate","floor":7.0},{"not_picked":["Wild Strike","Searing Blow"],"picked":"Metallicize","floor":10.0},{"not_picked":["Pommel Strike","Thunderclap"],"picked":"Shrug It Off","floor":12.0},{"not_picked":["Armaments","Blood for Blood"],"picked":"Iron Wave","floor":13.0},{"not_picked":["Inflame","Infernal Blade"],"picked":"Shrug It Off","floor":14.0},{"not_picked":["Reaper","Double Tap"],"picked":"Immolate","floor":16.0},{"not_picked":["Anger","Clash+1","Havoc"],"picked":"SKIP","floor":18.0},{"not_picked":["Pommel Strike+1","Twin Strike"],"picked":"Bloodletting+1","floor":20.0},{"not_picked":["Carnage","Cleave","Heavy Blade"],"picked":"SKIP","floor":22},{"not_picked":["Carnage","Cleave","Heavy Blade"],"picked":"SKIP","floor":22}],"player_experience":809526,"relics_obtained":[{"floor":7.0,"key":"StoneCalendar"},{"floor":9.0,"key":"Meat on the Bone"},{"floor":10.0,"key":"Dream Catcher"},{"floor":12.0,"key":"Turnip"},{"floor":14.0,"key":"Self Forming Clay"}],"event_choices":[{"damage_healed":0.0,"max_hp_gain":0.0,"max_hp_loss":0.0,"gold_gain":50.0,"event_name":"Golden Shrine","player_choice":"Pray","floor":3.0,"gold_loss":0.0,"damage_taken":0.0},{"damage_healed":0.0,"max_hp_gain":0.0,"max_hp_loss":0.0,"gold_gain":0.0,"event_name":"Wheel of Change","player_choice":"Damaged","floor":11.0,"gold_loss":0.0,"damage_taken":13.0},{"cards_removed":["Limit Break"],"damage_healed":0.0,"max_hp_gain":0.0,"max_hp_loss":0.0,"gold_gain":0.0,"event_name":"Designer","player_choice":"Upgrade and Remove","floor":19.0,"gold_loss":110.0,"damage_taken":0.0,"cards_upgraded":["Bash"]},{"damage_healed":0.0,"max_hp_gain":0.0,"max_hp_loss":0.0,"gold_gain":0.0,"cards_transformed":["Anger","Headbutt"],"event_name":"Drug Dealer","player_choice":"Became Test Subject","floor":21.0,"gold_loss":0.0,"damage_taken":0.0,"cards_obtained":["Flex","Spot Weakness"]}],"is_beta":true,"boss_relics":[{"not_picked":["Mark of Pain","Velvet Choker"],"picked":"Pandora\u0027s Box"}],"items_purged_floors":[],"is_endless":false,"potions_floor_spawned":[2,5,12,13,16,20,22],"killed_by":"Slavers","ascension_level":15}}