{"host":"61ejhfsushs0xmcl","time":1609933094,"event":{"mods":["ATMod(°¢èªMod)","Act Like it!","BaseMod","Colored Map","Gold Saver","Minty Spire (QoL Compilation)","MostiFishMod","Spicy Shops","StSLib","TestMod","Waifu the Spire","[IsaacMod]ÒÔÈö¼âËþ","¡¾ÒÅÎï¿¨ÅÆ¡¿REMEMod","óô»ðÖ¸ÄÏ"],"gold_per_floor":[2637,2562,1715,1715,1734,1767,1785,1819,1843,1876,1901,1941,1961,1974,1307,1413,1425,1453,1465,1477,1489,1514,1560,562,597,609,639,651,702,732,782,794,895,907,942,389,413,428,428,464,530,563,586,622,642,144,169,192,192,192,192,192,192,26,64,64,64],"floor_reached":56,"playtime":1647,"items_purged":["Defend_P","Eruption","Defend_P","Strike_P","Strike_P","Strike_P","Strike_P"],"score":3033,"play_id":"e7d33e5e-ffdd-4e99-ac56-1f8b9d2a653e","local_time":"20210106193814","is_ascension_mode":true,"campfire_choices":[{"data":"Vault","floor":28.0,"key":"SMITH"},{"data":"Ragnarok","floor":32.0,"key":"SMITH"},{"floor":49,"key":"RECALL"},{"data":"Tantrum","floor":53,"key":"SMITH"}],"circlet_count":0,"master_deck":["AscendersBane","Defend_P+1","Vigilance+1","Eruption+1","AT_BreakingExtremeWeapon+1","Vault+1","MostiFishMod:PathToVictory","Flash of Steel","EmptyMind+1","TalkToTheHand+1","MostiFishMod:Disappear+1","Indignation+1","Adaptation+1","Ragnarok+1","TalkToTheHand+1","InnerPeace","LessonLearned+1","Tantrum+1","Vault+1","Vault+1","Adaptation+1"],"relics":["PureWater","HushsDoor","testmod-Recursion","Jackal-EndForJourney","Void","SynthV:TestCard","AT_ArcaneBoots","Golden Idol","REME_CardOfGreed","HereWithMe","testmod-ArcanaOfDestiny","Pocketwatch","Singing Bowl","Coffee Dripper","testmod-LifeArmor","Bag of Marbles","Lantern","TuHaoJin","BloodDonationMachine"],"acts_visited":["Exordium","TheCity","TheBeyond","TheEnding"],"potions_floor_usage":[],"damage_taken":[{"damage":0.0,"enemies":"2 Louse","floor":1.0,"turns":1.0},{"damage":0.0,"enemies":"Jaw Worm","floor":5.0,"turns":1.0},{"damage":0.0,"enemies":"3 Sentries","floor":6.0,"turns":1.0},{"damage":0.0,"enemies":"Small Slimes","floor":7.0,"turns":1.0},{"damage":0.0,"enemies":"Lagavulin","floor":8.0,"turns":2.0},{"damage":0.0,"enemies":"Gremlin Nob","floor":10.0,"turns":1.0},{"damage":0.0,"enemies":"3 Louse","floor":11.0,"turns":1.0},{"damage":0.0,"enemies":"3 Sentries","floor":12.0,"turns":2.0},{"damage":0.0,"enemies":"Exordium Wildlife","floor":13.0,"turns":2.0},{"damage":0.0,"enemies":"2 Fungi Beasts","floor":14.0,"turns":1.0},{"damage":0.0,"enemies":"The Guardian","floor":16.0,"turns":3.0},{"damage":0.0,"enemies":"Shell Parasite","floor":18.0,"turns":1.0},{"damage":0.0,"enemies":"3 Byrds","floor":22.0,"turns":1.0},{"damage":4.0,"enemies":"Gremlin Leader","floor":23.0,"turns":2.0},{"damage":0.0,"enemies":"Shelled Parasite and Fungi","floor":25.0,"turns":1.0},{"damage":0.0,"enemies":"Snake Plant","floor":27.0,"turns":1.0},{"damage":0.0,"enemies":"Book of Stabbing","floor":29.0,"turns":2.0},{"damage":0.0,"enemies":"Snecko","floor":30.0,"turns":1.0},{"damage":0.0,"enemies":"Gremlin Leader","floor":31.0,"turns":1.0},{"damage":0.0,"enemies":"Collector","floor":33.0,"turns":1.0},{"damage":0.0,"enemies":"3 Darklings","floor":35.0,"turns":2.0},{"damage":0.0,"enemies":"3 Shapes","floor":37.0,"turns":2.0},{"damage":0.0,"enemies":"Maw","floor":38.0,"turns":2.0},{"damage":0.0,"enemies":"Giant Head","floor":40.0,"turns":2.0},{"damage":0.0,"enemies":"2 Orb Walkers","floor":41.0,"turns":1.0},{"damage":0.0,"enemies":"Reptomancer","floor":42.0,"turns":2.0},{"damage":0.0,"enemies":"Giant Head","floor":44.0,"turns":2.0},{"damage":0.0,"enemies":"4 Shapes","floor":45.0,"turns":1.0},{"damage":0,"enemies":"3 Darklings","floor":47,"turns":2},{"damage":0,"enemies":"Sphere and 2 Shapes","floor":48,"turns":2},{"damage":0,"enemies":"Donu and Deca","floor":50,"turns":3},{"damage":0,"enemies":"Time Eater","floor":51,"turns":1},{"damage":0,"enemies":"Shield and Spear","floor":55,"turns":2},{"damage":0,"enemies":"Delirium","floor":56,"turns":5}],"seed_played":"7110494034934316430","potions_obtained":[{"floor":1.0,"key":"SkillPotion"},{"floor":11.0,"key":"Weak Potion"},{"floor":12.0,"key":"SteroidPotion"},{"floor":27.0,"key":"BottledMiracle"},{"floor":29.0,"key":"FairyPotion"},{"floor":37.0,"key":"DuplicationPotion"},{"floor":45.0,"key":"Swift Potion"}],"is_trial":false,"path_per_floor":["M","?","$","?","M","E","M","E","T","E","M","E","M","M","R","B",null,"M","?","?","?","M","E","R","M","T","M","R","E","M","E","R","B",null,"M","$","M","M","?","E","?","E","T","E","M","R","M","M","R","B","B",null,"R","$","E","B"],"character_chosen":"WATCHER","items_purchased":["AT_SpeedBoots","BFFS","PrismaticShard","Blue Candle","MawBank","Vajra","REME_CardOfGreed","Adaptation","GuppysHairball","Fruit Juice","Chemical X","NineVolt","Pen Nib","Singing Bowl","JudasShadow","testmod-AssaultLearning","Orrery","Bronze Scales","Damocles","Lantern"],"campfire_rested":0,"item_purchase_floors":[3,3,3,3,15,15,15,15,17,24,24,24,24,24,34,36,36,36,46,54],"current_hp_per_floor":[67,67,67,42,42,42,42,42,42,42,42,42,42,42,42,42,55,55,55,55,55,55,51,56,58,58,60,60,60,62,62,62,62,50,52,62,62,64,64,66,68,68,68,68,70,70,72,74,74,74,74,74,74,74,76,76,76],"gold":64,"neow_bonus":"TEN_PERCENT_HP_BONUS","is_daily":false,"chose_seed":false,"campfire_upgraded":3,"win_rate":0.0,"timestamp":1609933094,"path_taken":["M","?","$","?","M","E","M","E","T","E","M","E","M","M","R","BOSS","M","?","?","?","M","E","R","M","T","M","R","E","?","E","R","BOSS","M","$","M","M","?","E","?","E","T","E","M","R","M","M","R","BOSS","BOSS","R","$","E","BOSS"],"items_purchased_type":["Relic","Relic","Relic","Relic","Relic","Relic","Relic","Card","Relic","Potion","Relic","Relic","Relic","Relic","Relic","Relic","Relic","Relic","Relic","Relic"],"build_version":"2020-12-22","purchased_purges":7,"victory":false,"max_hp_per_floor":[74,74,74,74,74,74,74,74,74,74,74,74,74,74,74,74,59,59,59,59,59,59,59,64,66,66,68,68,68,70,70,70,70,50,52,62,62,64,64,66,68,68,68,68,70,70,72,74,74,74,74,74,74,74,76,76,76],"card_choices":[{"not_picked":[],"picked":"ChaosCard","floor":0.0},{"not_picked":["SashWhip","CrushJoints"],"picked":"MostiFishMod:PathToVictory","floor":1.0},{"not_picked":["ThirdEye","MostiFishMod:Impulse","Deadly Poison","Sucker Punch"],"picked":"Flash of Steel","floor":5.0},{"not_picked":["AT_RealColorLess","Crescendo","SandsOfTime","Prostrate"],"picked":"EmptyMind","floor":6.0},{"not_picked":["ClearTheMind","FollowUp","JustLucky","Worship"],"picked":"Bomb","floor":7.0},{"not_picked":["MostiFishMod:LegendTransform","CrushJoints","PathToVictory","AT_RealFormLess"],"picked":"TalkToTheHand","floor":8.0},{"not_picked":["MentalFortress","ThirdEye","TalkToTheHand","Bomb"],"picked":"MostiFishMod:Disappear","floor":10.0},{"not_picked":["ReachHeaven","EmptyFist","FearNoEvil","Prostrate","Evaluate"],"picked":"SKIP","floor":11.0},{"not_picked":["ThirdEye","AT_RealFormLess","MostiFishMod:StarHerder","REME_MusicOfDeath","Crescendo"],"picked":"SKIP","floor":12.0},{"not_picked":["Prostrate","AT_RealFormLess","BowlingBash","CutThroughFate","MostiFishMod:LegendTransform"],"picked":"SKIP","floor":13.0},{"not_picked":["Worship","MostiFishMod:StarHerder","PathToVictory","SashWhip"],"picked":"Indignation","floor":14.0},{"not_picked":["MasterReality","AT_ChampionKick","REME_WorshipGod","Scrawl"],"picked":"Ragnarok","floor":16.0},{"not_picked":["WaveOfTheHand","Protect","Prostrate+1","Evaluate","SignatureMove"],"picked":"SKIP","floor":18.0},{"not_picked":["EmptyFist","REME_Repentance","Consecrate","AT_DivineConfetti","ThirdEye"],"picked":"SKIP","floor":22.0},{"not_picked":["ClearTheMind","EmptyFist","Worship","Nirvana","Prostrate"],"picked":"SKIP","floor":23.0},{"not_picked":["SashWhip","Weave","CutThroughFate","REME_Repentance","JustLucky"],"picked":"Singing Bowl","floor":25.0},{"not_picked":["PathToVictory","Protect","REME_Repentance","Study","FollowUp"],"picked":"Singing Bowl","floor":27.0},{"not_picked":["BowlingBash","FlyingSleeves","Prostrate","ConjureBlade"],"picked":"TalkToTheHand","floor":29.0},{"not_picked":["CarveReality","FlurryOfBlows","EmptyMind","SashWhip","ClearTheMind"],"picked":"Singing Bowl","floor":30.0},{"not_picked":["EmptyFist","Halt","Study","ThirdEye"],"picked":"InnerPeace","floor":31.0},{"not_picked":["SpiritShield","Wish","MostiFishMod:ScryFuture","MasterReality"],"picked":"LessonLearned","floor":33.0},{"not_picked":["SashWhip","Wireheading","Halt","ThirdEye+1","Wallop+1"],"picked":"Singing Bowl","floor":35.0},{"not_picked":["Wallop","REME_Repentance","BowlingBash+1","MostiFishMod:PathToVictory","PathToVictory"],"picked":"Singing Bowl","floor":36.0},{"not_picked":["FollowUp","Prostrate","FlyingSleeves","ClearTheMind","MostiFishMod:Clarity"],"picked":"Singing Bowl","floor":36.0},{"not_picked":["Halt+1","MostiFishMod:Speedup+1","CrushJoints","ForeignInfluence","Meditate"],"picked":"Singing Bowl","floor":36.0},{"not_picked":["Prostrate","Vengeance","SandsOfTime","EmptyBody+1","FlurryOfBlows"],"picked":"Singing Bowl","floor":36.0},{"not_picked":["Wireheading","Blasphemy","FlyingSleeves","ReachHeaven","FearNoEvil"],"picked":"Singing Bowl","floor":36.0},{"not_picked":["REME_Repentance","Prostrate+1","EmptyFist","SashWhip"],"picked":"Tantrum","floor":37.0},{"not_picked":["ForeignInfluence","REME_Repentance","EmptyFist","Evaluate+1","Consecrate"],"picked":"Singing Bowl","floor":38.0},{"not_picked":["Indignation+1","CutThroughFate","Ragnarok","FlyingSleeves","Wireheading"],"picked":"Singing Bowl","floor":40.0},{"not_picked":["SashWhip","ClearTheMind","JustLucky","FlyingSleeves","PathToVictory"],"picked":"Singing Bowl","floor":41.0},{"not_picked":["Halt","JustLucky","ThirdEye","Perseverance+1"],"picked":"Vault","floor":42.0},{"not_picked":["Vengeance","MentalFortress","WindmillStrike","AT_RealFormLess"],"picked":"Adaptation+1","floor":44.0},{"not_picked":["REME_Repentance","Meditate","BowlingBash","Fasting2","Collect"],"picked":"Singing Bowl","floor":45.0},{"not_picked":["SashWhip+1","Prostrate","PathToVictory","Protect","ThirdEye"],"picked":"Singing Bowl","floor":47},{"not_picked":["CrushJoints","Wallop","Wireheading","PathToVictory","REME_Repentance+1"],"picked":"Singing Bowl","floor":48},{"not_picked":["WreathOfFlame+1","MentalFortress","Wish","EmptyFist","MostiFishMod:Adaptation"],"picked":"Singing Bowl","floor":55}],"player_experience":792730,"relics_obtained":[{"floor":1.0,"key":"SynthV:TestCard"},{"floor":6.0,"key":"War Paint"},{"floor":8.0,"key":"StrikeDummy"},{"floor":10.0,"key":"REME_HourglassOfDeath"},{"floor":12.0,"key":"CeramicFish"},{"floor":23.0,"key":"Pocketwatch"},{"floor":26.0,"key":"Pantograph"},{"floor":29.0,"key":"PreservedInsect"},{"floor":31.0,"key":"TheBean"},{"floor":40.0,"key":"AT_BladeRuinedKing"},{"floor":41.0,"key":"testmod-HeartOfStrike"},{"floor":42.0,"key":"Potion Belt"},{"floor":43.0,"key":"Bag of Preparation"},{"floor":44.0,"key":"testmod-LifeArmor"},{"floor":47,"key":"Bag of Marbles"},{"floor":48,"key":"Ornamental Fan"},{"floor":55,"key":"TuHaoJin"},{"floor":55,"key":"BloodDonationMachine"}],"event_choices":[{"cards_removed":["Defend_P"],"damage_healed":0.0,"max_hp_gain":0.0,"max_hp_loss":0.0,"gold_gain":0.0,"event_name":"The Cleric","player_choice":"Card Removal","floor":2.0,"gold_loss":75.0,"damage_taken":0.0},{"damage_healed":0.0,"max_hp_gain":0.0,"max_hp_loss":0.0,"gold_gain":0.0,"event_name":"Golden Idol","player_choice":"Take Damage","floor":4.0,"gold_loss":0.0,"damage_taken":25.0,"relics_obtained":["Golden Idol"]},{"damage_healed":0.0,"max_hp_gain":0.0,"max_hp_loss":0.0,"gold_gain":0.0,"event_name":"Drug Dealer","player_choice":"Inject Mutagens","floor":19.0,"gold_loss":0.0,"damage_taken":0.0,"relics_obtained":["MutagenicStrength"]},{"damage_healed":0.0,"max_hp_gain":0.0,"max_hp_loss":0.0,"gold_gain":0.0,"event_name":"The Mausoleum","player_choice":"Opened","floor":20.0,"gold_loss":0.0,"damage_taken":0.0,"relics_obtained":["testmod-ArcanaOfDestiny"],"cards_obtained":["Writhe"]},{"cards_removed":["Writhe"],"damage_healed":0.0,"max_hp_gain":0.0,"max_hp_loss":0.0,"gold_gain":0.0,"event_name":"Back to Basics","player_choice":"Elegance","floor":21.0,"gold_loss":0.0,"damage_taken":0.0},{"damage_healed":0.0,"max_hp_gain":0.0,"max_hp_loss":0.0,"gold_gain":0.0,"event_name":"Duplicator","player_choice":"Copied","floor":39.0,"gold_loss":0.0,"damage_taken":0.0,"cards_obtained":["Vault"]},{"damage_healed":0.0,"max_hp_gain":0.0,"max_hp_loss":0.0,"gold_gain":0.0,"event_name":"Mysterious Sphere","player_choice":"Fight","floor":41.0,"gold_loss":0.0,"damage_taken":0.0}],"is_beta":false,"boss_relics":[{"not_picked":["Velvet Choker","SlaversCollar"],"picked":"HereWithMe"},{"not_picked":[]},{"not_picked":["FeatherPendant","testmod-BatchProcessingSystem"],"picked":"Coffee Dripper"},{"not_picked":[]}],"items_purged_floors":[3,15,17,24,34,36,46],"is_endless":false,"potions_floor_spawned":[1,11,12,13,22,27,29,31,33,37,38,40,45],"killed_by":"Delirium","ascension_level":20}}