{"host":"Bilverbakes","time":1609977504,"event":{"mods":["2.2 Compatiblity","AchievementEnabler","BaseMod","Bestiary","Colored Map","Minty Spire (QoL Compilation)","Relic Stats","StSLib","ojb\u0027s Info Mod"],"gold_per_floor":[113,131,147,162,175,202,202,238,238,20,20,20,36,65,65,150,150,170,183,192,212,236,277,305,305,330,330,330],"floor_reached":27,"playtime":1260,"items_purged":["Strike_P"],"score":448,"play_id":"26e63140-492f-405d-bafe-b9ab7fb7a464","local_time":"20210106175824","is_ascension_mode":true,"campfire_choices":[{"floor":7.0,"key":"REST"},{"floor":11.0,"key":"REST"},{"data":"Eruption","floor":15.0,"key":"SMITH"},{"data":"Vault","floor":25,"key":"SMITH"}],"circlet_count":0,"master_deck":["AscendersBane","Strike_P","Strike_P","Defend_P","Defend_P","Defend_P","Eruption+1","Vigilance","SandsOfTime","SandsOfTime","Evaluate","EmptyBody","DeceiveReality","Swivel","Establishment+1","Vengeance","Vault+1","BowlingBash+1","Vault","FollowUp","ClearTheMind","Halt"],"relics":["Empty Cage","PreservedInsect","CeramicFish","Bottled Flame","Coffee Dripper","Orichalcum"],"acts_visited":["Exordium","TheCity"],"potions_floor_usage":[24],"damage_taken":[{"damage":1.0,"enemies":"Cultist","floor":1.0,"turns":4.0},{"damage":7.0,"enemies":"2 Louse","floor":2.0,"turns":4.0},{"damage":7.0,"enemies":"Small Slimes","floor":3.0,"turns":3.0},{"damage":8.0,"enemies":"Red Slaver","floor":4.0,"turns":4.0},{"damage":18.0,"enemies":"Exordium Thugs","floor":5.0,"turns":3.0},{"damage":19.0,"enemies":"Gremlin Nob","floor":6.0,"turns":4.0},{"damage":15.0,"enemies":"3 Sentries","floor":8.0,"turns":4.0},{"damage":0.0,"enemies":"Large Slime","floor":13.0,"turns":5.0},{"damage":4.0,"enemies":"2 Fungi Beasts","floor":14.0,"turns":3.0},{"damage":21.0,"enemies":"Hexaghost","floor":16.0,"turns":8.0},{"damage":5.0,"enemies":"Shell Parasite","floor":18.0,"turns":4.0},{"damage":0.0,"enemies":"Spheric Guardian","floor":19.0,"turns":2.0},{"damage":14.0,"enemies":"Centurion and Healer","floor":21.0,"turns":4.0},{"damage":0.0,"enemies":"3 Cultists","floor":22.0,"turns":5.0},{"damage":8.0,"enemies":"Gremlin Leader","floor":23.0,"turns":6.0},{"damage":4,"enemies":"Chosen and Byrds","floor":24,"turns":4},{"damage":21,"enemies":"Book of Stabbing","floor":27,"turns":6}],"seed_played":"-2674997690347371351","potions_obtained":[{"floor":2.0,"key":"PowerPotion"},{"floor":3.0,"key":"Strength Potion"},{"floor":5.0,"key":"PowerPotion"},{"floor":6.0,"key":"Energy Potion"},{"floor":8.0,"key":"BlessingOfTheForge"},{"floor":18.0,"key":"SpeedPotion"},{"floor":21.0,"key":"BottledMiracle"}],"is_trial":false,"path_per_floor":["M","M","M","M","M","E","R","E","T","$","R","?","M","M","R","B",null,"M","M","?","M","M","E","M","R","T","E"],"character_chosen":"WATCHER","items_purchased":["Establishment"],"campfire_rested":2,"item_purchase_floors":[10],"current_hp_per_floor":[60,53,46,38,20,1,21,6,6,6,26,26,26,22,22,1,51,46,46,46,32,32,24,20,20,20,0,0],"gold":330,"neow_bonus":"BOSS_RELIC","is_daily":false,"chose_seed":false,"campfire_upgraded":2,"win_rate":0.0,"timestamp":1609977504,"path_taken":["M","M","M","?","?","E","R","E","T","$","R","?","M","M","R","BOSS","M","M","?","M","?","E","M","R","T","E"],"items_purchased_type":["Card"],"build_version":"2020-12-18","purchased_purges":1,"victory":false,"max_hp_per_floor":[68,68,68,68,68,68,68,68,68,68,68,68,68,68,68,68,68,68,68,68,68,68,68,68,68,68,68,68],"relic_stats":{"counters":[17,73],"CeramicFish":81,"PreservedInsect":125,"Orichalcum":[24],"obtain_stats":[{"Bottled Flame":9,"CeramicFish":8,"PreservedInsect":6,"Coffee Dripper":17,"PureWater":0,"Orichalcum":23,"Empty Cage":0},{"Bottled Flame":7,"CeramicFish":7,"PreservedInsect":6,"Coffee Dripper":10,"PureWater":0,"Orichalcum":15,"Empty Cage":0},{"Bottled Flame":26,"CeramicFish":26,"PreservedInsect":22,"Coffee Dripper":42,"PureWater":0,"Orichalcum":63,"Empty Cage":0}]},"card_choices":[{"not_picked":["ThirdEye","SashWhip"],"picked":"SandsOfTime","floor":1.0},{"not_picked":["FearNoEvil","Vengeance"],"picked":"SandsOfTime","floor":2.0},{"not_picked":["ForeignInfluence","FlyingSleeves"],"picked":"Evaluate","floor":3.0},{"not_picked":["EmptyFist","Halt","ThirdEye"],"picked":"SKIP","floor":4.0},{"not_picked":["CrushJoints","Weave"],"picked":"EmptyBody","floor":5.0},{"not_picked":["Consecrate","Halt"],"picked":"DeceiveReality","floor":6.0},{"not_picked":["Consecrate","SashWhip"],"picked":"Swivel","floor":8.0},{"not_picked":["Study","Crescendo","Prostrate"],"picked":"SKIP","floor":13.0},{"not_picked":["Consecrate","Brilliance"],"picked":"Vengeance","floor":14.0},{"not_picked":["Establishment","Ragnarok"],"picked":"Vault","floor":16.0},{"not_picked":["CutThroughFate","SashWhip"],"picked":"BowlingBash+1","floor":18.0},{"not_picked":["Crescendo","Evaluate","EmptyBody"],"picked":"SKIP","floor":19.0},{"not_picked":["Consecrate+1","JustLucky","Establishment"],"picked":"SKIP","floor":21.0},{"not_picked":["FlurryOfBlows","Indignation"],"picked":"FollowUp","floor":22.0},{"not_picked":["BowlingBash","Crescendo"],"picked":"ClearTheMind","floor":23.0},{"not_picked":["FollowUp","CarveReality"],"picked":"Halt","floor":24}],"player_experience":618138,"relics_obtained":[{"floor":6.0,"key":"PreservedInsect"},{"floor":8.0,"key":"CeramicFish"},{"floor":9.0,"key":"Bottled Flame"},{"floor":23.0,"key":"Orichalcum"}],"event_choices":[{"damage_healed":0.0,"max_hp_gain":0.0,"max_hp_loss":0.0,"gold_gain":0.0,"event_name":"Living Wall","player_choice":"Grow","floor":12.0,"gold_loss":0.0,"damage_taken":0.0,"cards_upgraded":["Establishment"]},{"damage_healed":0.0,"max_hp_gain":0.0,"max_hp_loss":0.0,"gold_gain":0.0,"event_name":"Duplicator","player_choice":"Copied","floor":20.0,"gold_loss":0.0,"damage_taken":0.0,"cards_obtained":["Vault"]}],"is_beta":true,"boss_relics":[{"not_picked":["Velvet Choker","Tiny House"],"picked":"Coffee Dripper"}],"items_purged_floors":[10],"is_endless":false,"potions_floor_spawned":[2,3,5,6,8,16,18,19,21],"killed_by":"Book of Stabbing","ascension_level":16}}