{"host":"ooetke516h53yqww","time":1609950124,"event":{"mods":["100% Spire Juice","2.2 Compatiblity","Abigail Mod","Act Like it!","Astrologer","Bartender","BaseMod","Beaked The Cultist","Better Match","Better Third Choice","Conspire","Elementarium","Friendly Minions","Hallownest","Hermit","HololiveMod","Hubris","Infinite Spire","Kiyohime????","Lobotomy","LobotomyExtend","Mari Mod (Legacy)","Mari\u0027s V1 Patch","Menagerie","Minty Spire (QoL Compilation)","Prisma Mod","Random Character Button","Replay The Spire","Robot Space Explorer","Spicy Shops","StSLib","Td1madao Mod","The Alterego","The Bug Knight","The Marked","The Poker Player","The Senshi","TheSwordswoman","Uncapped","WarShipGirlsR/????R mod","Yakumo Yukari mod","Yohane!"],"gold_per_floor":[102,101,101,112,114,115,136,28,28,44,44,44,44,54,54,133,133,20,23,32,38,48,57,57,57,57,75,75,84,98,121,121,218,218,233,248,256,248,248],"floor_reached":38,"playtime":2479,"items_purged":[],"score":740,"play_id":"a09e74b3-7c16-41e0-9c9f-0c528147887d","local_time":"20210106112204","is_ascension_mode":false,"campfire_choices":[{"floor":13.0,"key":"REST"},{"floor":15.0,"key":"REST"},{"floor":25.0,"key":"REST"},{"floor":32.0,"key":"REST"}],"circlet_count":0,"master_deck":["Moonworks:Strike+1","Moonworks:Strike+1","Moonworks:Strike+1","Moonworks:Strike+1","Moonworks:Defend+1","Moonworks:Defend+1","Moonworks:Defend+1","Moonworks:Defend+1","Moonworks:Ambush+1","Moonworks:LongDistanceShot","Hololive_RevenueRecovery","Moonworks:LulusLuckyEgg","Moonworks:DeployBits","Moonworks:BackdoorTrade","Moonworks:IndiscriminateFireSupport","Moonworks:FullSpeedAlicianrone","Moonworks:DeployBits","Moonworks:x16BigRocket","Moonworks:DeployBits","Moonworks:StiffCrystal","Moonworks:CrystalBarrier","Moonworks:EvilSpyWorkPreparation","Moonworks:EvilSpyWorkPreparation+1","Moonworks:DeployBits+1","Moonworks:SakisCookie","Moonworks:UnpaidWork","Moonworks:ShieldCounter","Moonworks:DeployBits","Moonworks:Strike+1","Moonworks:Strike+1","Moonworks:Strike+1","Moonworks:Strike+1","Moonworks:Defend+1","Moonworks:Defend+1","Moonworks:Defend+1","Moonworks:Defend+1","Moonworks:Ambush+1","Moonworks:LongDistanceShot","Hololive_RevenueRecovery","Moonworks:LulusLuckyEgg","Moonworks:DeployBits","Moonworks:BackdoorTrade","Moonworks:IndiscriminateFireSupport","Moonworks:FullSpeedAlicianrone","Moonworks:DeployBits","Moonworks:x16BigRocket","Moonworks:DeployBits","Moonworks:StiffCrystal","Moonworks:CrystalBarrier","Moonworks:EvilSpyWorkPreparation","Moonworks:EvilSpyWorkPreparation+1","Moonworks:DeployBits+1","Moonworks:SakisCookie","Moonworks:UnpaidWork","Moonworks:ShieldCounter","Moonworks:DeployBits","Moonworks:Dinner","Moonworks:DeployBits","Moonworks:AngelHand","Moonworks:CrystalBarrier","Moonworks:EvilSpyWorkPreparation","Moonworks:EvilSpyWorkPreparation+1","Moonworks:EvilSpyWorkPreparation+1"],"relics":["Moonworks:BrokenBomb","Moonworks:Homemark","infinitespire:Golems Mask","infinitespire:Lucky Rock","Unceasing Top","Anchor","beaked:MawFillet","Bottled Flame","Blood Vial","Simple Rune","Iron Hammer","conspire:RoyalGoblet","Darkstone Periapt","LetterFromLob"],"acts_visited":["Exordium","TheCity","TheBeyond"],"potions_floor_usage":[36,38],"damage_taken":[{"damage":10.0,"enemies":"2 Louse","floor":1.0,"turns":4.0},{"damage":0.0,"enemies":"Small Slimes","floor":2.0,"turns":5.0},{"damage":0.0,"enemies":"Cultist","floor":4.0,"turns":2.0},{"damage":10.0,"enemies":"Blue Slaver","floor":5.0,"turns":3.0},{"damage":5.0,"enemies":"Exordium Wildlife","floor":6.0,"turns":4.0},{"damage":29.0,"enemies":"Gremlin Nob","floor":7.0,"turns":4.0},{"damage":0.0,"enemies":"Gremlin Gang","floor":10.0,"turns":2.0},{"damage":0.0,"enemies":"Large Slime","floor":14.0,"turns":3.0},{"damage":33.0,"enemies":"Hexaghost","floor":16.0,"turns":10.0},{"damage":0.0,"enemies":"Chosen","floor":18.0,"turns":4.0},{"damage":9.0,"enemies":"Spheric Guardian","floor":19.0,"turns":4.0},{"damage":20.0,"enemies":"Cultist and Chosen","floor":20.0,"turns":5.0},{"damage":0.0,"enemies":"Sentry and Sphere","floor":21.0,"turns":5.0},{"damage":16.0,"enemies":"Snake Plant","floor":22.0,"turns":4.0},{"damage":0.0,"enemies":"conspire:SneckoGhost","floor":23.0,"turns":10.0},{"damage":0.0,"enemies":"Slavers","floor":27.0,"turns":4.0},{"damage":0.0,"enemies":"conspire:HollyBat","floor":29.0,"turns":9.0},{"damage":0.0,"enemies":"Gremlin Leader","floor":30.0,"turns":9.0},{"damage":58.0,"enemies":"Book of Stabbing","floor":31.0,"turns":7.0},{"damage":0.0,"enemies":"Automaton","floor":33.0,"turns":9.0},{"damage":1.0,"enemies":"3 Darklings","floor":35.0,"turns":4.0},{"damage":47,"enemies":"HollowMod:StalkingDevout","floor":36,"turns":9},{"damage":16,"enemies":"Orb Walker","floor":37,"turns":4},{"damage":12,"enemies":"Writhing Mass","floor":38,"turns":1}],"seed_played":"-6330475439168269784","potions_obtained":[{"floor":1.0,"key":"Languid Potion"},{"floor":6.0,"key":"Fire Potion"},{"floor":7.0,"key":"Milkshake"},{"floor":14.0,"key":"DuplicationPotion"},{"floor":18.0,"key":"SteroidPotion"},{"floor":27.0,"key":"Swift Potion"},{"floor":30.0,"key":"Explosive Potion"},{"floor":35.0,"key":"Explosive Potion"},{"floor":37,"key":"SkillPotion"}],"is_trial":false,"path_per_floor":["M","M","?","M","M","M","E","$","T","M","?","?","R","M","R","B",null,"M","M","M","M","M","E","?","R","T","E","?","M","E","E","R","B",null,"M","E","M","M"],"character_chosen":"THE_STARBREAKER","items_purchased":["Moonworks:x16BigRocket","Unceasing Top"],"campfire_rested":4,"item_purchase_floors":[8,8],"current_hp_per_floor":[50,50,50,50,40,35,6,6,6,6,6,6,24,24,42,9,60,60,51,31,31,15,19,19,37,37,39,39,43,59,12,30,46,60,59,17,3,0,0],"gold":248,"neow_bonus":"ONE_RARE_RELIC","is_daily":false,"chose_seed":false,"campfire_upgraded":0,"win_rate":0.0,"timestamp":1609950124,"path_taken":["M","M","?","M","M","M","E","$","T","M","?","?","R","M","R","BOSS","M","M","M","M","?","E","?","R","T","E","?","?","E","E","R","BOSS","M","E","M","M"],"items_purchased_type":["Card","Relic"],"build_version":"2020-12-22","purchased_purges":0,"victory":false,"max_hp_per_floor":[60,60,60,60,60,60,60,60,60,60,60,60,60,60,60,60,60,60,60,60,60,60,60,60,60,60,60,60,60,60,60,60,60,60,60,60,60,60,60],"card_choices":[{"not_picked":["Moonworks:MiracleWalker","Moonworks:SealedMemories"],"picked":"Moonworks:LulusLuckyEgg","floor":1.0},{"not_picked":["Moonworks:SakisCookie","Moonworks:Assault"],"picked":"Moonworks:DeployBits","floor":2.0},{"not_picked":["Moonworks:BeyondHell","Moonworks:Heat300Percent"],"picked":"Moonworks:BackdoorTrade","floor":4.0},{"not_picked":["Moonworks:Flamethrower","Moonworks:Assault"],"picked":"Moonworks:IndiscriminateFireSupport","floor":5.0},{"not_picked":["Moonworks:DeployBits","Moonworks:WindyEnchantment"],"picked":"Moonworks:FullSpeedAlicianrone","floor":6.0},{"not_picked":["Moonworks:SakisCookie","Moonworks:ReflectiveShell"],"picked":"Moonworks:DeployBits","floor":7.0},{"not_picked":["Moonworks:BigMagnum","Moonworks:ImmovableObject"],"picked":"Moonworks:DeployBits","floor":10.0},{"not_picked":["Moonworks:ImOnFire","Moonworks:IndiscriminateFireSupport"],"picked":"Moonworks:StiffCrystal","floor":14.0},{"not_picked":["Moonworks:MetallicMonocoque","Moonworks:WeAreWaruda"],"picked":"Moonworks:CrystalBarrier","floor":16.0},{"not_picked":["Moonworks:JonathanRush","Moonworks:RagingMadness"],"picked":"Moonworks:EvilSpyWorkPreparation","floor":18.0},{"not_picked":["Moonworks:LulusLuckyEgg","Moonworks:MiracleRedBeanIceCream"],"picked":"Moonworks:EvilSpyWorkPreparation+1","floor":19.0},{"not_picked":["Moonworks:CookingTime+1","Moonworks:Flamethrower"],"picked":"Moonworks:DeployBits+1","floor":20.0},{"not_picked":["Moonworks:JonathanRush","Moonworks:LulusLuckyEgg"],"picked":"Moonworks:SakisCookie","floor":21.0},{"not_picked":["Moonworks:WindyEnchantment","Moonworks:EvilMastermind"],"picked":"Moonworks:UnpaidWork","floor":22.0},{"not_picked":["Moonworks:IndiscriminateFireSupport","Moonworks:Gamble"],"picked":"Moonworks:ShieldCounter","floor":23.0},{"not_picked":["Moonworks:CompletionReward","Moonworks:RagingMadness"],"picked":"Moonworks:DeployBits","floor":27.0},{"not_picked":["Moonworks:BeyondHell","Moonworks:MiracleWalker"],"picked":"Moonworks:Dinner","floor":29.0},{"not_picked":["Moonworks:Assault","Moonworks:RagingMadness"],"picked":"Moonworks:DeployBits","floor":30.0},{"not_picked":["Moonworks:CloudOfSeagulls","Moonworks:NicePresent"],"picked":"Moonworks:AngelHand","floor":31.0},{"not_picked":["Moonworks:Blazing","Moonworks:MetallicMonocoque"],"picked":"Moonworks:CrystalBarrier","floor":33.0},{"not_picked":["Moonworks:Dash+1","Moonworks:NicePresent+1"],"picked":"Moonworks:EvilSpyWorkPreparation","floor":35.0},{"not_picked":["Moonworks:CompletionReward","Moonworks:MetallicMonocoque"],"picked":"Moonworks:EvilSpyWorkPreparation+1","floor":36},{"not_picked":["Moonworks:CookingTime+1","Moonworks:AwakeningOfTalent"],"picked":"Moonworks:EvilSpyWorkPreparation+1","floor":37}],"player_experience":1520521,"relics_obtained":[{"floor":7.0,"key":"infinitespire:Lucky Rock"},{"floor":9.0,"key":"Anchor"},{"floor":23.0,"key":"Bottled Flame"},{"floor":27.0,"key":"Blood Vial"},{"floor":30.0,"key":"Simple Rune"},{"floor":31.0,"key":"Iron Hammer"},{"floor":36,"key":"Darkstone Periapt"},{"floor":36,"key":"LetterFromLob"}],"event_choices":[{"damage_healed":0.0,"max_hp_gain":0.0,"max_hp_loss":0.0,"gold_gain":0.0,"event_name":"Living Wall","player_choice":"Grow","floor":3.0,"gold_loss":0.0,"damage_taken":0.0,"cards_upgraded":["Moonworks:Ambush"]},{"damage_healed":0.0,"max_hp_gain":0.0,"max_hp_loss":0.0,"gold_gain":0.0,"event_name":"NoteForYourself","player_choice":"Ignored","floor":12.0,"gold_loss":0.0,"damage_taken":0.0},{"damage_healed":0.0,"max_hp_gain":0.0,"max_hp_loss":8.0,"gold_gain":0.0,"event_name":"betterThird:BetterWriting","player_choice":"Simplicity","floor":24.0,"gold_loss":0.0,"damage_taken":0.0}],"is_beta":false,"boss_relics":[{"not_picked":["Tiny House","Kintsugi"],"picked":"beaked:MawFillet"},{"not_picked":["ChewingGum","Black Star"],"picked":"conspire:RoyalGoblet"}],"items_purged_floors":[],"is_endless":false,"potions_floor_spawned":[1,6,7,14,18,21,22,27,30,35,37],"killed_by":"Writhing Mass","ascension_level":0}}