{"host":"nqsrckqog5ia9mbo","time":1609957379,"event":{"mods":["AchievementEnabler","BaseMod","Colored Map","Highlight Path","Minty Spire (QoL Compilation)"],"gold_per_floor":[117,117,192,63,63,63,90,90,140,140,150,150,50,66,66,168,168,183,183,193,44,56,56,67,84,84,84,95,112,125,142,142,142,142],"floor_reached":33,"playtime":2810,"items_purged":["Strike_B","Strike_B"],"score":286,"play_id":"c66afaa0-9360-487e-8dfb-8dfc05aaf2ba","local_time":"20210106192259","is_ascension_mode":true,"campfire_choices":[{"data":"Defragment","floor":6,"key":"SMITH"},{"floor":8,"key":"REST"},{"data":"Dualcast","floor":10,"key":"SMITH"},{"floor":15,"key":"REST"},{"data":"Defragment","floor":23,"key":"SMITH"},{"floor":27,"key":"REST"},{"data":"Capacitor","floor":32,"key":"SMITH"}],"circlet_count":0,"master_deck":["Strike_B","Defend_B","Defend_B","Defend_B","Defend_B","Zap","Dualcast+1","Defragment+1","Redo","Conserve Battery+1","Turbo","Go for the Eyes+1","Ball Lightning","Reboot","Hologram+1","Defragment+1","Auto Shields+1","Chill","Capacitor+1"],"relics":["FrozenCore","Oddly Smooth Stone","Toy Ornithopter","OrangePellets","Gremlin Horn"],"acts_visited":["Exordium","TheCity"],"potions_floor_usage":[16,16,18,28,33],"damage_taken":[{"damage":3,"enemies":"2 Louse","floor":1,"turns":2},{"damage":56,"enemies":"Gremlin Nob","floor":7,"turns":5},{"damage":2,"enemies":"Small Slimes","floor":11,"turns":3},{"damage":0,"enemies":"Cultist","floor":14,"turns":4},{"damage":11,"enemies":"The Guardian","floor":16,"turns":10},{"damage":16,"enemies":"2 Thieves","floor":18,"turns":5},{"damage":38,"enemies":"Chosen","floor":20,"turns":13},{"damage":4,"enemies":"Snake Plant","floor":22,"turns":6},{"damage":18,"enemies":"Centurion and Healer","floor":24,"turns":17},{"damage":0,"enemies":"Snecko","floor":25,"turns":9},{"damage":6,"enemies":"Shelled Parasite and Fungi","floor":28,"turns":8},{"damage":4,"enemies":"3 Cultists","floor":29,"turns":7},{"damage":0,"enemies":"Centurion and Healer","floor":30,"turns":12},{"damage":1,"enemies":"Snecko","floor":31,"turns":5},{"damage":38,"enemies":"Automaton","floor":33,"turns":26}],"seed_played":"-1185074879999622464","potions_obtained":[{"floor":7,"key":"LiquidMemories"},{"floor":11,"key":"Swift Potion"},{"floor":16,"key":"Fruit Juice"},{"floor":25,"key":"AttackPotion"},{"floor":29,"key":"SpeedPotion"},{"floor":30,"key":"Fire Potion"}],"is_trial":false,"path_per_floor":["M","?","?","$","?","R","E","R","T","R","M","?","$","M","R","B",null,"M","?","M","$","M","R","M","M","T","R","M","M","M","M","R","B"],"character_chosen":"DEFECT","items_purchased":["Conserve Battery","OrangePellets"],"campfire_rested":3,"item_purchase_floors":[4,21],"current_hp_per_floor":[72,72,61,61,66,66,10,34,34,34,32,32,32,32,56,60,85,74,74,36,36,32,32,14,14,14,39,38,34,34,33,33,0,0],"gold":142,"neow_bonus":"TRANSFORM_CARD","is_daily":false,"chose_seed":false,"campfire_upgraded":4,"win_rate":0.0,"timestamp":1609957379,"path_taken":["M","?","?","$","?","R","E","R","T","R","M","?","$","M","R","BOSS","M","?","M","?","M","R","M","M","T","R","?","M","M","M","R","BOSS"],"items_purchased_type":["Card","Relic"],"build_version":"2020-12-22","purchased_purges":2,"victory":false,"max_hp_per_floor":[75,75,75,75,80,80,80,80,80,80,80,80,80,80,80,85,85,85,85,85,85,85,85,85,85,85,85,85,85,85,85,85,85,85],"card_choices":[{"not_picked":["Steam","Streamline"],"picked":"Redo","floor":1},{"not_picked":["Blizzard","Go for the Eyes"],"picked":"Turbo","floor":7},{"not_picked":["Streamline","Undo"],"picked":"Go for the Eyes","floor":11},{"not_picked":["Streamline","Sweeping Beam"],"picked":"Ball Lightning","floor":14},{"not_picked":["Buffer","All For One"],"picked":"Reboot","floor":16},{"not_picked":["Tempest","Coolheaded","Redo"],"picked":"SKIP","floor":18},{"not_picked":["Tempest","Sweeping Beam+1"],"picked":"Hologram+1","floor":20},{"not_picked":["Undo","Melter"],"picked":"Defragment","floor":22},{"not_picked":["Static Discharge","Beam Cell"],"picked":"Auto Shields+1","floor":24},{"not_picked":["Machine Learning","Conserve Battery+1","Sweeping Beam+1"],"picked":"SKIP","floor":25},{"not_picked":["Barrage+1","Beam Cell","Streamline"],"picked":"SKIP","floor":28},{"not_picked":["Stack","Conserve Battery+1","Auto Shields"],"picked":"SKIP","floor":29},{"not_picked":["Force Field","Reinforced Body"],"picked":"Chill","floor":30},{"not_picked":["Darkness","Stack"],"picked":"Capacitor","floor":31}],"player_experience":157829,"relics_obtained":[{"floor":7,"key":"Oddly Smooth Stone"},{"floor":9,"key":"Toy Ornithopter"},{"floor":26,"key":"Gremlin Horn"}],"event_choices":[{"damage_healed":0,"gold_gain":0,"player_choice":"Ignored","damage_taken":0,"max_hp_gain":0,"max_hp_loss":0,"event_name":"Golden Idol","floor":2,"gold_loss":0},{"damage_healed":0,"gold_gain":75,"player_choice":"Gather Gold","damage_taken":11,"max_hp_gain":0,"max_hp_loss":0,"event_name":"World of Goop","floor":3,"gold_loss":0},{"damage_healed":0,"gold_gain":0,"player_choice":"Donut","damage_taken":0,"max_hp_gain":5,"max_hp_loss":0,"event_name":"Big Fish","floor":5,"gold_loss":0},{"damage_healed":0,"gold_gain":0,"player_choice":"Grow","damage_taken":0,"max_hp_gain":0,"max_hp_loss":0,"event_name":"Living Wall","floor":12,"gold_loss":0,"cards_upgraded":["Go for the Eyes"]},{"damage_healed":0,"gold_gain":0,"player_choice":"Upgraded","damage_taken":0,"max_hp_gain":0,"max_hp_loss":0,"event_name":"Upgrade Shrine","floor":19,"gold_loss":0,"cards_upgraded":["Conserve Battery"]}],"is_beta":false,"boss_relics":[{"not_picked":["Philosopher\u0027s Stone","Snecko Eye"],"picked":"FrozenCore"}],"items_purged_floors":[4,13],"is_endless":false,"potions_floor_spawned":[7,11,16,25,29,30],"killed_by":"Automaton","ascension_level":3}}