{"host":"qa029bqsloh3rj2z","time":1609928814,"event":{"mods":["AchievementEnabler","BaseMod","Colored Powertips","DeckTracker","Minty Spire (QoL Compilation)"],"gold_per_floor":[118,118,118,135,153,4,21,38,38,52,78,92,124,134,134,234,284,303,218,236,161,161,161,174,194,194,213,213,232,261,275,275,371,371,383,395,414,467,467,492,492,53,130,130,130,130,130,148,148,148],"floor_reached":51,"playtime":4012,"items_purged":["Bash","Strike_R"],"score":738,"play_id":"0465bf5a-4062-4add-99c8-a051dc9bf54b","local_time":"20210106052654","is_ascension_mode":false,"campfire_choices":[{"data":"Limit Break","floor":15,"key":"SMITH"},{"data":"Rampage","floor":23,"key":"SMITH"},{"floor":28,"key":"REST"},{"floor":32,"key":"REST"},{"floor":41,"key":"REST"},{"floor":44,"key":"REST"},{"data":"Thunderclap","floor":47,"key":"SMITH"},{"floor":49,"key":"REST"}],"circlet_count":0,"master_deck":["Strike_R","Strike_R","Defend_R","Defend_R","Defend_R","Defend_R","Rage","Heavy Blade+1","Rampage+1","Spot Weakness","Flex","Limit Break+1","Thunderclap+1","Anger","Warcry","Cleave","Flex","Double Tap","Pommel Strike+1","Armaments+1","Anger","Swift Strike","Blood for Blood+1","Rage+1"],"relics":["Burning Blood","NeowsBlessing","Brimstone","CaptainsWheel","InkBottle","Peace Pipe","Tiny House","Lantern","Unceasing Top","Sundial","SlaversCollar","WingedGreaves","Toxic Egg 2","Bronze Scales","Membership Card","Paper Frog","Dream Catcher","White Beast Statue"],"acts_visited":["Exordium","TheCity","TheBeyond"],"potions_floor_usage":[33,33,38,40,50,50],"damage_taken":[{"damage":0,"enemies":"Small Slimes","floor":1,"turns":1},{"damage":0,"enemies":"Cultist","floor":4,"turns":1},{"damage":0,"enemies":"Jaw Worm","floor":5,"turns":1},{"damage":13,"enemies":"Blue Slaver","floor":7,"turns":2},{"damage":0,"enemies":"2 Fungi Beasts","floor":8,"turns":2},{"damage":3,"enemies":"Red Slaver","floor":10,"turns":2},{"damage":11,"enemies":"Gremlin Nob","floor":11,"turns":4},{"damage":13,"enemies":"Exordium Wildlife","floor":12,"turns":2},{"damage":21,"enemies":"3 Sentries","floor":13,"turns":5},{"damage":3,"enemies":"Exordium Thugs","floor":14,"turns":3},{"damage":0,"enemies":"Slime Boss","floor":16,"turns":4},{"damage":11,"enemies":"Shell Parasite","floor":18,"turns":3},{"damage":12,"enemies":"Spheric Guardian","floor":20,"turns":3},{"damage":16,"enemies":"3 Cultists","floor":24,"turns":4},{"damage":36,"enemies":"Snake Plant","floor":25,"turns":4},{"damage":18,"enemies":"Centurion and Healer","floor":27,"turns":3},{"damage":5,"enemies":"Snecko","floor":29,"turns":3},{"damage":12,"enemies":"Gremlin Leader","floor":30,"turns":5},{"damage":14,"enemies":"3 Cultists","floor":31,"turns":4},{"damage":36,"enemies":"Collector","floor":33,"turns":5},{"damage":12,"enemies":"3 Darklings","floor":35,"turns":4},{"damage":16,"enemies":"Orb Walker","floor":36,"turns":3},{"damage":47,"enemies":"Writhing Mass","floor":37,"turns":5},{"damage":33,"enemies":"2 Orb Walkers","floor":38,"turns":4},{"damage":15,"enemies":"Giant Head","floor":40,"turns":5},{"damage":29,"enemies":"3 Darklings","floor":48,"turns":5},{"damage":48,"enemies":"Awakened One","floor":50,"turns":7}],"seed_played":"4937091136738128908","potions_obtained":[{"floor":1,"key":"GamblersBrew"},{"floor":7,"key":"ElixirPotion"},{"floor":10,"key":"FairyPotion"},{"floor":14,"key":"EssenceOfSteel"},{"floor":16,"key":"CultistPotion"},{"floor":36,"key":"CultistPotion"},{"floor":37,"key":"Explosive Potion"},{"floor":38,"key":"Swift Potion"},{"floor":48,"key":"HeartOfIron"}],"is_trial":false,"path_per_floor":["M","$","?","M","M","$","M","M","T","M","E","M","E","M","R","B",null,"M","?","M","$","?","R","M","M","T","M","R","M","E","M","R","B",null,"M","M","M","?","T","E","R","$","T","R","$","?","R","M","R","B",null],"character_chosen":"IRONCLAD","items_purchased":["Brimstone","Membership Card","Paper Frog","Dream Catcher","Swift Strike"],"campfire_rested":5,"item_purchase_floors":[6,42,42,42,42],"current_hp_per_floor":[80,80,72,78,80,80,73,79,79,80,75,68,53,56,56,62,85,80,80,74,74,74,74,64,34,34,22,47,48,42,34,59,29,85,79,69,28,28,28,19,44,44,44,69,69,69,69,46,71,29],"gold":148,"neow_bonus":"THREE_ENEMY_KILL","is_daily":false,"chose_seed":false,"campfire_upgraded":3,"win_rate":0.0,"timestamp":1609928814,"path_taken":["M","$","?","?","M","$","M","M","T","M","E","M","E","M","R","BOSS","M","?","M","$","?","R","M","M","T","M","R","M","E","M","R","BOSS","M","?","M","?","?","E","R","$","T","R","?","?","R","?","R","BOSS"],"items_purchased_type":["Relic","Relic","Relic","Relic","Card"],"build_version":"2020-12-22","purchased_purges":2,"victory":true,"max_hp_per_floor":[80,80,80,80,80,80,80,80,80,80,80,80,80,80,80,80,85,85,85,85,85,85,85,85,85,85,85,85,85,85,85,85,85,85,85,85,85,85,85,85,85,85,85,85,85,85,85,85,85,85],"card_choices":[{"not_picked":["Dark Embrace","Clash","Combust"],"picked":"SKIP","floor":1},{"not_picked":["Flame Barrier","Warcry"],"picked":"Rage","floor":4},{"not_picked":["Cleave","Hemokinesis","Perfected Strike"],"picked":"SKIP","floor":5},{"not_picked":["Metallicize","Pommel Strike"],"picked":"Heavy Blade","floor":7},{"not_picked":["Flame Barrier","Battle Trance"],"picked":"Rampage","floor":8},{"not_picked":["Clash","Warcry"],"picked":"Spot Weakness","floor":10},{"not_picked":["Thunderclap","Inflame"],"picked":"Flex","floor":11},{"not_picked":["Feel No Pain","Clothesline","Rupture"],"picked":"SKIP","floor":12},{"not_picked":["Hemokinesis","Cleave"],"picked":"Limit Break","floor":13},{"not_picked":["Body Slam","Pommel Strike","Twin Strike"],"picked":"SKIP","floor":14},{"not_picked":["Burning Pact","Clothesline"],"picked":"Thunderclap","floor":17},{"not_picked":["Headbutt","Clothesline"],"picked":"Anger","floor":18},{"not_picked":["Twin Strike","Battle Trance","Blood for Blood"],"picked":"SKIP","floor":20},{"not_picked":["Headbutt","Entrench","Clash"],"picked":"SKIP","floor":24},{"not_picked":["Inflame","Clash"],"picked":"Cleave","floor":25},{"not_picked":["Seeing Red","Searing Blow"],"picked":"Flex","floor":27},{"not_picked":["Uppercut","Dropkick","Heavy Blade"],"picked":"SKIP","floor":29},{"not_picked":["Sever Soul","Perfected Strike","Power Through"],"picked":"SKIP","floor":30},{"not_picked":["Sword Boomerang","Limit Break","Heavy Blade+1"],"picked":"SKIP","floor":31},{"not_picked":["Juggernaut","Limit Break"],"picked":"Double Tap","floor":33},{"not_picked":["Combust","Perfected Strike"],"picked":"Pommel Strike+1","floor":35},{"not_picked":["Blood for Blood+1","Entrench","True Grit+1"],"picked":"SKIP","floor":36},{"not_picked":["Dropkick+1","Warcry+1","Burning Pact+1"],"picked":"SKIP","floor":37},{"not_picked":["Dropkick","Fire Breathing+1"],"picked":"Armaments+1","floor":38},{"not_picked":["Spot Weakness+1","Pommel Strike+1"],"picked":"Anger","floor":40},{"not_picked":["True Grit+1","Headbutt"],"picked":"Blood for Blood+1","floor":48},{"not_picked":["Inflame+1","Rampage+1"],"picked":"Rage+1","floor":49}],"player_experience":10063,"relics_obtained":[{"floor":9,"key":"CaptainsWheel"},{"floor":11,"key":"InkBottle"},{"floor":13,"key":"Peace Pipe"},{"floor":26,"key":"Unceasing Top"},{"floor":30,"key":"Sundial"},{"floor":38,"key":"WingedGreaves"},{"floor":39,"key":"Toxic Egg 2"},{"floor":40,"key":"Bronze Scales"},{"floor":43,"key":"White Beast Statue"}],"event_choices":[{"damage_healed":0,"gold_gain":0,"player_choice":"Damaged","damage_taken":8,"max_hp_gain":0,"max_hp_loss":0,"event_name":"Wheel of Change","floor":3,"gold_loss":0},{"damage_healed":0,"gold_gain":0,"player_choice":"Obtained Relic","damage_taken":0,"relics_obtained":["Lantern"],"max_hp_gain":0,"max_hp_loss":0,"event_name":"Addict","floor":19,"gold_loss":85},{"damage_healed":0,"gold_gain":0,"cards_transformed":["Strike_R"],"player_choice":"Transformed","damage_taken":0,"max_hp_gain":0,"max_hp_loss":0,"event_name":"Transmorgrifier","floor":22,"gold_loss":0,"cards_obtained":["Warcry"]},{"damage_healed":0,"gold_gain":0,"player_choice":"Fight","damage_taken":0,"max_hp_gain":0,"max_hp_loss":0,"event_name":"Mysterious Sphere","floor":38,"gold_loss":0},{"cards_removed":["Strike_R"],"damage_healed":0,"gold_gain":0,"player_choice":"Purged","damage_taken":0,"max_hp_gain":0,"max_hp_loss":0,"event_name":"Purifier","floor":46,"gold_loss":0}],"is_beta":false,"boss_relics":[{"not_picked":["Runic Dome","SacredBark"],"picked":"Tiny House"},{"not_picked":["Cursed Key","Busted Crown"],"picked":"SlaversCollar"}],"items_purged_floors":[21,42],"is_endless":false,"potions_floor_spawned":[1,7,10,14,16,20,24,30,31,36,37,38,48],"ascension_level":0}}