{"host":"x3q4ieql2tr7v8o6","time":1609965216,"event":{"mods":["BaseMod","Better Altar","Better Note","Better Sensory Stone","Better Skull","Better Third Choice","Colored Map","Minty Spire (QoL Compilation)","StSLib"],"gold_per_floor":[13,28,28,28,103,103,121,121,203,203,223,248,248,273,273,369,369,389,21,21,37,37,37,53,78,102,102,102,123,123,123],"floor_reached":30,"playtime":770,"items_purged":[],"score":389,"play_id":"77a8184b-6b85-4f19-a157-69a68a1af289","local_time":"20210106203336","is_ascension_mode":true,"campfire_choices":[{"floor":6,"key":"REST"},{"data":"Neutralize","floor":8,"key":"SMITH"},{"floor":13,"key":"REST"},{"data":"Infinite Blades","floor":15,"key":"SMITH"},{"floor":23,"key":"REST"},{"floor":27,"key":"REST"}],"circlet_count":0,"master_deck":["AscendersBane","Strike_G","Strike_G","Strike_G","Strike_G","Strike_G","Defend_G","Defend_G+1","Defend_G","Defend_G","Defend_G","Survivor","Neutralize+1","Die Die Die","Masterful Stab","Deadly Poison","Injury","Slice","Infinite Blades+1","Deadly Poison+1","Sucker Punch","Venomology","Underhanded Strike","Accuracy","Bandage Up","Caltrops+1","After Image+1","Escape Plan","Choke"],"relics":["Ring of the Snake","InkBottle","Golden Idol","Shuriken","Kunai","Black Star","Membership Card","Turnip","White Beast Statue","War Paint"],"acts_visited":["Exordium","TheCity"],"potions_floor_usage":[21,21,21,21,24,25,25,30,30,30],"damage_taken":[{"damage":9,"enemies":"Small Slimes","floor":1,"turns":4},{"damage":0,"enemies":"2 Louse","floor":2,"turns":2},{"damage":1,"enemies":"Jaw Worm","floor":7,"turns":3},{"damage":5,"enemies":"3 Louse","floor":11,"turns":3},{"damage":3,"enemies":"Looter","floor":12,"turns":3},{"damage":2,"enemies":"2 Fungi Beasts","floor":14,"turns":3},{"damage":16,"enemies":"Hexaghost","floor":16,"turns":10},{"damage":4,"enemies":"3 Byrds","floor":18,"turns":5},{"damage":25,"enemies":"2 Thieves","floor":21,"turns":4},{"damage":14,"enemies":"Snecko","floor":24,"turns":4},{"damage":34,"enemies":"Snake Plant","floor":25,"turns":5},{"damage":18,"enemies":"Centurion and Healer","floor":29,"turns":10},{"damage":21,"enemies":"Sentry and Sphere","floor":30,"turns":5}],"seed_played":"-4704725420270935897","potions_obtained":[{"floor":1,"key":"FairyPotion"},{"floor":12,"key":"LiquidBronze"},{"floor":14,"key":"Fire Potion"},{"floor":21,"key":"FearPotion"},{"floor":24,"key":"Strength Potion"},{"floor":25,"key":"SpeedPotion"},{"floor":29,"key":"Poison Potion"}],"is_trial":false,"path_per_floor":["M","M","?","?","?","R","M","R","T","T","M","M","R","M","R","B",null,"M","$","?","M","?","R","M","M","T","R","?","M","M"],"character_chosen":"THE_SILENT","items_purchased":["Membership Card","Accuracy","Turnip","Bandage Up"],"campfire_rested":4,"item_purchase_floors":[19,19,19,19],"current_hp_per_floor":[50,50,32,32,21,40,39,39,39,39,34,31,50,48,48,32,58,54,54,54,33,33,52,42,12,12,31,31,17,0,0],"gold":123,"neow_bonus":"THREE_RARE_CARDS","is_daily":false,"chose_seed":false,"campfire_upgraded":2,"win_rate":0.0,"timestamp":1609965216,"path_taken":["M","M","?","?","?","R","M","R","T","?","M","M","R","M","R","BOSS","M","$","?","?","?","R","M","M","T","R","?","M","M"],"items_purchased_type":["Relic","Card","Relic","Card"],"build_version":"2020-12-22","purchased_purges":0,"victory":false,"max_hp_per_floor":[66,66,66,66,66,66,66,66,66,66,66,66,66,66,66,66,66,66,66,66,66,66,66,66,66,66,66,66,66,66,66],"card_choices":[{"not_picked":["After Image","Unload"],"picked":"Die Die Die","floor":0},{"not_picked":["Caltrops","Prepared"],"picked":"Masterful Stab","floor":1},{"not_picked":["Acrobatics","Outmaneuver"],"picked":"Deadly Poison","floor":2},{"not_picked":["Dagger Throw","Deflect"],"picked":"Slice","floor":7},{"not_picked":["Finisher","Bane"],"picked":"Infinite Blades","floor":11},{"not_picked":["Quick Slash","Dodge and Roll"],"picked":"Deadly Poison","floor":12},{"not_picked":["Dodge and Roll","Doppelganger"],"picked":"Sucker Punch","floor":14},{"not_picked":["Grand Finale","Tools of the Trade"],"picked":"Venomology","floor":16},{"not_picked":["Outmaneuver","Dagger Throw"],"picked":"Underhanded Strike","floor":18},{"not_picked":["Dagger Throw","Acrobatics"],"picked":"Caltrops+1","floor":21},{"not_picked":["Catalyst","Deflect"],"picked":"After Image","floor":24},{"not_picked":["Poisoned Stab+1","Underhanded Strike"],"picked":"Escape Plan","floor":25},{"not_picked":["Dagger Throw","Heel Hook"],"picked":"Choke","floor":29}],"player_experience":701725,"relics_obtained":[{"floor":9,"key":"Shuriken"},{"floor":10,"key":"Kunai"},{"floor":26,"key":"War Paint"}],"event_choices":[{"damage_healed":0,"gold_gain":0,"player_choice":"Relic ","damage_taken":18,"max_hp_gain":0,"max_hp_loss":0,"event_name":"betterThird:BetterScrap","floor":3,"gold_loss":0,"cards_obtained":["Battle Trance"]},{"damage_healed":0,"gold_gain":0,"player_choice":"Take Wound","damage_taken":0,"relics_obtained":["Golden Idol"],"max_hp_gain":0,"max_hp_loss":0,"event_name":"Golden Idol","floor":4,"gold_loss":0,"cards_obtained":["Injury"]},{"damage_healed":0,"gold_gain":75,"player_choice":"Gold","damage_taken":11,"max_hp_gain":0,"max_hp_loss":0,"event_name":"betterThird:BetterGoop","floor":5,"gold_loss":0},{"damage_healed":0,"gold_gain":0,"player_choice":"Gave Potion","damage_taken":0,"relics_obtained":["White Beast Statue"],"max_hp_gain":0,"max_hp_loss":0,"event_name":"WeMeetAgain","floor":20,"gold_loss":0},{"damage_healed":0,"gold_gain":0,"player_choice":"Ignored","damage_taken":0,"max_hp_gain":0,"max_hp_loss":0,"event_name":"Vampires","floor":22,"gold_loss":0},{"damage_healed":0,"gold_gain":0,"player_choice":"Upgraded","damage_taken":0,"max_hp_gain":0,"max_hp_loss":0,"event_name":"Upgrade Shrine","floor":28,"gold_loss":0,"cards_upgraded":["After Image"]}],"is_beta":false,"boss_relics":[{"not_picked":["HoveringKite","Calling Bell"],"picked":"Black Star"}],"items_purged_floors":[],"is_endless":false,"potions_floor_spawned":[1,12,14,21,24,25,29],"killed_by":"Sentry and Sphere","ascension_level":15}}