{"host":"y36bp6mnm73x3iob","time":1609941149,"event":{"mods":["2.2 Compatiblity","Aspiration","BaseMod","Downfall","GifTheSpireLib","Hermit","Hubris","Marisa????????","Minty Spire (QoL Compilation)","Replay The Spire","Retaliation","StSLib","Stuff the Spire","The Disciple","The Servant 0.9.4"],"gold_per_floor":[99,110,126,138,15,26,50,68,68,68,68],"floor_reached":9,"playtime":422,"items_purged":[],"score":58,"play_id":"32bf4daa-bce0-4e4c-9985-a9357d884c20","local_time":"20210106155229","is_ascension_mode":true,"campfire_choices":[{"floor":1,"key":"DIG"}],"circlet_count":0,"master_deck":["Slimebound:Strike_Slimebound","Slimebound:Strike_Slimebound","Slimebound:Strike_Slimebound","Slimebound:Tackle","Slimebound:Defend_Slimebound","Slimebound:Defend_Slimebound","Slimebound:Defend_Slimebound","Slimebound:Defend_Slimebound","Slimebound:CorrosiveSpit","Slimebound:Split","Slimebound:HauntingLick","Slimebound:PressTheAttack","Slimebound:SplitLeeching","Slimebound:DuplicatedForm","Slimebound:Nibble","Slimebound:Nibble","Slimebound:GoopSpray","Slimebound:SplitBruiser","Slimebound:Overexert"],"relics":["hubris:CrackedHourglass","StuffTheSpire:Mouthbags","Omamori"],"acts_visited":["Exordium"],"potions_floor_usage":[8],"damage_taken":[{"damage":10,"enemies":"Cultist","floor":2,"turns":3},{"damage":7,"enemies":"Small Slimes","floor":3,"turns":3},{"damage":12,"enemies":"Jaw Worm","floor":4,"turns":3},{"damage":14,"enemies":"downfall:FleeingMerchant","floor":5,"turns":4},{"damage":8,"enemies":"2 Fungi Beasts","floor":6,"turns":3},{"damage":34,"enemies":"Exordium Thugs","floor":8,"turns":3},{"damage":32,"enemies":"3 Sentries","floor":9,"turns":2}],"seed_played":"-7698489234473918699","potions_obtained":[{"floor":3,"key":"FearPotion"},{"floor":6,"key":"EssenceOfSteel"},{"floor":8,"key":"Doom Potion"}],"is_trial":false,"path_per_floor":["R","M","M","M","$","M","T","M","E"],"character_chosen":"SLIMEBOUND","items_purchased":["Slimebound:Nibble","Slimebound:GoopSpray"],"campfire_rested":0,"item_purchase_floors":[5,5],"current_hp_per_floor":[60,54,51,43,37,33,33,26,0,0,0],"gold":68,"neow_bonus":"BOSS_RELIC","is_daily":false,"chose_seed":false,"campfire_upgraded":0,"win_rate":0.0,"timestamp":1609941149,"path_taken":["R","M","M","M","?","M","T","M","E"],"items_purchased_type":["Card","Card"],"build_version":"2020-12-22","purchased_purges":0,"victory":false,"max_hp_per_floor":[60,60,60,60,60,60,60,60,60,60,60],"card_choices":[{"not_picked":["Slimebound:Schlurp","Slimebound:ItLooksTasty"],"picked":"Slimebound:HauntingLick","floor":2},{"not_picked":["Slimebound:ForwardTackle","Slimebound:SplitMire"],"picked":"Slimebound:PressTheAttack","floor":3},{"not_picked":["Slimebound:SamplingLick","Slimebound:LeechingTouch"],"picked":"Slimebound:SplitLeeching","floor":4},{"not_picked":["Slimebound:RainOfGoop","Slimebound:ComboTackle"],"picked":"Slimebound:DuplicatedForm","floor":5},{"not_picked":["Slimebound:FinishingTackle","Slimebound:RollThrough"],"picked":"Slimebound:SplitBruiser","floor":6},{"not_picked":["Slimebound:LeechingTouch","Slimebound:LeadByExample"],"picked":"Slimebound:Overexert","floor":8}],"player_experience":402565,"relics_obtained":[{"floor":1,"key":"StuffTheSpire:Mouthbags"},{"floor":7,"key":"Omamori"}],"event_choices":[],"is_beta":false,"boss_relics":[],"items_purged_floors":[],"is_endless":false,"potions_floor_spawned":[3,6,8],"killed_by":"3 Sentries","ascension_level":1}}