{"host":"5cc4xbo9rb723k69","time":1609951586,"event":{"mods":["Act Like it!","Aspiration","Astrologer","Bartender","BaseMod","Bestiary","CapriCore","Conspire","Downfall","Duelist Mod","Friendly Minions","Gensokyo","Hermit","Hubris","Infinite Spire","Jedi Mod","Kiyohime????","Koishi","LagranYue(???·?)","Mad Scientist","Mari Mod (Legacy)","Mari\u0027s V1 Patch","Marisa????????","Minty Spire (QoL Compilation)","Nova Terra(??·??)","Pale of the Ancients","Prisma Mod","Random Character Button","Reimu??????","Replay The Spire","Robot Space Explorer","Somnambulant","StSLib","The Alterego","The Animator","The Bladedancer","The Clintock","The Construct","The Cursed","The Disciple","The Exalted","The Gatherer","The Immortal","The Jungle","The Marked","The Mystic","The Problem Sleuth","The Runesmith","The Saiyan","The Senshi","The Servant 0.9.4","The Spell Scribe","TheArtist","Waifu the Spire","Yuri Mod","thorton","vexMod"],"gold_per_floor":[199,218,218,218,241,166,166,91,91,88,88,88,98,125,140,245,245,170,180,203,39,49,49,74,74,89,99,599,599,7,32,50,209,234,234,245,245,245,281,281,331,331,345,345,149,149,149,169,193,422,422,434,434],"floor_reached":52,"playtime":15034,"items_purged":["animator:Defend"],"score":790,"play_id":"9c57cb2a-b262-4fcc-92db-0f881bf17e0f","local_time":"20210106174626","is_ascension_mode":false,"campfire_choices":[{"floor":1.0,"key":"RECALL"},{"data":"animator:Layla","floor":6.0,"key":"SMITH"},{"data":"animator:DwarfShaman","floor":8.0,"key":"SMITH"},{"data":"animator:PinaCoLada","floor":12.0,"key":"SMITH"},{"data":"animator:Saber","floor":18.0,"key":"SMITH"},{"floor":25.0,"key":"REST"},{"floor":29.0,"key":"REST"},{"data":"animator:EmiyaShirou","floor":35,"key":"SMITH"},{"data":"animator:Ainz","floor":42,"key":"SMITH"},{"floor":44,"key":"REST"},{"data":"animator:Berserker","floor":47,"key":"SMITH"}],"circlet_count":0,"master_deck":["animator:Strike_GATE","animator:Defend_GATE","animator:Strike","animator:Strike","animator:Defend","animator:Defend","animator:TukaLunaMarceau","animator:Kuribayashi","animator:DwarfShaman+1","animator:RinTohsaka","animator:Layla+1","animator:Benimaru","animator:Tyuule","animator:Illya","animator:AcuraTooru","animator:PinaCoLada+1","animator:Berserker+1","animator:AcuraTooru","animator:GuildGirl","animator:Saber+1","animator:Witch+1","animator:EmiyaShirou+1","animator:Gilgamesh+19","animator:SilverFang","animator:Archer","animator:Lancer","animator:Sonic","animator:Alexander","animator:TukaLunaMarceau","animator:Ainz+1","animator:EmiyaShirou","Wraith","animator:Millim+1","animator:Sebas","animator:ShinjiMatou+1","animator:MetalKnight","animator:Genos+1"],"relics":["animator:LivingPicture","animator:TheMissingPiece","LagranYue:RandomDrawCardRelic","downfall:HeartBlessingRed","downfall:HeartBlessingBlue","Shuriken","Mastiff:ReiMu","thethorton:CrushedCigarette","downfall:HeartBlessingGreen","Orichalcum","Durian","PreservedInsect","Old Coin","Meat on the Bone","ClockworkSouvenir","Replay:Kaleidoscope","Oddly Smooth Stone","Pet Ghost","LagranYue:SoulBurningRelic","Ancient Tea Set","Ginger","Bromod:ArcaneConsequence","paleoftheancients:Timepiece","paleoftheancients:KeyRelic","Gremlin Horn","CultistMask"],"acts_visited":["Exordium","TheCity","TheBeyond","paleoftheancients:PaleOfTheAncients"],"potions_floor_usage":[48,50,50,51,52],"damage_taken":[{"damage":0.0,"enemies":"Cultist","floor":2.0,"turns":5.0},{"damage":8.0,"enemies":"2 Louse","floor":5.0,"turns":2.0},{"damage":0.0,"enemies":"downfall:FleeingMerchant","floor":10.0,"turns":4.0},{"damage":0.0,"enemies":"Small Slimes","floor":13.0,"turns":3.0},{"damage":21.0,"enemies":"Lagavulin","floor":14.0,"turns":5.0},{"damage":13.0,"enemies":"Large Slime","floor":15.0,"turns":3.0},{"damage":28.0,"enemies":"downfall:Watcher","floor":16.0,"turns":6.0},{"damage":7.0,"enemies":"Shell Parasite","floor":19.0,"turns":4.0},{"damage":26.0,"enemies":"3 Byrds","floor":20.0,"turns":4.0},{"damage":10.0,"enemies":"downfall:FleeingMerchant","floor":21.0,"turns":4.0},{"damage":12.0,"enemies":"conspire:HollyBat","floor":22.0,"turns":8.0},{"damage":17.0,"enemies":"Chosen and Byrds","floor":26.0,"turns":5.0},{"damage":7.0,"enemies":"Snake Plant","floor":27.0,"turns":4.0},{"damage":20.0,"enemies":"downfall:Silent","floor":28.0,"turns":7.0},{"damage":0.0,"enemies":"downfall:FleeingMerchant","floor":30.0,"turns":4.0},{"damage":0.0,"enemies":"Centurion and Healer","floor":32.0,"turns":6.0},{"damage":11.0,"enemies":"downfall:Defect","floor":33.0,"turns":10.0},{"damage":5,"enemies":"Orb Walker","floor":36,"turns":4},{"damage":0,"enemies":"3 Shapes","floor":39,"turns":4},{"damage":20,"enemies":"Writhing Mass","floor":43,"turns":4},{"damage":0,"enemies":"downfall:FleeingMerchant","floor":45,"turns":1},{"damage":0,"enemies":"Transient","floor":48,"turns":5},{"damage":2,"enemies":"4 Shapes","floor":49,"turns":3},{"damage":20,"enemies":"downfall:Ironclad","floor":50,"turns":7},{"damage":86,"enemies":"downfall:Ironclad","floor":51,"turns":5},{"damage":89,"enemies":"paleoftheancients:N","floor":52,"turns":14}],"seed_played":"-3542845047671019277","potions_obtained":[{"floor":2.0,"key":"Block Potion"},{"floor":3.0,"key":"Toxic Potion"},{"floor":5.0,"key":"Fruit Juice"},{"floor":15.0,"key":"SteroidPotion"},{"floor":16.0,"key":"Fire Potion"},{"floor":19.0,"key":"Explosive Potion"},{"floor":26.0,"key":"animator:FalseLifePotion"},{"floor":27.0,"key":"SpeedPotion"},{"floor":28.0,"key":"Fire Potion"},{"floor":32.0,"key":"Strength Potion"},{"floor":43,"key":"Strength Potion"},{"floor":48,"key":"GamblersBrew"},{"floor":49,"key":"champ:CounterPotion"}],"is_trial":false,"path_per_floor":["R","M","?","?","M","R","T","R","?","$","T","R","M","E","M","B",null,"R","M","M","$","M","AVR","T","R","M","M","?","R","$","?","M","B",null,"R","M","?","?","M","?","T","R","M","R","$","$","R","M","M","B","M","B"],"character_chosen":"THE_ANIMATOR","items_purchased":["Orichalcum","ClockworkSouvenir","Replay:Kaleidoscope","Oddly Smooth Stone","Ginger","Bromod:ArcaneConsequence"],"campfire_rested":3,"item_purchase_floors":[21,30,30,30,45,45],"current_hp_per_floor":[66,66,66,66,63,63,63,73,81,81,81,81,81,60,47,19,81,81,74,48,38,26,31,31,56,39,32,12,37,49,49,49,50,86,86,81,81,81,81,81,81,81,61,85,85,85,85,85,83,86,86,0,0],"gold":434,"neow_bonus":"HUNDRED_GOLD","is_daily":false,"chose_seed":false,"campfire_upgraded":7,"win_rate":0.0,"timestamp":1609951586,"path_taken":["R","M","?","?","M","R","T","R","?","$","?","R","M","E","M","BOSS","R","M","M","$","M","AVR","T","R","M","M","?","R","$","?","M","BOSS","R","M","?","?","?","?","T","R","M","R","?","$","R","M","M","BOSS","M","BOSS"],"items_purchased_type":["Relic","Relic","Relic","Relic","Relic","Relic"],"build_version":"2020-12-22","purchased_purges":1,"victory":false,"max_hp_per_floor":[66,66,66,66,71,71,71,81,81,81,81,81,81,81,81,81,81,81,81,81,81,81,86,86,86,86,86,86,86,86,86,86,86,86,86,86,86,86,86,86,86,86,86,86,86,86,86,86,86,86,86,86,86],"card_choices":[{"not_picked":["animator:Priestess","animator:LizardPriest"],"picked":"animator:DwarfShaman","floor":2.0},{"not_picked":["animator:Entoma","animator:Shuna"],"picked":"animator:AcuraTooru","floor":5.0},{"not_picked":["animator:YaoHaDucy","animator:NarberalGamma"],"picked":"animator:PinaCoLada","floor":10.0},{"not_picked":["animator:Lancer","animator:RinTohsaka"],"picked":"animator:Berserker","floor":13.0},{"not_picked":["animator:Tyuule","animator:Spearman"],"picked":"animator:AcuraTooru","floor":14.0},{"not_picked":["animator:Caster","animator:Sonic"],"picked":"animator:GuildGirl","floor":15.0},{"not_picked":["animator:Rimuru","animator:PinaCoLada"],"picked":"animator:Saber","floor":16.0},{"not_picked":["animator:Berserker","animator:CowGirl"],"picked":"animator:Witch+1","floor":19.0},{"not_picked":["animator:ShinjiMatou","animator:Archer"],"picked":"animator:EmiyaShirou","floor":20.0},{"not_picked":["animator:Demiurge","animator:Melzalgald"],"picked":"animator:Gilgamesh","floor":21.0},{"not_picked":["animator:Tyuule","animator:Spearman+1"],"picked":"animator:SilverFang","floor":22.0},{"not_picked":["animator:Kaijin","animator:SilverFang"],"picked":"animator:Archer","floor":26.0},{"not_picked":["animator:RinTohsaka","animator:SakuraMatou"],"picked":"animator:Lancer","floor":27.0},{"not_picked":["animator:Layla+1","animator:Shalltear"],"picked":"animator:Sonic","floor":28.0},{"not_picked":["animator:Assassin","animator:PandorasActor"],"picked":"animator:Alexander","floor":30.0},{"not_picked":["animator:Entoma","animator:Hakurou"],"picked":"animator:TukaLunaMarceau","floor":32.0},{"not_picked":["animator:AcuraShin","animator:ChaikaTrabant"],"picked":"animator:Ainz","floor":33.0},{"not_picked":["animator:Lancer","animator:ShinjiMatou"],"picked":"animator:EmiyaShirou","floor":36},{"not_picked":["animator:Kuribayashi+1","animator:Assassin+1"],"picked":"animator:Millim+1","floor":39},{"not_picked":["animator:Souei","animator:Benimaru+1"],"picked":"animator:Sebas","floor":43},{"not_picked":["animator:Gillette","animator:Arpeggio"],"picked":"animator:ShinjiMatou+1","floor":45},{"not_picked":["animator:Genos","animator:Sonic"],"picked":"animator:MetalKnight","floor":48},{"not_picked":["animator:HighElfArcher+1","animator:Sonic+1"],"picked":"animator:Genos+1","floor":49}],"player_experience":181579,"relics_obtained":[{"floor":11.0,"key":"Shuriken"},{"floor":14.0,"key":"Mastiff:ReiMu"},{"floor":24.0,"key":"PreservedInsect"},{"floor":28.0,"key":"Old Coin"},{"floor":28.0,"key":"Meat on the Bone"},{"floor":31.0,"key":"Pet Ghost"},{"floor":41,"key":"Ancient Tea Set"}],"event_choices":[{"damage_healed":0,"gold_gain":0,"player_choice":"Leave","damage_taken":0,"max_hp_gain":0,"max_hp_loss":0,"event_name":"conspire:Investor","floor":37,"gold_loss":0},{"damage_healed":0,"gold_gain":0,"player_choice":"Ignored","damage_taken":0,"max_hp_gain":0,"max_hp_loss":0,"event_name":"OrinTheCat","floor":38,"gold_loss":0},{"cards_removed":["animator:Strike"],"damage_healed":0,"gold_gain":0,"player_choice":"Removed Attack","damage_taken":0,"max_hp_gain":0,"max_hp_loss":0,"event_name":"Falling","floor":40,"gold_loss":0}],"is_beta":false,"boss_relics":[{"not_picked":["Philosopher\u0027s Stone","Astrolabe"],"picked":"thethorton:CrushedCigarette"},{"not_picked":["hubris:RunicObelisk","hubris:BlackHole"],"picked":"LagranYue:SoulBurningRelic"}],"items_purged_floors":[45],"is_endless":false,"potions_floor_spawned":[2,5,15,16,19,26,27,28,32,43,48,49],"killed_by":"paleoftheancients:N","ascension_level":0}}