{"host":"cijhj3091wf4aho3","time":1609905735,"event":{"mods":["BaseMod","Colored Map","Colored Powertips","Downfall","Friendly Minions","GifTheSpireLib","Highlight Path","Minty Spire (QoL Compilation)","Permanent Neow","Random Character Button","Relic Sorter","Relic Stats","StSLib","everything is the same but u backflip on backflip","slay the spire mod where everything is the same but ironclad has a cowboy hat"],"gold_per_floor":[0,15,35,52,52,65,65,99,114,126,126,51,77,89,109,204,204,129,146,163,163,0,27,27,55,69,69,86,118,43,43,43,43],"floor_reached":31,"playtime":1772,"items_purged":["Regret"],"score":546,"play_id":"a796bdf2-b889-43fa-bd7d-0f139f8be77e","local_time":"20210105200215","is_ascension_mode":true,"campfire_choices":[{"floor":1.0,"key":"RECALL"},{"data":"champ:Taunt","floor":12.0,"key":"SMITH"},{"data":"champ:FocusedDefense","floor":18.0,"key":"SMITH"},{"floor":27.0,"key":"REST"},{"floor":30,"key":"REST"}],"circlet_count":0,"master_deck":["champ:Strike+1","champ:Strike","champ:Strike","champ:Defend","champ:Defend","champ:Defend","champ:Defend","champ:Execute+1","champ:Taunt+1","champ:TornadoPunch+1","champ:SkillfulDodge","champ:EnGarde","champ:Backstep","champ:ShieldThrow","champ:Circumvent","champ:Circumvent","champ:FocusedDefense+1","champ:Circumvent+1","champ:ShieldWall","champ:DefensiveShout","champ:RageSigil+1"],"relics":["champ:ChampionCrown","Du-Vu Doll","champ:DeflectingBracers","Guardian:GemstoneGun","downfall:HeartBlessingRed","Sundial","Philosopher\u0027s Stone","downfall:HeartBlessingGreen","Darkstone Periapt","Tiny Chest","Ancient Tea Set","downfall:HeartBlessingBlue"],"acts_visited":["Exordium","TheCity"],"potions_floor_usage":[29,29],"damage_taken":[{"damage":12.0,"enemies":"Cultist","floor":2.0,"turns":6.0},{"damage":5.0,"enemies":"2 Louse","floor":3.0,"turns":2.0},{"damage":11.0,"enemies":"Small Slimes","floor":4.0,"turns":4.0},{"damage":27.0,"enemies":"Red Slaver","floor":6.0,"turns":5.0},{"damage":13.0,"enemies":"3 Sentries","floor":8.0,"turns":7.0},{"damage":0.0,"enemies":"Gremlin Gang","floor":9.0,"turns":2.0},{"damage":0.0,"enemies":"2 Fungi Beasts","floor":10.0,"turns":2.0},{"damage":14.0,"enemies":"Gremlin Nob","floor":13.0,"turns":3.0},{"damage":4.0,"enemies":"Red Slaver","floor":14.0,"turns":2.0},{"damage":3.0,"enemies":"Large Slime","floor":15.0,"turns":4.0},{"damage":12.0,"enemies":"downfall:Watcher","floor":16.0,"turns":7.0},{"damage":6.0,"enemies":"3 Byrds","floor":19.0,"turns":4.0},{"damage":1.0,"enemies":"Shell Parasite","floor":20.0,"turns":3.0},{"damage":6.0,"enemies":"downfall:FleeingMerchant","floor":22.0,"turns":4.0},{"damage":28.0,"enemies":"Gremlin Leader","floor":23.0,"turns":9.0},{"damage":18.0,"enemies":"Slavers","floor":25.0,"turns":6.0},{"damage":6.0,"enemies":"Chosen and Byrds","floor":26.0,"turns":5.0},{"damage":16.0,"enemies":"Snake Plant","floor":28.0,"turns":5.0},{"damage":5,"enemies":"Book of Stabbing","floor":29,"turns":4},{"damage":71,"enemies":"Slavers","floor":31,"turns":6}],"seed_played":"4855126530040786406","potions_obtained":[{"floor":2.0,"key":"EssenceOfSteel"},{"floor":8.0,"key":"SpeedPotion"},{"floor":9.0,"key":"PowerPotion"},{"floor":15.0,"key":"LiquidBronze"},{"floor":19.0,"key":"ColorlessPotion"},{"floor":25.0,"key":"Swift Potion"}],"is_trial":false,"path_per_floor":["R","M","M","M","?","M","T","E","M","M","?","R","E","M","M","B",null,"R","M","M","?","$","E","T","E","M","R","M","E","R","E"],"character_chosen":"THE_CHAMP","items_purchased":["champ:ShieldWall"],"campfire_rested":2,"item_purchase_floors":[22],"current_hp_per_floor":[81,77,77,69,69,55,55,52,52,52,52,52,43,39,36,29,75,75,74,73,55,54,36,36,23,17,45,29,29,70,0,0,0],"gold":43,"neow_bonus":"ONE_RARE_RELIC","is_daily":false,"chose_seed":false,"campfire_upgraded":2,"win_rate":0.0,"timestamp":1609905735,"path_taken":["R","M","M","M","?","?","T","E","M","M","?","R","E","M","M","BOSS","R","M","M","?","$","E","T","E","M","R","M","E","R","E"],"items_purchased_type":["Card"],"build_version":"2020-12-22","purchased_purges":1,"victory":false,"max_hp_per_floor":[90,90,90,90,90,90,90,90,90,90,90,90,90,90,90,90,90,90,90,90,95,95,95,95,95,95,95,95,95,105,105,105,105],"relic_stats":{"Darkstone Periapt":0,"counters":[20,90],"Sundial":[8],"Tiny Chest":0,"obtain_stats":[{"Du-Vu Doll":0,"Darkstone Periapt":23,"downfall:HeartBlessingRed":12,"Sundial":13,"downfall:HeartBlessingBlue":30,"Guardian:GemstoneGun":8,"champ:ChampionCrown":0,"Philosopher\u0027s Stone":17,"downfall:HeartBlessingGreen":18,"Tiny Chest":25,"champ:DeflectingBracers":7,"Ancient Tea Set":29},{"Du-Vu Doll":0,"Darkstone Periapt":15,"downfall:HeartBlessingRed":7,"Sundial":8,"downfall:HeartBlessingBlue":19,"Guardian:GemstoneGun":5,"champ:ChampionCrown":0,"Philosopher\u0027s Stone":11,"downfall:HeartBlessingGreen":11,"Tiny Chest":16,"champ:DeflectingBracers":4,"Ancient Tea Set":19},{"Du-Vu Doll":0,"Darkstone Periapt":64,"downfall:HeartBlessingRed":28,"Sundial":31,"downfall:HeartBlessingBlue":84,"Guardian:GemstoneGun":24,"champ:ChampionCrown":0,"Philosopher\u0027s Stone":44,"downfall:HeartBlessingGreen":44,"Tiny Chest":70,"champ:DeflectingBracers":17,"Ancient Tea Set":84}]},"card_choices":[{"not_picked":["champ:ShieldWall","champ:BringItOn"],"picked":"champ:TornadoPunch","floor":2.0},{"not_picked":["champ:Duel","champ:AdrenalArmor"],"picked":"champ:SkillfulDodge","floor":3.0},{"not_picked":["champ:FlashCut","champ:PerfectedStrike"],"picked":"champ:EnGarde","floor":4.0},{"not_picked":["champ:FanOfKnives","champ:SkillfulDodge"],"picked":"champ:Backstep","floor":6.0},{"not_picked":["champ:GladiatorsShout","champ:StanceDance"],"picked":"champ:ShieldThrow","floor":8.0},{"not_picked":["champ:DeathBlow","champ:GutPunch"],"picked":"champ:Circumvent","floor":9.0},{"not_picked":["champ:BladeFlurry","champ:DeathBlow","champ:RageSigil"],"picked":"SKIP","floor":10.0},{"not_picked":["champ:Haymaker","champ:PerfectedStrike"],"picked":"champ:Circumvent","floor":13.0},{"not_picked":["champ:DancingMaster","champ:BerserkerStyle","champ:PerfectedStrike"],"picked":"SKIP","floor":14.0},{"not_picked":["champ:EndlessRage","champ:FlashCut"],"picked":"champ:FocusedDefense","floor":15.0},{"not_picked":["champ:GladiatorsShout","champ:AdrenalArmor+1","champ:PerfectedStrike"],"picked":"SKIP","floor":19.0},{"not_picked":["champ:CrookedStrike+1","champ:StanceDance+1"],"picked":"champ:Circumvent+1","floor":20.0},{"not_picked":["champ:Backstep","champ:ArenaPreparation+1","champ:CrookedStrike"],"picked":"SKIP","floor":22.0},{"not_picked":["champ:VampiricStrike","champ:Encircle"],"picked":"champ:DefensiveShout","floor":23.0},{"not_picked":["champ:ShieldWall","champ:Encircle+1","champ:SkillfulDodge"],"picked":"SKIP","floor":25.0},{"not_picked":["champ:PerfectedStrike","champ:PreciseThrust","champ:CrookedStrike"],"picked":"SKIP","floor":26.0},{"not_picked":["champ:PerfectedStrike","champ:RageSigil","champ:GladiatorsShout"],"picked":"SKIP","floor":28.0},{"not_picked":["champ:BringItOn","champ:FlashCut+1"],"picked":"champ:RageSigil+1","floor":29}],"player_experience":475014,"relics_obtained":[{"floor":7.0,"key":"champ:DeflectingBracers"},{"floor":8.0,"key":"Guardian:GemstoneGun"},{"floor":13.0,"key":"Sundial"},{"floor":23.0,"key":"Darkstone Periapt"},{"floor":25.0,"key":"Tiny Chest"},{"floor":29,"key":"Ancient Tea Set"}],"event_choices":[{"cards_removed":["champ:Strike"],"damage_healed":0.0,"max_hp_gain":0.0,"max_hp_loss":0.0,"gold_gain":0.0,"event_name":"Wheel of Change","player_choice":"Card Removal","floor":5.0,"gold_loss":0.0,"damage_taken":0.0}],"is_beta":false,"boss_relics":[{"not_picked":["Busted Crown","SacredBark"],"picked":"Philosopher\u0027s Stone"}],"items_purged_floors":[22],"is_endless":false,"potions_floor_spawned":[2,8,9,15,19,23,25,28],"killed_by":"Slavers","ascension_level":9}}