{"host":"flm17o2q7bfjyna6","time":1609968767,"event":{"mods":["2.2 Compatiblity","Act Like it!","BaseMod","Better Altar","Better Match","Better Note","Better Sensory Stone","Better Skull","Better Third Choice","Better Vampires","Colored Map","Colored Powertips","DeckTracker","Hermit","Minty Spire (QoL Compilation)","Quick Restart","Replay The Spire","Reworked Bosses","Spicy Shops","StSLib","Wandering Minibosses"],"gold_per_floor":[116,116,127,127,141,175,175,209,209,223,20,20,20,58,58,58,58],"floor_reached":16,"playtime":1021,"items_purged":[],"score":177,"play_id":"3db034c2-aa42-4991-91ea-d3a0b4bb3bb3","local_time":"20210106163247","is_ascension_mode":true,"campfire_choices":[{"data":"hermit:Brawl","floor":7,"key":"SMITH"},{"floor":13,"key":"REST"},{"floor":15,"key":"REST"}],"circlet_count":0,"master_deck":["AscendersBane","hermit:Strike_Hermit","hermit:Strike_Hermit+1","hermit:Strike_Hermit","hermit:Strike_Hermit","hermit:Defend_Hermit","hermit:Defend_Hermit","hermit:Defend_Hermit","hermit:Defend_Hermit","hermit:Snapshot+1","hermit:Covet","hermit:Vantage","Flash of Steel","hermit:EyeOfTheStorm","Injury","hermit:Brawl+1","hermit:ItchyTrigger+1","hermit:GoldenBullet","hermit:Dive","hermit:CalledShot"],"relics":["hermit:Momento","Golden Idol","ReplayTheSpireMod:TigerMarble","ReplayTheSpireMod:Shallot","Replay:Accelerometer","Whetstone","Singing Bowl","Bottled Flame"],"acts_visited":["Exordium"],"potions_floor_usage":[8,14,16],"damage_taken":[{"damage":0,"enemies":"Cultist","floor":1,"turns":3},{"damage":0,"enemies":"2 Louse","floor":3,"turns":2},{"damage":10,"enemies":"Jaw Worm","floor":5,"turns":4},{"damage":36,"enemies":"3 Sentries","floor":6,"turns":8},{"damage":13,"enemies":"Replay:BlueRogue","floor":8,"turns":5},{"damage":0,"enemies":"Large Slime","floor":10,"turns":5},{"damage":31,"enemies":"Gremlin Nob","floor":14,"turns":4},{"damage":48,"enemies":"Hexaghost","floor":16,"turns":11}],"seed_played":"-4735892336836224871","potions_obtained":[{"floor":1,"key":"Flashbang"},{"floor":5,"key":"Toxic Potion"},{"floor":14,"key":"Regen Potion"}],"is_trial":false,"path_per_floor":["M","?","M","?","M","E","R","E","T","M","$","T","R","E","R","B"],"character_chosen":"HERMIT","items_purchased":["Whetstone","hermit:CalledShot"],"campfire_rested":2,"item_purchase_floors":[11,11],"current_hp_per_floor":[68,68,68,68,58,22,22,9,9,9,9,9,31,10,33,0,0],"gold":58,"neow_bonus":"UPGRADE_CARD","is_daily":false,"chose_seed":false,"campfire_upgraded":1,"win_rate":0.0,"timestamp":1609968767,"path_taken":["M","?","M","?","M","E","R","E","T","M","$","?","R","E","R","BOSS"],"items_purchased_type":["Relic","Card"],"build_version":"2020-12-22","purchased_purges":0,"victory":false,"max_hp_per_floor":[75,75,75,75,75,75,75,75,75,75,75,75,75,77,77,77,77],"card_choices":[{"not_picked":["hermit:Malice","hermit:Dive"],"picked":"hermit:Vantage","floor":1},{"not_picked":["Replay:Parry","Replay:Sssssssssstrike"],"picked":"Flash of Steel","floor":2},{"not_picked":["hermit:CalledShot","hermit:Snipe"],"picked":"hermit:EyeOfTheStorm","floor":3},{"not_picked":["hermit:LuckOfTheDraw","hermit:Determination"],"picked":"hermit:Brawl","floor":5},{"not_picked":["hermit:Vantage","hermit:Desperado"],"picked":"hermit:ItchyTrigger","floor":6},{"not_picked":["hermit:CalledShot","hermit:Determination"],"picked":"hermit:GoldenBullet","floor":8},{"not_picked":["hermit:Manifest","hermit:FullyLoaded"],"picked":"hermit:Dive","floor":10},{"not_picked":["hermit:TakeCover","hermit:HighCaliber","hermit:Ricochet"],"picked":"Singing Bowl","floor":14}],"player_experience":1641243,"relics_obtained":[{"floor":6,"key":"ReplayTheSpireMod:TigerMarble"},{"floor":8,"key":"ReplayTheSpireMod:Shallot"},{"floor":9,"key":"Replay:Accelerometer"},{"floor":12,"key":"Singing Bowl"},{"floor":14,"key":"Bottled Flame"}],"event_choices":[{"damage_healed":0,"gold_gain":1,"player_choice":"1","damage_taken":0,"max_hp_gain":0,"max_hp_loss":0,"event_name":"betterStone:BetterStone","floor":2,"gold_loss":0},{"damage_healed":0,"gold_gain":0,"player_choice":"Take Wound","damage_taken":0,"relics_obtained":["Golden Idol"],"max_hp_gain":0,"max_hp_loss":0,"event_name":"Golden Idol","floor":4,"gold_loss":0,"cards_obtained":["Injury"]}],"is_beta":false,"boss_relics":[],"items_purged_floors":[],"is_endless":false,"potions_floor_spawned":[1,5,14],"killed_by":"Hexaghost","ascension_level":10}}