{"host":"novohdx135h0xyrr","time":1609974842,"event":{"mods":["BaseMod","Colored Map","Colored Powertips","Highlight Path","Minty Spire (QoL Compilation)"],"gold_per_floor":[111,111,122,122,138,138,169,119,143,174,188,188,198,273,273,378,378,391,408,408,408],"floor_reached":20,"playtime":1144,"items_purged":[],"score":251,"play_id":"50dcfb17-0c44-48e5-acca-489d5dd251e3","local_time":"20210106151402","is_ascension_mode":true,"campfire_choices":[{"data":"Cleave","floor":6,"key":"SMITH"},{"data":"True Grit","floor":12,"key":"SMITH"},{"data":"True Grit","floor":15,"key":"SMITH"}],"circlet_count":0,"master_deck":["Strike_R","Strike_R","Strike_R","Defend_R","Defend_R","Defend_R","Defend_R","Bash","Headbutt","Heavy Blade","Cleave+1","True Grit+1","True Grit+1","Feed","Whirlwind"],"relics":["Burning Blood","Lantern","Singing Bowl","Vajra","Centennial Puzzle","SlaversCollar"],"acts_visited":["Exordium","TheCity"],"potions_floor_usage":[7,10,16],"damage_taken":[{"damage":0,"enemies":"Small Slimes","floor":1,"turns":3},{"damage":0,"enemies":"Cultist","floor":3,"turns":2},{"damage":1,"enemies":"2 Louse","floor":5,"turns":2},{"damage":27,"enemies":"3 Sentries","floor":7,"turns":8},{"damage":0,"enemies":"Gremlin Nob","floor":10,"turns":2},{"damage":9,"enemies":"2 Fungi Beasts","floor":11,"turns":3},{"damage":0,"enemies":"3 Louse","floor":13,"turns":2},{"damage":61,"enemies":"Hexaghost","floor":16,"turns":11},{"damage":28,"enemies":"2 Thieves","floor":18,"turns":4},{"damage":25,"enemies":"Chosen","floor":19,"turns":8},{"damage":58,"enemies":"Snake Plant","floor":20,"turns":6}],"seed_played":"2551589503339071386","potions_obtained":[{"floor":5,"key":"BlessingOfTheForge"},{"floor":7,"key":"DistilledChaos"},{"floor":10,"key":"Strength Potion"}],"is_trial":false,"path_per_floor":["M","?","M","?","M","R","E","?","T","E","M","R","M","?","R","B",null,"M","M","M"],"character_chosen":"IRONCLAD","items_purchased":[],"campfire_rested":0,"item_purchase_floors":[],"current_hp_per_floor":[80,80,80,85,85,85,66,66,66,72,69,69,77,66,66,11,89,67,53,0,0],"gold":408,"neow_bonus":"REMOVE_CARD","is_daily":false,"chose_seed":false,"campfire_upgraded":3,"win_rate":0.0,"timestamp":1609974842,"path_taken":["M","?","?","?","M","R","E","?","T","E","M","R","M","?","R","BOSS","M","M","M"],"items_purchased_type":[],"build_version":"2020-12-22","purchased_purges":0,"victory":false,"max_hp_per_floor":[80,80,80,85,85,85,87,87,87,87,87,87,89,89,89,89,89,89,94,94,94],"card_choices":[{"not_picked":["Sword Boomerang","Rupture"],"picked":"Headbutt","floor":1},{"not_picked":["Ghostly Armor","Disarm"],"picked":"Heavy Blade","floor":3},{"not_picked":["Thunderclap","Intimidate"],"picked":"Cleave","floor":5},{"not_picked":["Pummel","Armaments","Intimidate"],"picked":"Singing Bowl","floor":7},{"not_picked":["Clothesline","Entrench"],"picked":"True Grit","floor":10},{"not_picked":["Infernal Blade","Intimidate"],"picked":"True Grit","floor":11},{"not_picked":["Clash","Flex","Corruption"],"picked":"Singing Bowl","floor":13},{"not_picked":["Exhume","Juggernaut"],"picked":"Feed","floor":16},{"not_picked":["Carnage+1","True Grit"],"picked":"Whirlwind","floor":18},{"not_picked":["Havoc","Clothesline","Sword Boomerang"],"picked":"Singing Bowl","floor":19}],"player_experience":209704,"relics_obtained":[{"floor":2,"key":"Lantern"},{"floor":7,"key":"Singing Bowl"},{"floor":9,"key":"Vajra"},{"floor":10,"key":"Centennial Puzzle"}],"event_choices":[{"damage_healed":0,"gold_gain":0,"player_choice":"Relic","damage_taken":0,"max_hp_gain":0,"max_hp_loss":0,"event_name":"Wheel of Change","floor":2,"gold_loss":0},{"damage_healed":0,"gold_gain":0,"player_choice":"Donut","damage_taken":0,"max_hp_gain":5,"max_hp_loss":0,"event_name":"Big Fish","floor":4,"gold_loss":0},{"cards_removed":["Strike_R"],"damage_healed":0,"gold_gain":0,"player_choice":"Card Removal","damage_taken":0,"max_hp_gain":0,"max_hp_loss":0,"event_name":"The Cleric","floor":8,"gold_loss":50},{"damage_healed":0,"gold_gain":75,"player_choice":"Gather Gold","damage_taken":11,"max_hp_gain":0,"max_hp_loss":0,"event_name":"World of Goop","floor":14,"gold_loss":0}],"is_beta":false,"boss_relics":[{"not_picked":["Runic Cube","Snecko Eye"],"picked":"SlaversCollar"}],"items_purged_floors":[],"is_endless":false,"potions_floor_spawned":[5,7,10],"killed_by":"Snake Plant","ascension_level":4}}