{"host":"d61fcf2p3sjwe6yo","time":1609940778,"event":{"mods":["AchievementEnabler","BaseMod","Colored Map","Downfall","Minty Spire (QoL Compilation)","StSLib","SuperFastMode"],"gold_per_floor":[99,113,113,129,229,240,266,20,20,120,120,154,79,104,124,225,225,150,162,172,172,26,61,61,61,61,61,94,123,148,190,220,329,341,353,385,447,471,583,622,657,704,730,667,714,741,766,849,860,860,860,893,442,442,442],"floor_reached":56,"playtime":2642,"items_purged":["Slimebound:Strike_Slimebound","Writhe","Slimebound:Strike_Slimebound"],"score":1788,"play_id":"e838bab9-cc70-4262-a7e5-afa3639a6f18","local_time":"20210106164618","is_ascension_mode":true,"campfire_choices":[{"data":"Slimebound:Split","floor":1,"key":"SMITH"},{"floor":13,"key":"RECALL"},{"data":"Slimebound:OneTwoCombo","floor":18,"key":"SMITH"},{"data":"Slimebound:LevelUp","floor":26,"key":"SMITH"},{"data":"Slimebound:ForwardTackle","floor":35,"key":"SMITH"},{"data":"Slimebound:TagTeam","floor":44,"key":"SMITH"},{"data":"Slimebound:SlimeBarrage","floor":54,"key":"SMITH"}],"circlet_count":0,"master_deck":["Slimebound:Strike_Slimebound+1","Slimebound:Tackle","Slimebound:Defend_Slimebound","Slimebound:Defend_Slimebound","Slimebound:Defend_Slimebound","Slimebound:Defend_Slimebound+1","Slimebound:Split+1","Slimebound:CorrosiveSpit","Slimebound:SplitMire+1","Slimebound:HungryTackle","Slimebound:OneTwoCombo+1","Slimebound:ForwardTackle+1","Slimebound:LevelUp+1","Slimebound:SplitMire+1","Slimebound:SplitLeeching+1","Slimebound:LeadByExample+1","Slimebound:TagTeam+1","Slimebound:HauntingLick+1","Slimebound:SlimeBarrage+1","Master of Strategy","expansioncontent:TimeRipple","Slimebound:Prepare"],"relics":["Slimebound:AbsorbEndCombat","downfall:ShatteredFragment","downfall:GremlinWheel","PreservedInsect","Guardian:PocketSentry","hexamod:BolsterEngine","downfall:HeartBlessingGreen","Smiling Mask","Coffee Dripper","downfall:HeartBlessingRed","Art of War","Omamori","Slimebound:MaxSlimesRelic","Lantern","MawBank","Tiny Chest","sneckomod:SneckoTalon","Incense Burner","Singing Bowl","sneckomod:BlankCard","downfall:HeartBlessingBlue","Oddly Smooth Stone","Membership Card","Bottled Tornado","HandDrill","Boot","Centennial Puzzle"],"acts_visited":["Exordium","TheCity","TheBeyond","TheEnding"],"potions_floor_usage":[12,16,28,52,55,55,55],"damage_taken":[{"damage":8,"enemies":"2 Louse","floor":2,"turns":2},{"damage":12,"enemies":"Cultist","floor":4,"turns":3},{"damage":51,"enemies":"Cultist","floor":5,"turns":4},{"damage":12,"enemies":"Small Slimes","floor":6,"turns":2},{"damage":12,"enemies":"downfall:FleeingMerchant","floor":8,"turns":4},{"damage":17,"enemies":"3 Sentries","floor":12,"turns":5},{"damage":12,"enemies":"2 Fungi Beasts","floor":15,"turns":2},{"damage":29,"enemies":"downfall:Watcher","floor":16,"turns":8},{"damage":23,"enemies":"Chosen","floor":19,"turns":2},{"damage":26,"enemies":"Centurion and Healer","floor":20,"turns":3},{"damage":18,"enemies":"downfall:FleeingMerchant","floor":22,"turns":4},{"damage":20,"enemies":"Gremlin Leader","floor":23,"turns":2},{"damage":16,"enemies":"Slavers","floor":28,"turns":2},{"damage":18,"enemies":"Chosen and Byrds","floor":29,"turns":3},{"damage":11,"enemies":"Snake Plant","floor":30,"turns":2},{"damage":20,"enemies":"Gremlin Leader","floor":31,"turns":3},{"damage":20,"enemies":"Snecko","floor":32,"turns":3},{"damage":45,"enemies":"downfall:Defect","floor":33,"turns":4},{"damage":8,"enemies":"Orb Walker","floor":36,"turns":2},{"damage":17,"enemies":"Mind Bloom Boss Battle","floor":37,"turns":3},{"damage":30,"enemies":"3 Shapes","floor":38,"turns":3},{"damage":23,"enemies":"Nemesis","floor":40,"turns":3},{"damage":24,"enemies":"Giant Head","floor":42,"turns":5},{"damage":19,"enemies":"Writhing Mass","floor":43,"turns":3},{"damage":75,"enemies":"Nemesis","floor":45,"turns":3},{"damage":7,"enemies":"4 Shapes","floor":46,"turns":2},{"damage":25,"enemies":"Transient","floor":47,"turns":5},{"damage":8,"enemies":"downfall:FleeingMerchant","floor":48,"turns":1},{"damage":20,"enemies":"Maw","floor":49,"turns":3},{"damage":59,"enemies":"downfall:Silent","floor":50,"turns":5},{"damage":32,"enemies":"downfall:CharBossMerchant","floor":52,"turns":3},{"damage":63,"enemies":"downfall:NeowBoss","floor":55,"turns":15}],"seed_played":"9064229148681454492","potions_obtained":[{"floor":5,"key":"Strength Potion"},{"floor":12,"key":"FearPotion"},{"floor":15,"key":"DuplicationPotion"},{"floor":19,"key":"ColorlessPotion"},{"floor":29,"key":"Explosive Potion"},{"floor":30,"key":"Swift Potion"},{"floor":31,"key":"Regen Potion"}],"is_trial":false,"path_per_floor":["R","M","?","M","?","M","T","$","?","?","?","E","R","T","M","B",null,"R","M","M","?","$","E","T","?","R","?","E","M","M","E","M","B",null,"R","M","?","M","?","E","T","E","M","R","E","M","M","$","M","B",null,"E","$","R","B",null],"character_chosen":"SLIMEBOUND","items_purchased":["Guardian:PocketSentry","Slimebound:LevelUp","Membership Card","Strength Potion","Slimebound:SlimeBarrage","HandDrill","Boot","Centennial Puzzle","Master of Strategy","expansioncontent:TimeRipple","Slimebound:Prepare","PowerPotion","PowerPotion"],"campfire_rested":0,"item_purchase_floors":[8,22,48,48,48,53,53,53,53,53,53,53,53],"current_hp_per_floor":[66,66,48,48,15,21,21,29,29,29,29,36,36,36,40,37,59,59,64,66,66,66,66,66,66,66,54,60,64,57,67,71,50,66,66,71,71,65,65,64,64,73,66,76,42,57,87,89,91,69,86,91,91,91,93],"gold":442,"neow_bonus":"TEN_PERCENT_HP_BONUS","is_daily":false,"chose_seed":false,"campfire_upgraded":6,"win_rate":0.0,"timestamp":1609940778,"path_taken":["R","M","?","M","?","?","T","?","?","?","?","E","R","?","M","BOSS","R","M","M","?","$","E","T","?","R","?","E","M","?","E","M","BOSS","R","M","?","M","?","E","T","E","M","R","E","?","M","$","M","BOSS","E","$","R","BOSS"],"items_purchased_type":["Relic","Card","Relic","Potion","Card","Relic","Relic","Relic","Card","Card","Card","Potion","Potion"],"build_version":"2020-12-22","purchased_purges":3,"victory":true,"max_hp_per_floor":[66,66,66,66,66,66,66,66,66,66,66,66,66,66,66,66,66,66,66,66,66,66,66,66,66,66,71,71,71,71,71,71,71,71,71,71,71,71,71,71,71,73,73,83,85,85,87,89,91,91,91,93,93,93,93],"card_choices":[{"not_picked":["Slimebound:GrowthPunch","Slimebound:Schlurp","Slimebound:LivingWall"],"picked":"SKIP","floor":2},{"not_picked":["Slimebound:SplitAcid","Slimebound:ComboTackle"],"picked":"Slimebound:SplitMire","floor":4},{"not_picked":["Slimebound:GrowthPunch","Slimebound:Repurpose","Slimebound:Nibble"],"picked":"SKIP","floor":6},{"not_picked":["Slimebound:LeechEnergy","Slimebound:Replication","Slimebound:SplitAcid"],"picked":"SKIP","floor":8},{"not_picked":["Slimebound:SlimeTap","Slimebound:SplitBruiser","Slimebound:PressTheAttack"],"picked":"SKIP","floor":12},{"not_picked":["Slimebound:ServeAndProtect","Slimebound:LeadByExample"],"picked":"Slimebound:HungryTackle","floor":15},{"not_picked":["Slimebound:Recycling","Slimebound:Teamwork"],"picked":"Slimebound:OneTwoCombo","floor":16},{"not_picked":["Slimebound:Nibble+1","Slimebound:PressTheAttack+1","Slimebound:SplitLeeching"],"picked":"SKIP","floor":19},{"not_picked":["Slimebound:ViciousTackle+1","Slimebound:SlimeSpikes","Slimebound:DivideAndConquer+1"],"picked":"SKIP","floor":20},{"not_picked":["Slimebound:SplitAcid","Slimebound:SplitLeeching"],"picked":"Slimebound:ForwardTackle","floor":22},{"not_picked":["Slimebound:AcidTongue","Slimebound:LeechEnergy+1","Slimebound:Equalize+1"],"picked":"SKIP","floor":23},{"not_picked":["Slimebound:SlimeSpikes","Slimebound:SplitAcid","Slimebound:MassRepurpose"],"picked":"SKIP","floor":28},{"not_picked":["Slimebound:RejuvenatingLick","Slimebound:LeechingTouch+1"],"picked":"Slimebound:SplitMire+1","floor":29},{"not_picked":["Slimebound:FinishingTackle","Slimebound:SplitLeeching","Slimebound:ComboTackle+1"],"picked":"SKIP","floor":30},{"not_picked":["Slimebound:Chomp","Slimebound:LeechingTouch","Slimebound:GrowthPunch"],"picked":"SKIP","floor":31},{"not_picked":["Slimebound:RollThrough","Slimebound:RejuvenatingLick","Slimebound:GrowthPunch"],"picked":"SKIP","floor":32},{"not_picked":["Slimebound:Dissolve","Slimebound:MegaLick+1","Slimebound:ViciousTackle"],"picked":"SKIP","floor":36},{"not_picked":["Slimebound:ForwardTackle","Slimebound:SplitMire"],"picked":"Slimebound:SplitLeeching+1","floor":37},{"not_picked":["Slimebound:Chomp","Slimebound:SlimeSpikes","Slimebound:FinishingTackle"],"picked":"SKIP","floor":38},{"not_picked":["Slimebound:DisruptingSlam","Slimebound:DivideAndConquer+1"],"picked":"Slimebound:LeadByExample+1","floor":40},{"not_picked":["Slimebound:ComboTackle+1","Slimebound:Schlurp","Slimebound:GoopSpray"],"picked":"Singing Bowl","floor":42},{"not_picked":["Slimebound:GoopSpray+1","Slimebound:DivideAndConquer+1"],"picked":"Slimebound:TagTeam","floor":43},{"not_picked":["Slimebound:GoopSpray","Slimebound:RollThrough+1","Slimebound:LeechEnergy"],"picked":"Singing Bowl","floor":45},{"not_picked":["Slimebound:FinishingTackle+1","Slimebound:GoopSpray"],"picked":"Slimebound:HauntingLick+1","floor":46},{"not_picked":["Slimebound:RollThrough","Slimebound:MegaLick+1","Slimebound:SlimeSlap"],"picked":"Singing Bowl","floor":47},{"not_picked":["Slimebound:Schlurp+1","Slimebound:Gluttony","Slimebound:Dissolve+1"],"picked":"Singing Bowl","floor":48},{"not_picked":["Slimebound:FirmFortitude","Slimebound:ServeAndProtect","Slimebound:RollThrough"],"picked":"Singing Bowl","floor":49},{"not_picked":["Slimebound:ViciousTackle+1","Slimebound:CheckThePlaybook","Slimebound:LivingWall"],"picked":"Singing Bowl","floor":52}],"player_experience":441680,"relics_obtained":[{"floor":5,"key":"downfall:GremlinWheel"},{"floor":7,"key":"PreservedInsect"},{"floor":12,"key":"hexamod:BolsterEngine"},{"floor":14,"key":"Smiling Mask"},{"floor":23,"key":"Omamori"},{"floor":24,"key":"Slimebound:MaxSlimesRelic"},{"floor":28,"key":"MawBank"},{"floor":31,"key":"Tiny Chest"},{"floor":37,"key":"Incense Burner"},{"floor":40,"key":"Singing Bowl"},{"floor":42,"key":"sneckomod:BlankCard"},{"floor":45,"key":"Oddly Smooth Stone"},{"floor":52,"key":"Bottled Tornado"}],"event_choices":[{"cards_removed":["Regret"],"damage_healed":0,"gold_gain":0,"player_choice":"Card Removal","damage_taken":0,"max_hp_gain":0,"max_hp_loss":0,"event_name":"Wheel of Change","floor":18,"gold_loss":0},{"damage_healed":0,"gold_gain":0,"player_choice":"Stole Relic","damage_taken":0,"relics_obtained":["Lantern"],"max_hp_gain":0,"max_hp_loss":0,"event_name":"Addict","floor":25,"gold_loss":0,"cards_obtained":["Shame"]}],"is_beta":false,"boss_relics":[{"not_picked":["Busted Crown","Slimebound:AbsorbEndCombatUpgraded"],"picked":"Coffee Dripper"},{"not_picked":["Slimebound:TarBlob","Runic Dome"],"picked":"sneckomod:SneckoTalon"}],"items_purged_floors":[8,22,48],"is_endless":false,"potions_floor_spawned":[5,12,15,19,29,30,31,36,42,49],"ascension_level":5}}