{"host":"y6h8h5dnjuludn40","time":1609894671,"event":{"mods":["BaseMod","Colored Map","Colored Powertips","Googly Eyes","Hermit","Minty Spire (QoL Compilation)","Replay The Spire","StSLib","The Construct","The Hierophant"],"gold_per_floor":[117,137,153,169,187,221,232,232,232,244,244,258,258,12,12,111,111,130,130,130,156,182,182,216,228,298,223,237,237,237,247,247,347,347,358,371,391,430,430,430,447,474,474,147,160,382,382,382,382,382,382,382,51,80,80],"floor_reached":56,"playtime":18301,"items_purged":["Strike_G","Strike_G","Strike_G"],"score":1199,"play_id":"c8b008e5-7897-4225-a5c0-c20543df1783","local_time":"20210105185751","is_ascension_mode":false,"campfire_choices":[{"data":"Cloak And Dagger","floor":8,"key":"SMITH"},{"data":"Neutralize","floor":11,"key":"SMITH"},{"floor":15,"key":"REST"},{"data":"ReplayTheSpireMod:Scrap Shanks","floor":23,"key":"SMITH"},{"data":"Infinite Blades","floor":30,"key":"SMITH"},{"floor":40,"key":"RECALL"},{"data":"Cloak And Dagger","floor":49,"key":"SMITH"},{"data":"ReplayTheSpireMod:Tripwire","floor":52,"key":"SMITH"}],"circlet_count":0,"master_deck":["Strike_G","Defend_G+1","Defend_G+1","Defend_G+1","Defend_G+1","Defend_G+1","Survivor","Neutralize+1","Finisher","Dagger Throw","Dagger Throw","Cloak And Dagger+1","ReplayTheSpireMod:Tripwire+1","Hidden Blade","Storm of Steel+1","Cloak And Dagger+1","ReplayTheSpireMod:Scrap Shanks+1","Infinite Blades+1","Accuracy+1","ReplayTheSpireMod:Scrap Shanks+1"],"relics":["Ring of the Snake","NeowsBlessing","Singing Bowl","Replay:Bottled Eggs","Ornamental Fan","construct:ClawGrip","Red Mask","Pen Nib","ReplayTheSpireMod:Ninjato","Frozen Egg 2","WristBlade","TungstenRod","Replay:WaspNest","Quantum Egg","Medical Kit","Oddly Smooth Stone","Bottled Lightning"],"acts_visited":["Exordium","TheCity","TheBeyond","TheEnding"],"potions_floor_usage":[6,16,16,24,24,24,24,28,42,54,55,55],"damage_taken":[{"damage":0,"enemies":"Cultist","floor":1,"turns":1},{"damage":0,"enemies":"Jaw Worm","floor":2,"turns":1},{"damage":0,"enemies":"Small Slimes","floor":3,"turns":1},{"damage":4,"enemies":"2 Fungi Beasts","floor":4,"turns":3},{"damage":9,"enemies":"3 Louse","floor":5,"turns":4},{"damage":16,"enemies":"3 Sentries","floor":6,"turns":10},{"damage":6,"enemies":"Looter","floor":7,"turns":3},{"damage":0,"enemies":"Large Slime","floor":10,"turns":4},{"damage":7,"enemies":"Lots of Slimes","floor":12,"turns":4},{"damage":13,"enemies":"Fading Forest","floor":16,"turns":11},{"damage":0,"enemies":"Shell Parasite","floor":18,"turns":5},{"damage":20,"enemies":"Masked Bandits","floor":21,"turns":7},{"damage":17,"enemies":"Book of Stabbing","floor":24,"turns":4},{"damage":0,"enemies":"3 Byrds","floor":25,"turns":3},{"damage":0,"enemies":"Centurion and Healer","floor":28,"turns":4},{"damage":1,"enemies":"Snecko","floor":31,"turns":5},{"damage":10,"enemies":"Collector","floor":33,"turns":9},{"damage":0,"enemies":"3 Darklings","floor":35,"turns":3},{"damage":2,"enemies":"Orb Walker","floor":36,"turns":3},{"damage":0,"enemies":"Maw","floor":37,"turns":5},{"damage":5,"enemies":"3 Darklings","floor":41,"turns":3},{"damage":0,"enemies":"Reptomancer","floor":42,"turns":3},{"damage":0,"enemies":"Transient","floor":45,"turns":5},{"damage":28,"enemies":"Awakened One","floor":50,"turns":6},{"damage":28,"enemies":"Shield and Spear","floor":54,"turns":4},{"damage":44,"enemies":"The Heart","floor":55,"turns":6}],"seed_played":"-3200165355530799222","potions_obtained":[{"floor":1,"key":"Regen Potion"},{"floor":5,"key":"Milkshake"},{"floor":6,"key":"BlessingOfTheForge"},{"floor":21,"key":"EntropicBrew"},{"floor":24,"key":"Explosive Potion"},{"floor":33,"key":"Elixir"},{"floor":35,"key":"Fire Potion"},{"floor":37,"key":"SneckoOil"},{"floor":38,"key":"Doom Potion"},{"floor":42,"key":"Ancient Potion"},{"floor":54,"key":"Death Potion"}],"is_trial":false,"path_per_floor":["M","M","M","M","M","E","M","R","T","M","R","M","?","$","R","B",null,"M","?","?","?","T","R","E","M","T","$","M","T","R","M","R_BF","B",null,"M","M","M","?","T","R","M","E","T","$","M","?","?","?","R","B",null,"R","$","E","B",null],"character_chosen":"THE_SILENT","items_purchased":["Ornamental Fan","Accuracy+1","Medical Kit","Weak Potion","Oddly Smooth Stone"],"campfire_rested":1,"item_purchase_floors":[14,44,44,53,53],"current_hp_per_floor":[70,70,70,66,57,58,52,52,52,54,54,49,49,49,71,58,76,76,76,76,56,56,56,39,41,41,41,43,43,43,44,68,60,84,86,86,88,70,70,70,67,69,69,69,71,71,71,71,71,43,95,95,95,69,25],"gold":80,"neow_bonus":"THREE_ENEMY_KILL","is_daily":false,"chose_seed":false,"campfire_upgraded":6,"win_rate":0.0,"timestamp":1609894671,"path_taken":["M","M","M","M","?","E","M","R","T","M","R","M","?","$","R","BOSS","M","?","?","?","?","R","E","M","T","$","M","?","R","M","R_BF","BOSS","M","M","?","?","?","R","?","E","T","$","M","?","?","?","R","BOSS","R","$","E","BOSS"],"items_purchased_type":["Relic","Card","Relic","Potion","Relic"],"build_version":"2020-12-22","purchased_purges":3,"victory":true,"max_hp_per_floor":[70,70,70,70,70,72,72,72,72,74,74,76,76,76,76,76,76,76,76,76,76,76,76,76,78,78,78,80,80,80,82,82,84,84,86,88,90,94,94,94,96,98,98,98,100,100,95,95,95,95,95,95,95,97,97],"card_choices":[{"not_picked":["Heel Hook","ReplayTheSpireMod:Exploit Weakness"],"picked":"Finisher","floor":1},{"not_picked":["Outmaneuver","PiercingWail"],"picked":"Dagger Throw","floor":2},{"not_picked":["Prepared","Dagger Spray"],"picked":"Dagger Throw","floor":3},{"not_picked":["Dagger Spray","Quick Slash"],"picked":"Cloak And Dagger","floor":4},{"not_picked":["Poisoned Stab","Prepared"],"picked":"ReplayTheSpireMod:Tripwire","floor":5},{"not_picked":["Poisoned Stab","Tactician","Concentrate"],"picked":"Singing Bowl","floor":6},{"not_picked":["Heel Hook","Predator"],"picked":"Hidden Blade","floor":7},{"not_picked":["Night Terror","Replay:Poison Smokescreen","Deadly Poison"],"picked":"Singing Bowl","floor":10},{"not_picked":["Deflect","Dagger Spray","PiercingWail"],"picked":"Singing Bowl","floor":12},{"not_picked":["Doppelganger","Unload"],"picked":"Storm of Steel","floor":16},{"not_picked":["Slice","Underhanded Strike"],"picked":"Cloak And Dagger","floor":18},{"not_picked":["Endless Agony+1","Sucker Punch"],"picked":"ReplayTheSpireMod:Scrap Shanks","floor":21},{"not_picked":["Dagger Spray+1","ReplayTheSpireMod:Scrap Shanks"],"picked":"Infinite Blades","floor":24},{"not_picked":["Deflect","Calculated Gamble","Deadly Poison"],"picked":"Singing Bowl","floor":25},{"not_picked":["Blur","All Out Attack","PiercingWail"],"picked":"Singing Bowl","floor":28},{"not_picked":["Poisoned Stab","Quick Slash","Masterful Stab+1"],"picked":"Singing Bowl","floor":31},{"not_picked":["Burst","ReplayTheSpireMod:From All Sides","Grand Finale"],"picked":"Singing Bowl","floor":33},{"not_picked":["Escape Plan+1","PiercingWail","Flechettes"],"picked":"Singing Bowl","floor":35},{"not_picked":["Dodge and Roll+1","Deadly Poison+1","Dagger Spray+1"],"picked":"Singing Bowl","floor":36},{"not_picked":["Hidden Blade+1","Slice","Crippling Poison+1"],"picked":"Singing Bowl","floor":37},{"not_picked":["Distraction","Dagger Throw","Backflip+1"],"picked":"Singing Bowl","floor":38},{"not_picked":["Deadly Poison+1","Sneak Up","Poisoned Stab"],"picked":"Singing Bowl","floor":38},{"not_picked":["Tactician","Sucker Punch+1","Finisher+1"],"picked":"Singing Bowl","floor":41},{"not_picked":["Hidden Blade+1","Sucker Punch+1","Deflect+1"],"picked":"Singing Bowl","floor":42},{"not_picked":["Grand Finale","Sucker Punch+1","Dagger Spray"],"picked":"Singing Bowl","floor":45},{"not_picked":["Prepared+1","Tactician+1","Hidden Blade+1"],"picked":"Singing Bowl","floor":54}],"player_experience":260114,"relics_obtained":[{"floor":6,"key":"Singing Bowl"},{"floor":9,"key":"Replay:Bottled Eggs"},{"floor":21,"key":"Red Mask"},{"floor":22,"key":"Pen Nib"},{"floor":24,"key":"ReplayTheSpireMod:Ninjato"},{"floor":29,"key":"Frozen Egg 2"},{"floor":39,"key":"TungstenRod"},{"floor":42,"key":"Replay:WaspNest"},{"floor":43,"key":"Quantum Egg"},{"floor":54,"key":"Bottled Lightning"}],"event_choices":[{"damage_healed":0,"gold_gain":0,"player_choice":"Ignored","damage_taken":0,"max_hp_gain":0,"max_hp_loss":0,"event_name":"Ghosts","floor":19,"gold_loss":0},{"damage_healed":0,"gold_gain":0,"player_choice":"Fought Bandits","damage_taken":0,"max_hp_gain":0,"max_hp_loss":0,"event_name":"Masked Bandits","floor":21,"gold_loss":0},{"damage_healed":0,"gold_gain":222,"player_choice":"Wore Mask","damage_taken":0,"max_hp_gain":0,"max_hp_loss":0,"event_name":"Tomb of Lord Red Mask","floor":46,"gold_loss":0},{"damage_healed":0,"gold_gain":0,"player_choice":"Max HP","damage_taken":0,"max_hp_gain":0,"max_hp_loss":5,"event_name":"Winding Halls","floor":47,"gold_loss":0},{"damage_healed":0,"gold_gain":0,"player_choice":"Copied","damage_taken":0,"max_hp_gain":0,"max_hp_loss":0,"event_name":"Duplicator","floor":48,"gold_loss":0,"cards_obtained":["ReplayTheSpireMod:Scrap Shanks"]}],"is_beta":false,"boss_relics":[{"not_picked":["Philosopher\u0027s Stone","Busted Crown"],"picked":"construct:ClawGrip"},{"not_picked":["Tiny House","Replay:Drink Me"],"picked":"WristBlade"}],"items_purged_floors":[27,44,53],"is_endless":false,"potions_floor_spawned":[1,5,6,21,24,33,35,37,42,54],"ascension_level":0}}