{"host":"k6u7q08ihsmpx7o5","time":1609911091,"event":{"mods":["BaseMod","Bestiary","Filter the Spire","Minty Spire (QoL Compilation)","Permanent Neow","Relic Stats","StSLib"],"gold_per_floor":[111,126,146,160,174,204,204,237,237,237,237,255,255,265,265,342,342,352,352,364,364,382,382,382,408,408,448,460,505,532,578,590,679,691,716,653,666,686,686,686,700,700,748,775,795,807,836,856,856,856,856,856],"floor_reached":51,"playtime":4808,"items_purged":["Pain"],"score":1702,"play_id":"818608cb-bd68-4509-89c1-4f20489589e0","local_time":"20210106063131","is_ascension_mode":true,"campfire_choices":[{"data":"Fission","floor":7.0,"key":"SMITH"},{"data":"Electrodynamics","floor":10.0,"key":"SMITH"},{"data":"Redo","floor":15.0,"key":"SMITH"},{"data":"Biased Cognition","floor":24.0,"key":"SMITH"},{"floor":32.0,"key":"REST"},{"data":"Defragment","floor":40.0,"key":"SMITH"},{"floor":49,"key":"RECALL"}],"circlet_count":0,"master_deck":["AscendersBane","Dualcast","Biased Cognition+1","Glacier","Meteor Strike","Force Field","Electrodynamics+1","Aggregate","Doom and Gloom","Self Repair","Heatsinks","Conserve Battery","Undo","Force Field","Fission+1","Machine Learning","Redo+1","Multi-Cast","Compile Driver","Echo Form","Hologram+1","Writhe","Defragment+1","Turbo+1","Tempest","Multi-Cast","Glacier+1","BootSequence","Capacitor","Redo+1","Coolheaded+1","Multi-Cast"],"relics":["Pandora\u0027s Box","Art of War","Shuriken","Kunai","Runic Pyramid","Vajra","Prayer Wheel","MawBank","Blue Candle","WarpedTongs","Symbiotic Virus","Question Card","Coffee Dripper","Mummified Hand","Akabeko"],"acts_visited":["Exordium","TheCity","TheBeyond"],"potions_floor_usage":[47,47],"damage_taken":[{"damage":6.0,"enemies":"Cultist","floor":1.0,"turns":3.0},{"damage":0.0,"enemies":"Small Slimes","floor":2.0,"turns":2.0},{"damage":0.0,"enemies":"2 Louse","floor":3.0,"turns":3.0},{"damage":10.0,"enemies":"Red Slaver","floor":4.0,"turns":7.0},{"damage":0.0,"enemies":"Large Slime","floor":5.0,"turns":5.0},{"damage":24.0,"enemies":"Gremlin Nob","floor":6.0,"turns":6.0},{"damage":0.0,"enemies":"Lagavulin","floor":8.0,"turns":7.0},{"damage":8.0,"enemies":"Gremlin Gang","floor":12.0,"turns":4.0},{"damage":0.0,"enemies":"Lots of Slimes","floor":14.0,"turns":1.0},{"damage":0.0,"enemies":"The Guardian","floor":16.0,"turns":10.0},{"damage":0.0,"enemies":"3 Byrds","floor":18.0,"turns":3.0},{"damage":0.0,"enemies":"Spheric Guardian","floor":20.0,"turns":4.0},{"damage":0.0,"enemies":"3 Cultists","floor":22.0,"turns":3.0},{"damage":29.0,"enemies":"Gremlin Leader","floor":25.0,"turns":5.0},{"damage":34.0,"enemies":"Slavers","floor":27.0,"turns":3.0},{"damage":12.0,"enemies":"Gremlin Leader","floor":29.0,"turns":5.0},{"damage":9.0,"enemies":"Chosen and Byrds","floor":30.0,"turns":7.0},{"damage":17.0,"enemies":"Book of Stabbing","floor":31.0,"turns":6.0},{"damage":22.0,"enemies":"Champ","floor":33.0,"turns":9.0},{"damage":25.0,"enemies":"3 Shapes","floor":35.0,"turns":2.0},{"damage":8.0,"enemies":"Orb Walker","floor":37.0,"turns":3.0},{"damage":1.0,"enemies":"Sphere and 2 Shapes","floor":38.0,"turns":8.0},{"damage":15.0,"enemies":"3 Darklings","floor":41.0,"turns":4.0},{"damage":0,"enemies":"Nemesis","floor":44,"turns":3},{"damage":0,"enemies":"Maw","floor":45,"turns":6},{"damage":1,"enemies":"Sphere and 2 Shapes","floor":46,"turns":5},{"damage":2,"enemies":"Reptomancer","floor":47,"turns":4},{"damage":0,"enemies":"3 Darklings","floor":48,"turns":7},{"damage":61,"enemies":"Time Eater","floor":50,"turns":6},{"damage":18,"enemies":"Awakened One","floor":51,"turns":2}],"seed_played":"-2172868594558513306","potions_obtained":[{"floor":1.0,"key":"Ancient Potion"},{"floor":6.0,"key":"Block Potion"},{"floor":18.0,"key":"ColorlessPotion"},{"floor":30.0,"key":"Energy Potion"},{"floor":33.0,"key":"SteroidPotion"},{"floor":35.0,"key":"LiquidMemories"},{"floor":44,"key":"Fire Potion"},{"floor":45,"key":"Block Potion"},{"floor":48,"key":"Explosive Potion"}],"is_trial":false,"path_per_floor":["M","M","M","M","M","E","R","E","T","R","?","M","?","M","R","B",null,"M","$","M","?","M","?","R","E","T","E","?","E","M","E","R","B",null,"M","$","M","M","?","R","M","?","T","E","M","M","E","M","R","B","B"],"character_chosen":"DEFECT","items_purchased":[],"campfire_rested":1,"item_purchase_floors":[],"current_hp_per_floor":[65,65,71,68,71,54,54,61,61,61,61,60,60,60,60,67,70,70,70,71,71,71,71,71,62,62,35,35,30,28,21,42,40,63,38,38,30,49,49,49,34,34,34,41,48,61,66,71,71,17,0,0],"gold":856,"neow_bonus":"BOSS_RELIC","is_daily":false,"chose_seed":false,"campfire_upgraded":5,"win_rate":0.0,"timestamp":1609911091,"path_taken":["M","?","?","M","M","E","R","E","T","R","?","?","?","M","R","BOSS","M","$","M","?","M","?","R","E","T","E","?","E","M","E","R","BOSS","M","$","?","?","?","R","M","?","T","E","M","?","E","M","R","BOSS","BOSS"],"items_purchased_type":[],"build_version":"2020-12-22","purchased_purges":1,"victory":false,"max_hp_per_floor":[71,71,71,71,71,71,71,71,71,71,71,71,71,71,71,71,71,71,71,71,71,71,71,71,71,71,71,71,71,71,71,71,71,71,71,71,71,71,71,71,71,71,71,71,71,71,71,71,71,71,71,71],"relic_stats":{"counters":[30,143],"Shuriken":[0],"Mummified Hand":[48],"Blue Candle":[9],"Pandora\u0027s Box":["Biased Cognition","Glacier","Meteor Strike","Force Field","Electrodynamics","Aggregate","Doom and Gloom","Self Repair"],"Prayer Wheel":8,"Art of War":[54],"Kunai":[0],"MawBank":120,"Question Card":17,"obtain_stats":[{"Blue Candle":27,"Vajra":23,"MawBank":26,"Question Card":31,"Akabeko":47,"WarpedTongs":28,"Shuriken":8,"Mummified Hand":44,"Pandora\u0027s Box":0,"Prayer Wheel":25,"Art of War":6,"Coffee Dripper":34,"Kunai":9,"Cracked Core":0,"Symbiotic Virus":29,"Runic Pyramid":17},{"Blue Candle":15,"Vajra":13,"MawBank":14,"Question Card":18,"Akabeko":27,"WarpedTongs":15,"Shuriken":7,"Mummified Hand":24,"Pandora\u0027s Box":0,"Prayer Wheel":14,"Art of War":6,"Coffee Dripper":19,"Kunai":7,"Cracked Core":0,"Symbiotic Virus":16,"Runic Pyramid":10},{"Blue Candle":66,"Vajra":58,"MawBank":63,"Question Card":84,"Akabeko":128,"WarpedTongs":66,"Shuriken":33,"Mummified Hand":113,"Pandora\u0027s Box":0,"Prayer Wheel":63,"Art of War":26,"Coffee Dripper":93,"Kunai":33,"Cracked Core":0,"Symbiotic Virus":71,"Runic Pyramid":48}],"WarpedTongs":[76]},"card_choices":[{"not_picked":["Skim","Coolheaded"],"picked":"Heatsinks","floor":1.0},{"not_picked":["Sweeping Beam","Streamline"],"picked":"Conserve Battery","floor":2.0},{"not_picked":["Skim","Barrage"],"picked":"Undo","floor":3.0},{"not_picked":["Hologram","Ball Lightning"],"picked":"Force Field","floor":4.0},{"not_picked":["Ball Lightning","Go for the Eyes","Rebound"],"picked":"SKIP","floor":5.0},{"not_picked":["Sweeping Beam","Static Discharge"],"picked":"Fission","floor":6.0},{"not_picked":["Sunder","Reinforced Body","Steam"],"picked":"SKIP","floor":8.0},{"not_picked":["Sunder","Reinforced Body","Steam"],"picked":"SKIP","floor":8.0},{"not_picked":["Turbo","Conserve Battery","Leap"],"picked":"SKIP","floor":12.0},{"not_picked":["Recycle","Stack"],"picked":"Redo","floor":14.0},{"not_picked":["Electrodynamics","Creative AI"],"picked":"Multi-Cast","floor":16.0},{"not_picked":["Beam Cell","Rebound+1"],"picked":"Compile Driver","floor":18.0},{"not_picked":["Barrage","Beam Cell","Cold Snap"],"picked":"SKIP","floor":20.0},{"not_picked":["Sweeping Beam","Streamline"],"picked":"Hologram+1","floor":22.0},{"not_picked":["All For One","Coolheaded","Stack"],"picked":"SKIP","floor":25.0},{"not_picked":["Streamline","Genetic Algorithm","Compile Driver"],"picked":"SKIP","floor":27.0},{"not_picked":["Leap","Barrage","Cold Snap"],"picked":"SKIP","floor":29.0},{"not_picked":["Coolheaded+1","Undo"],"picked":"Defragment","floor":30.0},{"not_picked":["Scrape","Stack"],"picked":"Turbo+1","floor":30.0},{"not_picked":["Static Discharge","Chaos"],"picked":"Tempest","floor":31.0},{"not_picked":["Machine Learning","Seek","Meteor Strike"],"picked":"Multi-Cast","floor":33.0},{"not_picked":["Barrage","Coolheaded","FTL+1","Hologram"],"picked":"SKIP","floor":35.0},{"not_picked":["Cold Snap","Consume","Melter","Self Repair"],"picked":"SKIP","floor":35.0},{"not_picked":["Conserve Battery+1","Ball Lightning","Barrage"],"picked":"Glacier+1","floor":37.0},{"not_picked":["Sweeping Beam","Turbo","Cold Snap","Coolheaded"],"picked":"SKIP","floor":37.0},{"not_picked":["Rebound","Reinforced Body","Steam Power","Ball Lightning"],"picked":"SKIP","floor":38.0},{"not_picked":["Sweeping Beam+1","Hello World","Barrage","Undo"],"picked":"SKIP","floor":38.0},{"not_picked":["Compile Driver","Storm","Redo"],"picked":"BootSequence","floor":41.0},{"not_picked":["Coolheaded","Chaos","Meteor Strike","Barrage+1"],"picked":"SKIP","floor":41.0},{"not_picked":["Leap+1","Force Field+1","BootSequence+1"],"picked":"Capacitor","floor":44},{"not_picked":["Conserve Battery","Steam","Barrage"],"picked":"Redo+1","floor":45},{"not_picked":["Barrage","Sunder","Conserve Battery"],"picked":"Coolheaded+1","floor":45},{"not_picked":["Hologram","FTL","Turbo"],"picked":"Multi-Cast","floor":46},{"not_picked":["Ball Lightning","Gash+1","Coolheaded","Auto Shields"],"picked":"SKIP","floor":46},{"not_picked":["Static Discharge","Steam","Barrage","Scrape"],"picked":"SKIP","floor":47},{"not_picked":["Hello World","Storm+1","Glacier","Consume+1"],"picked":"SKIP","floor":48},{"not_picked":["Streamline","Turbo+1","Cold Snap","Chaos"],"picked":"SKIP","floor":48}],"player_experience":1962092,"relics_obtained":[{"floor":6.0,"key":"Art of War"},{"floor":8.0,"key":"Shuriken"},{"floor":9.0,"key":"Kunai"},{"floor":25.0,"key":"Prayer Wheel"},{"floor":26.0,"key":"MawBank"},{"floor":27.0,"key":"Blue Candle"},{"floor":29.0,"key":"Symbiotic Virus"},{"floor":31.0,"key":"Question Card"},{"floor":44,"key":"Mummified Hand"},{"floor":47,"key":"Akabeko"}],"event_choices":[{"damage_healed":0.0,"max_hp_gain":0.0,"max_hp_loss":0.0,"gold_gain":0.0,"event_name":"Match and Keep!","player_choice":"1 cards matched","floor":11.0,"gold_loss":0.0,"damage_taken":0.0,"cards_obtained":["Machine Learning"]},{"damage_healed":0.0,"max_hp_gain":0.0,"max_hp_loss":0.0,"gold_gain":0.0,"event_name":"Lab","player_choice":"Got Potions","floor":13.0,"gold_loss":0.0,"damage_taken":0.0},{"damage_healed":0.0,"max_hp_gain":0.0,"max_hp_loss":0.0,"gold_gain":0.0,"event_name":"The Library","player_choice":"Read","floor":21.0,"gold_loss":0.0,"damage_taken":0.0,"cards_obtained":["Echo Form"]},{"damage_healed":0.0,"max_hp_gain":0.0,"max_hp_loss":0.0,"gold_gain":0.0,"event_name":"The Mausoleum","player_choice":"Opened","floor":23.0,"gold_loss":0.0,"damage_taken":0.0,"relics_obtained":["Vajra"],"cards_obtained":["Writhe"]},{"damage_healed":0.0,"max_hp_gain":0.0,"max_hp_loss":0.0,"gold_gain":0.0,"event_name":"Accursed Blacksmith","player_choice":"Rummage","floor":28.0,"gold_loss":0.0,"damage_taken":0.0,"relics_obtained":["WarpedTongs"],"cards_obtained":["Pain"]},{"cards_removed":["Zap"],"damage_healed":0.0,"max_hp_gain":0.0,"max_hp_loss":0.0,"gold_gain":0.0,"event_name":"Falling","player_choice":"Removed Skill","floor":39.0,"gold_loss":0.0,"damage_taken":0.0},{"damage_healed":0.0,"max_hp_gain":0.0,"max_hp_loss":0.0,"gold_gain":0.0,"event_name":"SecretPortal","player_choice":"Ignored","floor":42.0,"gold_loss":0.0,"damage_taken":0.0}],"is_beta":false,"boss_relics":[{"not_picked":["Tiny House","Astrolabe"],"picked":"Runic Pyramid"},{"not_picked":["Busted Crown","Philosopher\u0027s Stone"],"picked":"Coffee Dripper"}],"items_purged_floors":[36],"is_endless":false,"potions_floor_spawned":[1,6,8,12,18,20,30,33,35,44,45,48],"killed_by":"Awakened One","ascension_level":20}}