{"host":"fevvm7bbzuh4s1jc","time":1609892792,"event":{"mods":["BaseMod","Highlight Path","Minty Spire (QoL Compilation)","Relic Stats"],"gold_per_floor":[131,154,176,188,212,224,264,276,314,361,393,405,417,444,456,542,554,577,589,185,199,210,210,237,127,153,181,193,210,236,248,248,327,327,337,337,337,350,367,367,367,395,395,262,280,328,348,360,360,360,360,360,360,82,115,115],"floor_reached":57,"playtime":6882,"items_purged":["Strike_P","PathToVictory","Evaluate"],"score":2737,"play_id":"b270f8a0-4b98-46be-8fcb-4d1ac7bfd7bc","local_time":"20210105192632","is_ascension_mode":true,"campfire_choices":[{"data":"EmptyFist","floor":6.0,"key":"SMITH"},{"data":"SashWhip","floor":8.0,"key":"SMITH"},{"data":"Meditate","floor":12.0,"key":"SMITH"},{"data":"Wallop","floor":15.0,"key":"SMITH"},{"data":"Eruption","floor":23.0,"key":"SMITH"},{"data":"MentalFortress","floor":32.0,"key":"SMITH"},{"floor":40,"key":"RECALL"},{"floor":49,"key":"REST"},{"data":"Master of Strategy","floor":53,"key":"SMITH"}],"circlet_count":0,"master_deck":["AscendersBane","Eruption+1","Vigilance","SashWhip+1","EmptyFist+1","Protect+1","Wireheading","DeusExMachina","Meditate+1","Wallop+1","DevaForm","Adaptation+1","CutThroughFate","Sanctity","FearNoEvil","Sanctity","MentalFortress+1","WheelKick","Establishment","ClearTheMind","Nirvana","DeceiveReality","WaveOfTheHand","Master of Strategy+1","Secret Technique","Apotheosis","Tantrum","TalkToTheHand","CutThroughFate","TalkToTheHand+1","FlurryOfBlows"],"relics":["HolyWater","MawBank","Regal Pillow","Anchor","Smiling Mask","Pen Nib","Potion Belt","HornCleat","Centennial Puzzle","Oddly Smooth Stone","Pandora\u0027s Box","Juzu Bracelet","Gremlin Horn","Turnip","ClockworkSouvenir","Bottled Lightning"],"acts_visited":["Exordium","TheCity","TheBeyond","TheEnding"],"potions_floor_usage":[46,50,55,56,56],"damage_taken":[{"damage":3.0,"enemies":"Small Slimes","floor":1.0,"turns":5.0},{"damage":3.0,"enemies":"2 Louse","floor":2.0,"turns":3.0},{"damage":0.0,"enemies":"Cultist","floor":3.0,"turns":2.0},{"damage":0.0,"enemies":"Looter","floor":5.0,"turns":3.0},{"damage":27.0,"enemies":"3 Sentries","floor":7.0,"turns":12.0},{"damage":2.0,"enemies":"Lagavulin","floor":10.0,"turns":5.0},{"damage":4.0,"enemies":"2 Fungi Beasts","floor":11.0,"turns":3.0},{"damage":0.0,"enemies":"Red Slaver","floor":14.0,"turns":2.0},{"damage":4.0,"enemies":"The Guardian","floor":16.0,"turns":12.0},{"damage":0.0,"enemies":"Chosen","floor":18.0,"turns":5.0},{"damage":0.0,"enemies":"2 Thieves","floor":21.0,"turns":4.0},{"damage":2.0,"enemies":"3 Cultists","floor":22.0,"turns":4.0},{"damage":13.0,"enemies":"Gremlin Leader","floor":24.0,"turns":7.0},{"damage":0.0,"enemies":"Book of Stabbing","floor":27.0,"turns":5.0},{"damage":0.0,"enemies":"Centurion and Healer","floor":28.0,"turns":8.0},{"damage":0.0,"enemies":"Cultist and Chosen","floor":29.0,"turns":7.0},{"damage":1.0,"enemies":"Gremlin Leader","floor":30.0,"turns":4.0},{"damage":0.0,"enemies":"Sentry and Sphere","floor":31.0,"turns":4.0},{"damage":5.0,"enemies":"Collector","floor":33.0,"turns":8.0},{"damage":1.0,"enemies":"3 Darklings","floor":35.0,"turns":5.0},{"damage":0.0,"enemies":"3 Shapes","floor":38.0,"turns":5.0},{"damage":0,"enemies":"Spire Growth","floor":39,"turns":5},{"damage":1,"enemies":"Giant Head","floor":42,"turns":4},{"damage":0,"enemies":"Jaw Worm Horde","floor":45,"turns":4},{"damage":10,"enemies":"2 Orb Walkers","floor":46,"turns":4},{"damage":0,"enemies":"Writhing Mass","floor":47,"turns":6},{"damage":0,"enemies":"Sphere and 2 Shapes","floor":48,"turns":3},{"damage":12,"enemies":"Awakened One","floor":50,"turns":10},{"damage":28,"enemies":"Time Eater","floor":51,"turns":12},{"damage":19,"enemies":"Shield and Spear","floor":55,"turns":6},{"damage":25,"enemies":"The Heart","floor":56,"turns":7}],"seed_played":"-6261942775866782684","potions_obtained":[{"floor":2.0,"key":"FairyPotion"},{"floor":5.0,"key":"Energy Potion"},{"floor":11.0,"key":"SneckoOil"},{"floor":14.0,"key":"Fire Potion"},{"floor":24.0,"key":"SneckoOil"},{"floor":27.0,"key":"SkillPotion"},{"floor":30.0,"key":"Strength Potion"},{"floor":31.0,"key":"DuplicationPotion"},{"floor":39,"key":"LiquidMemories"},{"floor":47,"key":"EssenceOfSteel"}],"is_trial":false,"path_per_floor":["M","M","M","?","M","R","E","R","T","E","M","R","?","M","R","B",null,"M","?","$","M","M","R","E","?","T","E","M","M","E","M","R","B",null,"M","?","?","M","M","R","?","E","T","$","M","?","M","M","R","B","B",null,"R","$","E","B",null],"character_chosen":"WATCHER","items_purchased":["Pen Nib","Sanctity","Potion Belt","TalkToTheHand","BlessingOfTheForge","ClockworkSouvenir"],"campfire_rested":1,"item_purchase_floors":[20,20,20,44,54,54],"current_hp_per_floor":[58,55,55,48,48,48,21,21,21,19,15,15,15,15,15,11,54,54,54,54,54,52,52,39,39,39,39,39,39,38,38,38,33,59,58,58,58,58,58,58,48,47,47,47,47,37,37,37,65,53,25,55,55,55,36,11],"gold":115,"neow_bonus":"RANDOM_COMMON_RELIC","is_daily":false,"chose_seed":false,"campfire_upgraded":7,"win_rate":0.0,"timestamp":1609892792,"path_taken":["M","M","M","?","M","R","E","R","T","E","M","R","?","?","R","BOSS","M","?","$","M","M","R","E","?","T","E","M","M","E","M","R","BOSS","M","?","?","M","M","R","?","E","T","$","M","?","M","M","R","BOSS","BOSS","R","$","E","BOSS"],"items_purchased_type":["Relic","Card","Relic","Card","Potion","Relic"],"build_version":"2020-12-22","purchased_purges":3,"victory":true,"max_hp_per_floor":[68,68,68,68,68,68,68,68,68,68,68,68,68,68,68,68,68,68,68,68,68,68,68,68,68,68,68,68,68,68,68,68,68,68,68,68,65,65,65,65,65,65,65,65,65,65,65,65,65,65,65,65,65,65,65,65],"relic_stats":{"Regal Pillow":9,"Centennial Puzzle":[28],"Gremlin Horn":[9,9],"counters":[31,174],"Pandora\u0027s Box":["PathToVictory","ClearTheMind","Nirvana","DeceiveReality"],"Pen Nib":[41],"Turnip":[9],"Juzu Bracelet":0,"MawBank":240,"Smiling Mask":150,"obtain_stats":[{"Potion Belt":20,"Regal Pillow":7,"Gremlin Horn":43,"Oddly Smooth Stone":30,"Pen Nib":20,"Juzu Bracelet":42,"MawBank":0,"Smiling Mask":10,"ClockworkSouvenir":54,"Anchor":9,"Centennial Puzzle":27,"HornCleat":24,"HolyWater":17,"Pandora\u0027s Box":34,"Turnip":46,"Bottled Lightning":55,"PureWater":0},{"Potion Belt":10,"Regal Pillow":5,"Gremlin Horn":23,"Oddly Smooth Stone":17,"Pen Nib":10,"Juzu Bracelet":23,"MawBank":0,"Smiling Mask":6,"ClockworkSouvenir":29,"Anchor":5,"Centennial Puzzle":14,"HornCleat":13,"HolyWater":9,"Pandora\u0027s Box":19,"Turnip":25,"Bottled Lightning":30,"PureWater":0},{"Potion Belt":52,"Regal Pillow":25,"Gremlin Horn":122,"Oddly Smooth Stone":91,"Pen Nib":52,"Juzu Bracelet":122,"MawBank":0,"Smiling Mask":30,"ClockworkSouvenir":161,"Anchor":25,"Centennial Puzzle":72,"HornCleat":67,"HolyWater":47,"Pandora\u0027s Box":103,"Turnip":130,"Bottled Lightning":167,"PureWater":0}]},"card_choices":[{"not_picked":["Protect","Halt"],"picked":"SashWhip","floor":1.0},{"not_picked":["Pray","Halt"],"picked":"EmptyFist","floor":2.0},{"not_picked":["Halt","SignatureMove"],"picked":"Protect","floor":3.0},{"not_picked":["ThirdEye","Prostrate"],"picked":"Wireheading","floor":5.0},{"not_picked":["SignatureMove","FlyingSleeves"],"picked":"DeusExMachina","floor":7.0},{"not_picked":["Consecrate","WreathOfFlame"],"picked":"Evaluate","floor":10.0},{"not_picked":["Consecrate","ThirdEye"],"picked":"Meditate","floor":11.0},{"not_picked":["FlurryOfBlows","Crescendo"],"picked":"Wallop","floor":14.0},{"not_picked":["Ragnarok","Brilliance"],"picked":"DevaForm","floor":16.0},{"not_picked":["EmptyBody","FlyingSleeves"],"picked":"Adaptation+1","floor":18.0},{"not_picked":["Prostrate","Study"],"picked":"FearNoEvil","floor":21.0},{"not_picked":["FearNoEvil","ClearTheMind"],"picked":"Sanctity","floor":22.0},{"not_picked":["CutThroughFate","Evaluate"],"picked":"MentalFortress","floor":24.0},{"not_picked":["DeceiveReality","MasterReality"],"picked":"WheelKick","floor":27.0},{"not_picked":["BattleHymn","CrushJoints","Protect"],"picked":"SKIP","floor":28.0},{"not_picked":["SashWhip","FlyingSleeves","Prostrate"],"picked":"SKIP","floor":29.0},{"not_picked":["SashWhip","FlyingSleeves","Prostrate"],"picked":"SKIP","floor":29.0},{"not_picked":["Consecrate","Prostrate","Conclude"],"picked":"SKIP","floor":30.0},{"not_picked":["Prostrate","Consecrate","ClearTheMind"],"picked":"SKIP","floor":31.0},{"not_picked":["Omniscience","Brilliance"],"picked":"Establishment","floor":33.0},{"not_picked":["EmptyBody+1","Perseverance","Protect"],"picked":"SKIP","floor":35.0},{"not_picked":["ThirdEye","EmptyBody","Wireheading+1"],"picked":"SKIP","floor":38},{"not_picked":["JustLucky","Study"],"picked":"WaveOfTheHand","floor":39},{"not_picked":["Discovery","Mayhem"],"picked":"Master of Strategy","floor":41},{"not_picked":["Swift Strike","Good Instincts"],"picked":"Secret Technique","floor":41},{"not_picked":["PanicButton","Thinking Ahead"],"picked":"Apotheosis","floor":41},{"not_picked":["CutThroughFate","EmptyBody"],"picked":"Tantrum","floor":42},{"not_picked":["Evaluate","FlyingSleeves"],"picked":"CutThroughFate","floor":45},{"not_picked":["Indignation","Swivel"],"picked":"TalkToTheHand+1","floor":47},{"not_picked":["ForeignInfluence","FlurryOfBlows","DeceiveReality"],"picked":"SKIP","floor":48},{"not_picked":["ForeignInfluence","DeceiveReality"],"picked":"FlurryOfBlows","floor":48},{"not_picked":["CrushJoints","EmptyFist+1","FollowUp"],"picked":"SKIP","floor":55}],"player_experience":2653709,"relics_obtained":[{"floor":7.0,"key":"Regal Pillow"},{"floor":9.0,"key":"Anchor"},{"floor":10.0,"key":"Smiling Mask"},{"floor":24.0,"key":"HornCleat"},{"floor":27.0,"key":"Centennial Puzzle"},{"floor":30.0,"key":"Oddly Smooth Stone"},{"floor":42,"key":"Juzu Bracelet"},{"floor":43,"key":"Gremlin Horn"},{"floor":46,"key":"Turnip"},{"floor":55,"key":"Bottled Lightning"}],"event_choices":[{"cards_removed":["Defend_P"],"damage_healed":0.0,"max_hp_gain":0.0,"max_hp_loss":0.0,"gold_gain":0.0,"event_name":"Golden Wing","player_choice":"Card Removal","floor":4.0,"gold_loss":0.0,"damage_taken":7.0},{"cards_removed":["Strike_P"],"damage_healed":0.0,"max_hp_gain":0.0,"max_hp_loss":0.0,"gold_gain":0.0,"event_name":"Purifier","player_choice":"Purged","floor":13.0,"gold_loss":0.0,"damage_taken":0.0},{"damage_healed":0.0,"max_hp_gain":0.0,"max_hp_loss":0.0,"gold_gain":0.0,"event_name":"The Library","player_choice":"Read","floor":19.0,"gold_loss":0.0,"damage_taken":0.0,"cards_obtained":["CutThroughFate"]},{"cards_removed":["Defend_P"],"damage_healed":0.0,"max_hp_gain":0.0,"max_hp_loss":0.0,"gold_gain":0.0,"event_name":"Designer","player_choice":"Upgrade and Remove","floor":25.0,"gold_loss":110.0,"damage_taken":0.0,"cards_upgraded":["Protect"]},{"damage_healed":0.0,"max_hp_gain":0.0,"max_hp_loss":0.0,"gold_gain":0.0,"event_name":"Tomb of Lord Red Mask","player_choice":"Ignored","floor":36.0,"gold_loss":0.0,"damage_taken":0.0},{"damage_healed":0.0,"max_hp_gain":0.0,"max_hp_loss":3.0,"gold_gain":0.0,"event_name":"Winding Halls","player_choice":"Max HP","floor":37.0,"gold_loss":0.0,"damage_taken":0.0},{"damage_healed":0,"gold_gain":0,"player_choice":"Memory 3","damage_taken":10,"max_hp_gain":0,"max_hp_loss":0,"event_name":"SensoryStone","floor":41,"gold_loss":0},{"damage_healed":0,"gold_gain":0,"player_choice":"Fight","damage_taken":0,"max_hp_gain":0,"max_hp_loss":0,"event_name":"Mysterious Sphere","floor":46,"gold_loss":0}],"is_beta":false,"boss_relics":[{"not_picked":["Velvet Choker","Astrolabe"],"picked":"HolyWater"},{"not_picked":["Black Star","Tiny House"],"picked":"Pandora\u0027s Box"}],"items_purged_floors":[20,44,54],"is_endless":false,"potions_floor_spawned":[2,5,11,14,24,27,30,31,33,39,42,45,47],"ascension_level":20}}