{"host":"foq4mrde4mssg7vt","time":1609948535,"event":{"mods":["AchievementEnabler","BaseMod","Colored Map","Colored Powertips","Highlight Path","Minty Spire (QoL Compilation)","Relic Stats","everything is the same but u backflip on backflip"],"gold_per_floor":[115,134,151,24,37,37,72,27,52,52,67,67,102,102,102,178,178,194,194,213,223,237,237,267,267,335,369,369,369,369,381,381,381,381],"floor_reached":33,"playtime":1054,"items_purged":[],"score":629,"play_id":"a4046b16-1146-4948-b6bf-90b856aa50d5","local_time":"20210106235535","is_ascension_mode":true,"campfire_choices":[{"data":"Bash","floor":6.0,"key":"SMITH"},{"data":"Twin Strike","floor":10.0,"key":"SMITH"},{"data":"Immolate","floor":12.0,"key":"SMITH"},{"data":"Anger","floor":15.0,"key":"SMITH"},{"data":"Feed","floor":23.0,"key":"SMITH"},{"data":"Pommel Strike","floor":25.0,"key":"SMITH"},{"data":"Defend_R","floor":28.0,"key":"SMITH"},{"data":"Defend_R","floor":32.0,"key":"SMITH"}],"circlet_count":0,"master_deck":["AscendersBane","Defend_R+1","Defend_R","Defend_R","Defend_R+1","Bash+1","Evolve+1","Pommel Strike+1","Immolate+1","Twin Strike+1","Headbutt","Wild Strike","Anger+1","Feed+1","Impervious","Decay","Bite","Bite","Bite","Bite","Bite"],"relics":["Burning Blood","Toy Ornithopter","Vajra","Ancient Tea Set","Coffee Dripper","Bronze Scales","InkBottle","Anchor"],"acts_visited":["Exordium","TheCity"],"potions_floor_usage":[33],"damage_taken":[{"damage":5.0,"enemies":"Small Slimes","floor":1.0,"turns":4.0},{"damage":8.0,"enemies":"Jaw Worm","floor":2.0,"turns":6.0},{"damage":6.0,"enemies":"Cultist","floor":3.0,"turns":3.0},{"damage":0.0,"enemies":"Exordium Wildlife","floor":5.0,"turns":2.0},{"damage":41.0,"enemies":"Lagavulin","floor":7.0,"turns":8.0},{"damage":6.0,"enemies":"Looter","floor":11.0,"turns":2.0},{"damage":8.0,"enemies":"Gremlin Nob","floor":13.0,"turns":3.0},{"damage":0.0,"enemies":"Slime Boss","floor":16.0,"turns":5.0},{"damage":6.0,"enemies":"Spheric Guardian","floor":18.0,"turns":3.0},{"damage":16.0,"enemies":"2 Thieves","floor":20.0,"turns":5.0},{"damage":20.0,"enemies":"Snecko","floor":21.0,"turns":4.0},{"damage":7.0,"enemies":"Centurion and Healer","floor":22.0,"turns":6.0},{"damage":25.0,"enemies":"Gremlin Leader","floor":24.0,"turns":6.0},{"damage":22.0,"enemies":"Slavers","floor":27.0,"turns":5.0},{"damage":1.0,"enemies":"Snake Plant","floor":31.0,"turns":3.0},{"damage":74,"enemies":"Collector","floor":33,"turns":6}],"seed_played":"704889011897468942","potions_obtained":[{"floor":2.0,"key":"Block Potion"},{"floor":3.0,"key":"FearPotion"},{"floor":16.0,"key":"LiquidBronze"},{"floor":20.0,"key":"LiquidMemories"}],"is_trial":false,"path_per_floor":["M","M","M","$","M","R","E","$","T","R","M","R","E","?","R","B",null,"M","?","M","M","M","R","E","R","T","E","R","?","?","M","R","B"],"character_chosen":"IRONCLAD","items_purchased":["Immolate","Twin Strike","Anger"],"campfire_rested":0,"item_purchase_floors":[4,4,8],"current_hp_per_floor":[69,67,67,67,73,73,38,38,38,38,38,38,36,36,36,42,67,70,70,68,54,56,56,41,41,41,29,29,29,29,49,49,0,0],"gold":381,"neow_bonus":"THREE_CARDS","is_daily":false,"chose_seed":false,"campfire_upgraded":8,"win_rate":0.0,"timestamp":1609948535,"path_taken":["M","M","M","$","M","R","E","$","T","R","M","R","E","?","R","BOSS","M","?","M","?","M","R","E","R","T","E","R","?","?","M","R","BOSS"],"items_purchased_type":["Card","Card","Card"],"build_version":"2020-12-22","purchased_purges":0,"victory":false,"max_hp_per_floor":[75,75,75,75,75,75,75,75,75,75,75,75,75,75,75,75,75,78,78,81,81,84,84,88,88,88,92,92,92,64,68,68,68,68],"relic_stats":{"counters":[16,71],"Bronze Scales":[54],"obtain_stats":[{"Anchor":27,"Bronze Scales":24,"Vajra":9,"Coffee Dripper":17,"Ancient Tea Set":13,"Burning Blood":0,"Toy Ornithopter":7,"InkBottle":26},{"Anchor":14,"Bronze Scales":13,"Vajra":5,"Coffee Dripper":8,"Ancient Tea Set":7,"Burning Blood":0,"Toy Ornithopter":5,"InkBottle":13},{"Anchor":62,"Bronze Scales":57,"Vajra":23,"Coffee Dripper":33,"Ancient Tea Set":28,"Burning Blood":0,"Toy Ornithopter":23,"InkBottle":57}],"Burning Blood":90,"Toy Ornithopter":15,"InkBottle":[5]},"card_choices":[{"not_picked":["Armaments","Clash"],"picked":"Evolve","floor":0.0},{"not_picked":["Clothesline","Clash","Body Slam"],"picked":"SKIP","floor":1.0},{"not_picked":["Clash","Flex"],"picked":"Pommel Strike","floor":2.0},{"not_picked":["Armaments","Pommel Strike","Clash"],"picked":"SKIP","floor":3.0},{"not_picked":["Perfected Strike","Havoc"],"picked":"Headbutt","floor":5.0},{"not_picked":["Warcry","Brutality"],"picked":"Wild Strike","floor":7.0},{"not_picked":["Flex","Wild Strike","Twin Strike"],"picked":"SKIP","floor":11.0},{"not_picked":["Pommel Strike","Sword Boomerang","Anger"],"picked":"SKIP","floor":13.0},{"not_picked":["Brutality","Offering"],"picked":"Feed","floor":16.0},{"not_picked":["Anger","Heavy Blade","Blood for Blood"],"picked":"SKIP","floor":18.0},{"not_picked":["Evolve+1","Hemokinesis","Flex"],"picked":"SKIP","floor":20.0},{"not_picked":["Wild Strike","Headbutt+1"],"picked":"Impervious","floor":21.0},{"not_picked":["Perfected Strike","Headbutt","Rampage"],"picked":"SKIP","floor":22.0},{"not_picked":["Body Slam","Cleave","Infernal Blade"],"picked":"SKIP","floor":24.0},{"not_picked":["Havoc","Sever Soul","Uppercut"],"picked":"SKIP","floor":27.0},{"not_picked":["Sentinel","Body Slam","Reckless Charge"],"picked":"SKIP","floor":31.0}],"player_experience":406110,"relics_obtained":[{"floor":7.0,"key":"Toy Ornithopter"},{"floor":9.0,"key":"Vajra"},{"floor":13.0,"key":"Ancient Tea Set"},{"floor":24.0,"key":"Bronze Scales"},{"floor":26.0,"key":"InkBottle"},{"floor":27.0,"key":"Anchor"}],"event_choices":[{"damage_healed":0.0,"max_hp_gain":0.0,"max_hp_loss":0.0,"gold_gain":0.0,"event_name":"Living Wall","player_choice":"Grow","floor":14.0,"gold_loss":0.0,"damage_taken":0.0,"cards_upgraded":["Evolve"]},{"cards_removed":["Strike_R"],"damage_healed":0.0,"max_hp_gain":0.0,"max_hp_loss":0.0,"gold_gain":0.0,"event_name":"Bonfire Elementals","player_choice":"Offered Basic","floor":19.0,"gold_loss":0.0,"damage_taken":0.0},{"damage_healed":0.0,"max_hp_gain":0.0,"max_hp_loss":0.0,"gold_gain":0.0,"event_name":"Forgotten Altar","player_choice":"Smashed Altar","floor":29.0,"gold_loss":0.0,"damage_taken":0.0,"cards_obtained":["Decay"]},{"damage_healed":0.0,"max_hp_gain":0.0,"max_hp_loss":28.0,"gold_gain":0.0,"event_name":"Vampires","player_choice":"Became a vampire","floor":30.0,"gold_loss":0.0,"damage_taken":0.0,"cards_obtained":["Bite","Bite","Bite","Bite","Bite"]}],"is_beta":false,"boss_relics":[{"not_picked":["Black Star","SacredBark"],"picked":"Coffee Dripper"}],"items_purged_floors":[],"is_endless":false,"potions_floor_spawned":[2,3,13,16,18,20,21],"killed_by":"Collector","ascension_level":15}}