{"host":"ymw71f7rc9ndansy","time":1609896403,"event":{"mods":["ATMod(阿瑾Mod)","Act Like it!","Aspiration","BaseMod","DeckTracker","Hubris","Library of Ruina","Library of Ruina Extra","Lobotomy","LobotomyExtend","Minty Spire (QoL Compilation)","MostiFishMod","Remove Card Discount Mod","Replay The Spire","StSLib","TestMod","【功能Mod】精心准备","【遗物卡牌】REMEMod"],"gold_per_floor":[113,124,116,126,218,218,252,266,266,284,317,317,344,344,344,503,503,521,513,533,533,546,542,577,825,825,925,985,985,1052,1052,1052,1164,1173,1306,1438,1838,1838,1915,2055,2055,2062,2085,2180,2230,2375,2375,2384,2384,2409,2434,2434,2434,2434,2434,2518,2623],"floor_reached":58,"playtime":1858,"items_purged":["Dodge","ChargeAndCover","LightDefense","LightAttack","Bandage Up","LightAttack","LightDefense","LightDefense","AT_FamilyPortrait","Preparation","GutHarvesting"],"score":2944,"play_id":"b45099a9-97c8-43c3-adca-b21280ffd35d","local_time":"20210106092643","is_ascension_mode":true,"campfire_choices":[{"data":"WillOfThePrescript","floor":6,"key":"SMITH"},{"data":"REME_WheelOfFate","floor":12,"key":"SMITH"},{"data":"Reload","floor":15,"key":"SMITH"},{"floor":29,"key":"DIG"},{"data":"testmod-Reverberation","floor":32,"key":"SMITH"},{"data":"MostiFishMod:SephirahHod","floor":41,"key":"SMITH"},{"floor":49,"key":"RECALL"},{"floor":54,"key":"DIG"}],"circlet_count":0,"master_deck":["AscendersBane","FocusedStrikes","RagingStorm+1","UnforgettableMelody","REME_WheelOfFate+1","ShrineToMusic","PinpointShot","WillOfThePrescript+1","Reload+1","Multislash","Observe","testmod-Reverberation+1","testmod-TradeIn","InnerArdor","Unlock1","testmod-Superconductor","FrontalAssault+1","CleanUp","MostiFishMod:SephirahHod+1","Quickness","Finesse","MostiFishMod:MusicBox","Faith+1"],"relics":["PageOfLibrarian","testmod-TestBox","DaveBox","AT_ATBox","DiscerningMonocle","testmod-NegativeEmotionEnhancer","SynthV:TestCard","aspiration:Lifesprig","hubris:HerbalPaste","Simple Rune","Replay:Wax Seal","Ancient Tea Set","aspiration:HatOfInfinitePower","aspiration:FrozenJewel","RhineSuit","hubris:TenFootPole","Strawberry","ReplayTheSpireMod:ShopPack","AT_MibuBalloonWealth","ArrowTower","BirthdayGift-Tetrahedron","PageOfSnowWhitesApple","Shovel","CeramicFish","Whetstone","MostiFishMod:Hod","Happy Flower","Mercury Hourglass","MetatronsCube","Juzu Bracelet","Potion Belt","Chemical X","Centennial Puzzle","Vajra","testmod-CrystalShield","Shuriken","SynthV","Incense Burner","Mummified Hand","PageOfTheQueenOfHatred"],"acts_visited":["Exordium","TheCity","TheBeyond","TheEnding"],"potions_floor_usage":[7],"damage_taken":[{"damage":7,"enemies":"Jaw Worm","floor":1,"turns":3},{"damage":0,"enemies":"2 Louse","floor":2,"turns":1},{"damage":0,"enemies":"Cultist","floor":4,"turns":1},{"damage":16,"enemies":"Looter","floor":5,"turns":3},{"damage":39,"enemies":"3 Sentries","floor":7,"turns":7},{"damage":11,"enemies":"Red Slaver","floor":8,"turns":2},{"damage":0,"enemies":"Exordium Wildlife","floor":10,"turns":1},{"damage":0,"enemies":"Gremlin Nob","floor":11,"turns":3},{"damage":10,"enemies":"3 Sentries","floor":13,"turns":2},{"damage":11,"enemies":"Hexaghost","floor":16,"turns":6},{"damage":0,"enemies":"Spheric Guardian","floor":18,"turns":3},{"damage":0,"enemies":"Shell Parasite","floor":20,"turns":3},{"damage":0,"enemies":"Snecko","floor":22,"turns":3},{"damage":2,"enemies":"Snake Plant","floor":24,"turns":2},{"damage":2,"enemies":"Replay:Snechameleon","floor":25,"turns":2},{"damage":0,"enemies":"Shelled Parasite and Fungi","floor":27,"turns":1},{"damage":2,"enemies":"REME_1_Revenger","floor":28,"turns":2},{"damage":0,"enemies":"Snecko","floor":30,"turns":1},{"damage":3,"enemies":"RedHoodMercenary","floor":33,"turns":2},{"damage":0,"enemies":"Orb Walker","floor":35,"turns":1},{"damage":1,"enemies":"3 Shapes","floor":36,"turns":1},{"damage":0,"enemies":"Reptomancer","floor":40,"turns":1},{"damage":0,"enemies":"Jaw Worm Horde","floor":44,"turns":1},{"damage":2,"enemies":"Mind Bloom Boss Battle","floor":45,"turns":2},{"damage":1,"enemies":"3 Darklings","floor":46,"turns":1},{"damage":0,"enemies":"Replay:Hell Engine","floor":50,"turns":1},{"damage":0,"enemies":"Time Eater","floor":51,"turns":1},{"damage":0,"enemies":"Shield and Spear","floor":56,"turns":1},{"damage":16,"enemies":"The Heart","floor":57,"turns":3}],"seed_played":"3821702146324422272","potions_obtained":[{"floor":10,"key":"Explosive Potion"},{"floor":40,"key":"SpeedPotion"}],"is_trial":false,"path_per_floor":["M","M","$","M","M","R","E","M","T","M","E","R","E","?","R","B",null,"M","$","M","?","M","$","M","E","T","M","E","R","M","?","R","B",null,"M","M","?","$","?","E","R","$","T","M","?","M","?","$","R","B","B",null,null,"R","$","E","B",null],"character_chosen":"Librarian","items_purchased":["REME_WheelOfFate","aspiration:Lifesprig","hubris:HerbalPaste","Simple Rune","ShrineToMusic","PowerPotion","Elixir","hubris:TenFootPole","Strawberry","ReplayTheSpireMod:ShopPack","InnerArdor","Adrenaline Potion","AT_MibuBalloonWealth","ArrowTower","BirthdayGift-Tetrahedron","Unlock1","GutHarvesting","testmod-Superconductor","Happy Flower","Mercury Hourglass","MetatronsCube","Chemical X","Centennial Puzzle","Vajra","Adrenaline Potion","Energy Potion","Finesse","Shuriken","SynthV","MostiFishMod:MusicBox","Incense Burner","Mummified Hand"],"campfire_rested":0,"item_purchase_floors":[3,3,3,3,3,3,3,19,19,19,19,19,23,23,23,23,23,23,38,38,38,42,42,42,42,42,42,48,48,48,55,55],"current_hp_per_floor":[55,58,58,60,52,52,38,32,32,38,45,45,44,49,49,46,86,93,100,107,107,109,109,109,110,110,112,113,113,114,114,114,115,118,120,121,121,121,102,106,106,106,106,110,113,122,117,117,117,120,122,122,126,126,126,128,129],"gold":2623,"neow_bonus":"TEN_PERCENT_HP_BONUS","is_daily":false,"chose_seed":false,"campfire_upgraded":5,"win_rate":0.0,"timestamp":1609896403,"path_taken":["M","M","$","M","M","R","E","M","T","M","E","R","E","?","R","BOSS","M","$","M","?","?","$","M","E","T","M","E","R","M","?","R","BOSS","M","M","?","$","?","E","R","$","T","M","?","M","?","$","R","BOSS","BOSS","R","$","E","BOSS"],"items_purchased_type":["Card","Relic","Relic","Relic","Card","Potion","Potion","Relic","Relic","Relic","Card","Potion","Relic","Relic","Relic","Card","Card","Card","Relic","Relic","Relic","Relic","Relic","Relic","Potion","Potion","Card","Relic","Relic","Card","Relic","Relic"],"build_version":"2020-12-22","purchased_purges":11,"victory":true,"max_hp_per_floor":[67,68,68,71,72,72,73,80,80,81,90,90,91,91,91,99,99,100,107,108,108,109,109,110,111,111,112,113,113,114,114,114,119,119,120,121,121,121,121,122,122,122,122,123,124,125,125,125,125,126,127,127,127,127,127,128,129],"card_choices":[{"not_picked":["Multislash","EnergyCycle","MultiHit","Parry","SpearedSweep","GuardingStance","AsThePrescriptOrders","Disposal"],"picked":"UnforgettableMelody","floor":1},{"not_picked":["ForcefulGesture","Leap_lor","Clone","Diversion","SetFire","ClassAndRespect","MultiHit","QuickAttack","SpearedSweep","Thrust","DefenseOrder"],"picked":"SKIP","floor":2},{"not_picked":["DefenseOrder","Tailoring","Wallop_lor","ClassAndRespect","SharpNails","YoureTooSlow","Faith","SpearedSweep","TraceOfFumes","YourShield"],"picked":"PinpointShot","floor":4},{"not_picked":["QuickAttack","StartinOutLightly","MultiHit","Diversion","DefenseOrder","HighKick","HandleRequest","Standoff","FierceCharge","QuickSuppression"],"picked":"WillOfThePrescript","floor":5},{"not_picked":["EnergyCycle","NightInTheBackstreets","GroundSmash","DesperateStruggle","FrontalAssault","FeelinGood","SharpSwipe","SinglePointStab","Unlock1","Decapitation"],"picked":"Reload","floor":7},{"not_picked":["FeelinGood","Quickness","BlowItUp","DeepDrag","BurningFlash","SuppressingShot","EndlessBattle","MultiBlock","HandlingWork","Suppress"],"picked":"Multislash","floor":8},{"not_picked":["EnergyStrike","StrongStrike","FlowOfTheSword","AutomatedMovement","StructuralAnalysis","SharpenedBlade","Diversion","Parry","Pound","Quickness","BoundaryOfDeath"],"picked":"SKIP","floor":10},{"not_picked":["YouOnlyLiveOnce","PinpointShot","HiddenBlade","ButterflySlash","Rampage_lor","BurningFlash","ViolentFlame","MindCrush","QuickSuppression","Gigigig"],"picked":"Observe","floor":11},{"not_picked":["Overcharge","ClassAndRespect","SavageMode","InhaleSmoke","SpearedSweep","DevastatingThrash","SunsetBlade","LossOfSenses","BayonetCombat","ExtremeEdge","EnergyShield"],"picked":"SKIP","floor":13},{"not_picked":["Mutilate+1","Marionette","Unlock1","Reload","Faith+1","UnavoidableGaze","ForTheFamily","ClassAndRespect","AsThePrescriptOrders+1","GrazeTheGrass+1","SpearedSweep+1"],"picked":"SKIP","floor":18},{"not_picked":["Master of Strategy","testmod-AssimilatedRune","REME_ProfessionalPlagiarism","MostiFishMod:Mottled","MostiFishMod:KingOfFree","testmod-AdversityCounterattack","AT_EmpoweredMortalDraw","testmod-Wormhole","testmod-TradeIn","Sadistic Nature"],"picked":"testmod-Reverberation","floor":19},{"not_picked":["MostiFishMod:BrokenBlackCloak","testmod-AutoReboundSystem","Dramatic Entrance","testmod-PerfectCombo","Replay:Parry","testmod-HeadAttack","Panache","testmod-DeathImprint","REME_BodyOfCthun","Thinking Ahead"],"picked":"testmod-TradeIn","floor":19},{"not_picked":["Secret Weapon","testmod-Mystery","hubris:Insight","testmod-DisillusionmentEcho","testmod-PowerStrike","PanicButton","Violence","testmod-ConditionedReflex","REME_MagicPocketWatch","Panacea"],"picked":"Bandage Up","floor":19},{"not_picked":["WillOfThePrescript","Unlock1","Reload","Parry","Zzzzzap","Standoff+1","Multislash","ShockRound","FleetFootsteps","Gamble","AutomatedMovement"],"picked":"SKIP","floor":20},{"not_picked":["DarkCloud","Observe","StructuralAnalysis","BindingArms","Leap_lor","Reload","QuickAttack","EnergyStrike","GoinFirst","SunsetBlade+1","ViolentFlame"],"picked":"SKIP","floor":22},{"not_picked":["EnergyShield","RhinoRam","GrazeTheGrass","Juggling","DefenseOrder","AsThePrescriptOrders","PinpointShot","WaitUp+1","BayonetCombat","FleetFootsteps+1","HiddenBlade"],"picked":"SKIP","floor":24},{"not_picked":["AbsorbImpact","BoundaryOfDeath","ShockRound","ExtractFuel","GatherIntel","Multislash+1","Thirst+1","CombatPreparation","SpearedSweep","SilentNight"],"picked":"FrontalAssault+1","floor":25},{"not_picked":["QuickAttack","Decapitation","Marionette","WrathOfTorment","PreemptiveStrike","Outburst","MultiHit","ChopItOff","Multislash","SharpNails","GuidanceOfTheGears"],"picked":"SKIP","floor":27},{"not_picked":["WillOfThePrescript","Overpower","Reload","EnergyCycle","BayonetCombat","PinpointShot","Thirst","GoinFirst","HandleRequest","ICanCookAnything","AsThePrescriptOrders"],"picked":"SKIP","floor":28},{"not_picked":["EndlessBattle","SteelKnuckles","MultiHit","EnergyShield","Diversion","Castigation","Unlock1+1","Pound","BulkyImpact","NonstopAssault","OpportunitySpotted"],"picked":"SKIP","floor":30},{"not_picked":["TrashDisposal","ScratchThat","EmotionalTurbulence","Tttonst"],"picked":"CleanUp","floor":33},{"not_picked":["SunsetBlade","Wallop_lor+1","Punishment","HighKick","AbsorbImpact","Thirst+1","SharpSwipe+1","MultiBlock","QuickSuppression","Retaliate"],"picked":"Quickness","floor":35},{"not_picked":["BayonetCombat","Pound+1","TieShanKao","Quickness+1","DeepDrag","QuickSuppression","SuppressingShot","ElectricShock","GaleKick+1","CumulusWall","ClassAndRespect"],"picked":"SKIP","floor":36},{"not_picked":["EndlessBattle","GaleKick+1","InkOver","Tttonst","ReadyUp+1","Reload+1","FrontalAssault","YourShield+1","SinglePointStab","Feast","TraceOfFumes+1"],"picked":"SKIP","floor":40},{"not_picked":["ForcefulGesture","UpbeatPerformance","ClassAndRespect","Tailoring","AsThePrescriptOrders+1","SunsetBlade","FrontalAssault+1","Quickness","AssaultOrder","StructuralAnalysis","Diversion+1"],"picked":"SKIP","floor":44},{"not_picked":["SturdyDefense","DaringDecision","Thrust","EnergyCycle","ICanCookAnything","FaintMemories+1","HighKick","TraceOfFumes","FlyingSword+1","MultiHit","Wallop_lor"],"picked":"SKIP","floor":46},{"not_picked":["Outburst","TendonChords","HandleRequest","GrazeTheGrass","OpportunitySpotted","QuickAttack","YoureAHindrance","LossOfSenses","Rewind+1","GuidanceOfTheGears"],"picked":"Faith+1","floor":56}],"player_experience":1083405,"relics_obtained":[{"floor":1,"key":"SynthV:TestCard"},{"floor":7,"key":"Replay:Wax Seal"},{"floor":9,"key":"Ancient Tea Set"},{"floor":11,"key":"aspiration:HatOfInfinitePower"},{"floor":13,"key":"aspiration:FrozenJewel"},{"floor":25,"key":"PageOfSnowWhitesApple"},{"floor":26,"key":"Shovel"},{"floor":28,"key":"CeramicFish"},{"floor":29,"key":"Whetstone"},{"floor":39,"key":"Juzu Bracelet"},{"floor":40,"key":"Potion Belt"},{"floor":45,"key":"testmod-CrystalShield"},{"floor":56,"key":"PageOfTheQueenOfHatred"}],"event_choices":[{"damage_healed":0,"gold_gain":0,"cards_transformed":["LightAttack"],"player_choice":"Transformed","damage_taken":0,"max_hp_gain":0,"max_hp_loss":0,"event_name":"Transmorgrifier","floor":21,"gold_loss":0,"cards_obtained":["Preparation"]},{"cards_removed":["LightDefense"],"damage_healed":0,"gold_gain":0,"player_choice":"Purged","damage_taken":0,"max_hp_gain":0,"max_hp_loss":0,"event_name":"Purifier","floor":31,"gold_loss":0},{"damage_healed":0,"gold_gain":400,"player_choice":"Sell","damage_taken":0,"max_hp_gain":0,"max_hp_loss":0,"event_name":"恩洛斯的盘子","floor":37,"relics_lost":["REME_ComplimentaryCards"],"gold_loss":0},{"damage_healed":0,"gold_gain":0,"player_choice":"Fight","damage_taken":0,"max_hp_gain":0,"max_hp_loss":0,"event_name":"MindBloom","floor":45,"gold_loss":0},{"damage_healed":0,"gold_gain":0,"player_choice":"Memory 3","damage_taken":10,"max_hp_gain":0,"max_hp_loss":0,"event_name":"SensoryStone","floor":47,"gold_loss":0}],"is_beta":false,"boss_relics":[{"not_picked":["Painkiller Herb","Cursed Key"],"picked":"RhineSuit"},{"not_picked":["hubris:GrandSneckoEye","REME_LowDesire"],"picked":"MostiFishMod:Hod"}],"items_purged_floors":[3,3,3,3,19,19,19,19,23,23,42],"is_endless":false,"potions_floor_spawned":[4,10,16,18,20,30,40,45],"ascension_level":20}}