{"host":"p9t7qd83igtcp2bh","time":1609918001,"event":{"mods":["2.2 Compatiblity","AchievementEnabler","BaseMod","Colored Map","Colored Powertips","Custom Start","DeckTracker","Keyboard Shortcuts","Minty Spire (QoL Compilation)","Permanent Neow","Spicy Shops","StSLib","SuperFastMode","everything is the same but u backflip on backflip"],"gold_per_floor":[110,121,134,150,168,195,212,228,228,70,70,81,81,81,81,170,170,193,209,233,247,1,1,271,290,364,364,364,377,27,46,46,46,46],"floor_reached":33,"playtime":872,"items_purged":["Strike_B","Cold Snap"],"score":549,"play_id":"f163c3b1-081f-4bc1-bce9-98052ce463a7","local_time":"20210106162641","is_ascension_mode":true,"campfire_choices":[{"data":"Streamline","floor":11.0,"key":"SMITH"},{"data":"Hologram","floor":15,"key":"SMITH"},{"floor":23,"key":"REST"},{"floor":27,"key":"REST"},{"data":"Beam Cell","floor":32,"key":"SMITH"}],"circlet_count":0,"master_deck":["AscendersBane","Defend_B","Defend_B+1","Dualcast","Streamline+1","Steam","Leap","Go for the Eyes","Sweeping Beam","Hologram+1","Seek+1","Beam Cell+1","Rebound","Self Repair","Conserve Battery"],"relics":["Cracked Core","Meat on the Bone","Pantograph","TheAbacus","Golden Idol","Regal Pillow","Empty Cage","Potion Belt","Pear","Omamori","War Paint"],"acts_visited":["Exordium","TheCity"],"potions_floor_usage":[16,29,33],"damage_taken":[{"damage":4.0,"enemies":"Jaw Worm","floor":1.0,"turns":3.0},{"damage":2.0,"enemies":"2 Louse","floor":2.0,"turns":2.0},{"damage":1.0,"enemies":"Cultist","floor":3.0,"turns":4.0},{"damage":0.0,"enemies":"Large Slime","floor":4.0,"turns":5.0},{"damage":2.0,"enemies":"Blue Slaver","floor":5.0,"turns":3.0},{"damage":23.0,"enemies":"Gremlin Nob","floor":6.0,"turns":4.0},{"damage":6.0,"enemies":"2 Fungi Beasts","floor":7.0,"turns":4.0},{"damage":6.0,"enemies":"Exordium Wildlife","floor":8.0,"turns":5.0},{"damage":0.0,"enemies":"Red Slaver","floor":12.0,"turns":3.0},{"damage":0,"enemies":"The Guardian","floor":16,"turns":10},{"damage":0,"enemies":"Shell Parasite","floor":18,"turns":5},{"damage":1,"enemies":"Spheric Guardian","floor":19,"turns":3},{"damage":24,"enemies":"Snecko","floor":20,"turns":7},{"damage":19,"enemies":"Snake Plant","floor":21,"turns":5},{"damage":19,"enemies":"Cultist and Chosen","floor":25,"turns":8},{"damage":13,"enemies":"Snecko","floor":29,"turns":6},{"damage":14,"enemies":"3 Cultists","floor":31,"turns":5},{"damage":108,"enemies":"Collector","floor":33,"turns":10}],"seed_played":"6476805929753938214","potions_obtained":[{"floor":1.0,"key":"Block Potion"},{"floor":5.0,"key":"CultistPotion"},{"floor":7.0,"key":"FocusPotion"},{"floor":21,"key":"DistilledChaos"},{"floor":25,"key":"FairyPotion"}],"is_trial":false,"path_per_floor":["M","M","M","M","M","E","M","M","T","$","R","M","?","?","R","B",null,"M","M","M","M","$","R","?","M","T","R","?","M","$","M","R","B"],"character_chosen":"DEFECT","items_purchased":["TheAbacus","Potion Belt","Omamori","War Paint"],"campfire_rested":2,"item_purchase_floors":[10,22,30,30],"current_hp_per_floor":[42,40,39,39,37,14,20,26,26,26,26,38,38,20,20,45,59,59,58,34,27,27,61,34,27,37,74,74,61,61,54,54,0,0],"gold":46,"neow_bonus":"REMOVE_TWO","is_daily":false,"chose_seed":false,"campfire_upgraded":3,"win_rate":0.0,"timestamp":1609918001,"path_taken":["M","M","M","M","M","E","M","M","T","$","R","M","?","?","R","BOSS","M","M","M","M","$","R","?","?","T","R","?","M","$","M","R","BOSS"],"items_purchased_type":["Relic","Relic","Relic","Relic"],"build_version":"2020-12-22","purchased_purges":2,"victory":false,"max_hp_per_floor":[71,71,71,71,71,71,71,71,71,71,71,71,64,64,64,64,64,64,64,64,64,64,64,64,64,74,74,74,74,74,74,74,74,74],"card_choices":[{"not_picked":["Blizzard","Hologram"],"picked":"Streamline","floor":1.0},{"not_picked":["Barrage","Defragment"],"picked":"Steam","floor":2.0},{"not_picked":["Stack","Turbo","Steam"],"picked":"SKIP","floor":3.0},{"not_picked":["Defragment","Steam Power"],"picked":"Leap","floor":4.0},{"not_picked":["Leap","Conserve Battery","Reboot"],"picked":"SKIP","floor":5.0},{"not_picked":["Fusion","Lockon","Cold Snap"],"picked":"SKIP","floor":6.0},{"not_picked":["Beam Cell","Conserve Battery"],"picked":"Go for the Eyes","floor":7.0},{"not_picked":["Capacitor","Steam"],"picked":"Sweeping Beam","floor":8.0},{"not_picked":["Stack","Force Field"],"picked":"Hologram","floor":12.0},{"not_picked":["Amplify","Biased Cognition"],"picked":"Seek","floor":16},{"not_picked":["Force Field","Turbo","Cold Snap"],"picked":"SKIP","floor":18},{"not_picked":["Heatsinks","Hologram","Conserve Battery"],"picked":"SKIP","floor":19},{"not_picked":["Sweeping Beam+1","Scrape"],"picked":"Beam Cell","floor":20},{"not_picked":["Defragment","Doom and Gloom","Gash"],"picked":"SKIP","floor":21},{"not_picked":["Turbo","Steam"],"picked":"Rebound","floor":25},{"not_picked":["Redo+1","Amplify","Storm"],"picked":"SKIP","floor":29},{"not_picked":["Cold Snap","Streamline"],"picked":"Conserve Battery","floor":31}],"player_experience":599958,"relics_obtained":[{"floor":6.0,"key":"Meat on the Bone"},{"floor":9.0,"key":"Pantograph"},{"floor":26,"key":"Pear"}],"event_choices":[{"damage_healed":0.0,"max_hp_gain":0.0,"max_hp_loss":7.0,"gold_gain":0.0,"event_name":"Golden Idol","player_choice":"Lose Max HP","floor":13.0,"gold_loss":0.0,"damage_taken":0.0,"relics_obtained":["Golden Idol"]},{"damage_healed":0,"gold_gain":0,"player_choice":"Success","damage_taken":18,"relics_obtained":["Regal Pillow"],"max_hp_gain":0,"max_hp_loss":0,"event_name":"Scrap Ooze","floor":14,"gold_loss":0},{"damage_healed":0,"gold_gain":270,"player_choice":"GOLD GOLD GOLD ","damage_taken":27,"max_hp_gain":0,"max_hp_loss":0,"event_name":"Knowing Skull","floor":24,"potions_obtained":[],"gold_loss":0,"cards_obtained":[]},{"damage_healed":0,"gold_gain":0,"cards_transformed":["Defend_B","Zap"],"player_choice":"Became Test Subject","damage_taken":0,"max_hp_gain":0,"max_hp_loss":0,"event_name":"Drug Dealer","floor":28,"gold_loss":0,"cards_obtained":["Cold Snap","Self Repair"]}],"is_beta":false,"boss_relics":[{"not_picked":["Ectoplasm","Runic Dome"],"picked":"Empty Cage"}],"items_purged_floors":[22,30],"is_endless":false,"potions_floor_spawned":[1,5,7,12,21,25],"killed_by":"Collector","ascension_level":16}}