{"host":"a0paspe0zwqgzttz","time":1609899245,"event":{"mods":["AchievementEnabler","Act Like it!","BaseMod","BetterRewards","Colored Powertips","Conspire","Downfall","GifTheSpireLib","Hermit","Highlight Path","Lobotomy","Marisa????????","Minty Spire (QoL Compilation)","Quick Restart","Replay The Spire","Robot Space Explorer","Shop Mod","StSLib","SuperFastMode","The Bug Knight","The Construct","The Cursed","The Hierophant","The Jungle","The Mystic","The Necromancer","The Runesmith","The Senshi","The Servant 0.9.4"],"gold_per_floor":[369,369,369,379,435,454,454,162,189,89,132,160,85,105,105,137,137],"floor_reached":16,"playtime":411,"items_purged":[],"score":92,"play_id":"0857ec62-95b4-4ce7-8310-41d6bb71e98d","local_time":"20210105211405","is_ascension_mode":false,"campfire_choices":[{"data":"hermit:Midnight","floor":7,"key":"SMITH"},{"data":"hermit:Maintenance","floor":15,"key":"SMITH"}],"circlet_count":0,"master_deck":["hermit:Strike_Hermit","hermit:Strike_Hermit","hermit:Strike_Hermit","hermit:Strike_Hermit","hermit:Defend_Hermit","hermit:Defend_Hermit","hermit:Defend_Hermit","hermit:Defend_Hermit","hermit:Snapshot","hermit:Covet+1","hermit:Manifest+1","hermit:Midnight+1","hermit:Quickdraw","Replay:SS_hec_4","hermit:CalledShot","conspire:SpireCoStock","conspire:SpireCoStock","hermit:Midnight","hermit:Manifest","hermit:Maintenance+1","hermit:Malice"],"relics":["hermit:Momento","Tiny Chest"],"acts_visited":["Exordium"],"potions_floor_usage":[16,16],"damage_taken":[{"damage":5,"enemies":"Small Slimes","floor":1,"turns":3},{"damage":0,"enemies":"Jaw Worm","floor":4,"turns":3},{"damage":0,"enemies":"Cultist","floor":6,"turns":4},{"damage":11,"enemies":"Large Slime","floor":11,"turns":5},{"damage":0,"enemies":"2 Fungi Beasts","floor":12,"turns":2},{"damage":12,"enemies":"Gremlin Gang","floor":14,"turns":5},{"damage":42,"enemies":"Hexaghost","floor":16,"turns":8}],"seed_played":"1720215329286310289","potions_obtained":[{"floor":12,"key":"hermit:BlackBile"},{"floor":14,"key":"Explosive Potion"}],"is_trial":false,"path_per_floor":["M","?","?","M","?","M","R","$","T","?","M","M","$","M","R","B"],"character_chosen":"HERMIT","items_purchased":["Replay:SS_hec_4","Tiny Chest","hermit:CalledShot","hermit:Maintenance"],"campfire_rested":0,"item_purchase_floors":[8,8,8,13],"current_hp_per_floor":[63,63,63,63,63,63,63,63,63,63,52,52,52,40,40,0,0],"gold":137,"neow_bonus":"TWO_FIFTY_GOLD","is_daily":false,"chose_seed":false,"campfire_upgraded":2,"win_rate":0.0,"timestamp":1609899245,"path_taken":["M","?","?","?","?","M","R","$","T","?","M","M","$","M","R","BOSS"],"items_purchased_type":["Card","Relic","Card","Card"],"build_version":"2020-12-22","purchased_purges":0,"victory":false,"max_hp_per_floor":[68,68,68,68,68,68,68,68,68,68,68,68,68,68,68,68,68],"card_choices":[{"not_picked":["hermit:Feint","hermit:Vantage"],"picked":"hermit:Manifest","floor":1},{"not_picked":["hermit:Ricochet","hermit:Quickdraw"],"picked":"hermit:Midnight","floor":4},{"not_picked":["hermit:Roulette","hermit:Snipe"],"picked":"hermit:Quickdraw","floor":6},{"not_picked":["hermit:Dive","hermit:TrackingShot"],"picked":"hermit:Midnight","floor":11},{"not_picked":["hermit:HoleUp","hermit:NoHoldsBarred"],"picked":"hermit:Manifest","floor":12},{"not_picked":["hermit:Scavenge","hermit:FinalCanter"],"picked":"hermit:Malice","floor":14}],"player_experience":388298,"relics_obtained":[],"event_choices":[{"damage_healed":0,"gold_gain":0,"player_choice":"Grow","damage_taken":0,"max_hp_gain":0,"max_hp_loss":0,"event_name":"Living Wall","floor":2,"gold_loss":0,"cards_upgraded":["hermit:Manifest"]},{"damage_healed":0,"gold_gain":0,"player_choice":"Upgraded","damage_taken":0,"max_hp_gain":0,"max_hp_loss":0,"event_name":"Upgrade Shrine","floor":3,"gold_loss":0,"cards_upgraded":["hermit:Covet"]},{"damage_healed":0,"gold_gain":56,"player_choice":"Gained Gold","damage_taken":0,"max_hp_gain":0,"max_hp_loss":0,"event_name":"Golden Wing","floor":5,"gold_loss":0},{"damage_healed":0,"gold_gain":0,"player_choice":"Invest 2","damage_taken":0,"max_hp_gain":0,"max_hp_loss":0,"event_name":"conspire:Investor","floor":10,"gold_loss":0}],"is_beta":false,"boss_relics":[],"items_purged_floors":[],"is_endless":false,"potions_floor_spawned":[12,14],"killed_by":"Hexaghost","ascension_level":0}}