{"host":"788p3pvxhs5s9n7p","time":1609963994,"event":{"mods":["AchievementEnabler","BaseMod","Downfall","Minty Spire (QoL Compilation)","Replay The Spire","StSLib"],"gold_per_floor":[99,99,99,99,99,99,151,198,210,256,294,337,349,118,136,240,240,240,256,266,279,279,479,479,123,151,163,180,195,195,61,71,167,167,167,179,229,239,89,89,113,139,139,184,211,211,238,287,315,329],"floor_reached":51,"playtime":3650,"items_purged":["Slimebound:Strike_Slimebound","Slimebound:Tackle","Slimebound:Defend_Slimebound","Slimebound:Defend_Slimebound"],"score":768,"play_id":"d08853f1-ce4b-4e23-8171-fb3a95430d2c","local_time":"20210106141314","is_ascension_mode":false,"campfire_choices":[{"data":"Slimebound:CorrosiveSpit","floor":1,"key":"SMITH"},{"data":"Slimebound:LevelUp","floor":9,"key":"SMITH"},{"data":"Slimebound:Equalize","floor":13,"key":"SMITH"},{"data":"Slimebound:SlimeSlap","floor":18,"key":"SMITH"},{"data":"Slimebound:SplitMire","floor":35,"key":"SMITH"},{"data":"Slimebound:WasteNot","floor":43,"key":"SMITH"},{"data":"Slimebound:DouseInSlime","floor":46,"key":"SMITH"}],"circlet_count":0,"master_deck":["Slimebound:Defend_Slimebound","Slimebound:Defend_Slimebound","Slimebound:Split","Slimebound:CorrosiveSpit+1","Slimebound:LevelUp+1","Slimebound:SplitMire+1","Slimebound:RejuvenatingLick","Slimebound:MegaLick","Slimebound:OneTwoCombo","Slimebound:Equalize+1","Slimebound:Schlurp","Slimebound:SplitMire","Slimebound:WasteNot+1","Slimebound:RejuvenatingLick","Slimebound:SlimeSlap+1","Slimebound:MegaLick","Slimebound:AcidTongue","Slimebound:LivingWall+1","Slimebound:Tackle+1","Slimebound:Tackle+1","Slimebound:Tackle+1","Slimebound:SplitMire","Slimebound:GoopSpray","Slimebound:SpikyOuterGoop","Slimebound:SplitMire+1","Slimebound:OneTwoCombo","Slimebound:SamplingLick+1","Slimebound:Equalize+1","Slimebound:AcidTongue","Slimebound:DouseInSlime+1"],"relics":["Slimebound:AbsorbEndCombat","downfall:HeartsMalice","Gambling Chip","MawBank","Lantern","Bag of Preparation","Odd Mushroom","Question Card","Runic Pyramid","Meat on the Bone","Bottled Tornado","HornCleat","StoneCalendar","Philosopher\u0027s Stone","FossilizedHelix","Replay:Bandana","Pen Nib","Gremlin Horn"],"acts_visited":["Exordium","TheCity","TheBeyond"],"potions_floor_usage":[10,12,16,19,21,25,29,36,44,50],"damage_taken":[{"damage":0,"enemies":"2 Louse","floor":2,"turns":1},{"damage":0,"enemies":"Small Slimes","floor":3,"turns":1},{"damage":0,"enemies":"Jaw Worm","floor":4,"turns":1},{"damage":30,"enemies":"Lagavulin","floor":8,"turns":5},{"damage":39,"enemies":"Gremlin Nob","floor":10,"turns":4},{"damage":10,"enemies":"The Mushroom Lair","floor":11,"turns":3},{"damage":29,"enemies":"3 Sentries","floor":12,"turns":4},{"damage":16,"enemies":"downfall:FleeingMerchant","floor":14,"turns":4},{"damage":19,"enemies":"Exordium Thugs","floor":15,"turns":2},{"damage":74,"enemies":"downfall:Defect","floor":16,"turns":5},{"damage":22,"enemies":"Shell Parasite","floor":19,"turns":2},{"damage":19,"enemies":"Sentry and Sphere","floor":20,"turns":3},{"damage":10,"enemies":"Snake Plant","floor":21,"turns":2},{"damage":8,"enemies":"downfall:FleeingMerchant","floor":25,"turns":4},{"damage":51,"enemies":"Gremlin Leader","floor":26,"turns":4},{"damage":33,"enemies":"Centurion and Healer","floor":27,"turns":5},{"damage":29,"enemies":"Cultist and Chosen","floor":28,"turns":3},{"damage":12,"enemies":"Snake Plant","floor":29,"turns":3},{"damage":12,"enemies":"downfall:FleeingMerchant","floor":31,"turns":2},{"damage":12,"enemies":"Snecko","floor":32,"turns":2},{"damage":49,"enemies":"downfall:Silent","floor":33,"turns":5},{"damage":4,"enemies":"Orb Walker","floor":36,"turns":2},{"damage":43,"enemies":"2 Orb Walkers","floor":37,"turns":3},{"damage":4,"enemies":"3 Shapes","floor":38,"turns":2},{"damage":11,"enemies":"3 Darklings","floor":42,"turns":3},{"damage":45,"enemies":"Giant Head","floor":44,"turns":6},{"damage":8,"enemies":"Sphere and 2 Shapes","floor":45,"turns":3},{"damage":13,"enemies":"Maw","floor":47,"turns":4},{"damage":14,"enemies":"R_Hoarder","floor":48,"turns":4},{"damage":25,"enemies":"3 Darklings","floor":49,"turns":3},{"damage":17,"enemies":"downfall:Watcher","floor":50,"turns":5}],"seed_played":"-6170065676365386690","potions_obtained":[{"floor":8,"key":"Explosive Potion"},{"floor":11,"key":"champ:CounterPotion"},{"floor":15,"key":"Death Potion"},{"floor":16,"key":"PowerPotion"},{"floor":19,"key":"Fire Potion"},{"floor":20,"key":"LifebloodPotion"},{"floor":21,"key":"FairyPotion"},{"floor":28,"key":"Weak Potion"},{"floor":29,"key":"Swift Potion"},{"floor":32,"key":"Elixir"},{"floor":37,"key":"Fire Potion"},{"floor":44,"key":"DuplicationPotion"}],"is_trial":false,"path_per_floor":["R","M","M","M","?","?","T","E","R","E","?","E","R","$","M","B",null,"R","M","M","M","?","?","T","$","E","M","M","M","T","$","M","B",null,"R","M","?","M","$","?","T","M","R","E","M","R","M","E","M","B",null],"character_chosen":"SLIMEBOUND","items_purchased":["Slimebound:WasteNot","Bottled Tornado","Slimebound:SpikyOuterGoop","StoneCalendar"],"campfire_rested":0,"item_purchase_floors":[14,25,31,31],"current_hp_per_floor":[60,60,60,60,60,48,48,44,44,27,39,44,44,60,57,15,60,60,58,57,60,60,60,60,60,45,58,60,60,60,60,60,51,60,60,60,56,60,60,60,60,60,60,60,60,60,60,60,60,60],"gold":329,"neow_bonus":"THREE_ENEMY_KILL","is_daily":false,"chose_seed":false,"campfire_upgraded":7,"win_rate":0.0,"timestamp":1609963994,"path_taken":["R","M","M","M","?","?","T","E","R","E","?","E","R","$","M","BOSS","R","M","M","M","?","?","T","$","E","M","?","M","?","$","M","BOSS","R","M","?","M","$","?","T","M","R","E","M","R","M","E","M","BOSS"],"items_purchased_type":["Card","Relic","Card","Relic"],"build_version":"2020-12-22","purchased_purges":4,"victory":true,"max_hp_per_floor":[60,60,60,60,60,60,60,60,60,60,60,60,60,60,60,60,60,60,60,60,60,60,60,60,60,60,60,60,60,60,60,60,60,60,60,60,60,60,60,60,60,60,60,60,60,60,60,60,60,60],"card_choices":[{"not_picked":["Slimebound:SplitBruiser","Slimebound:HauntingLick"],"picked":"Slimebound:LevelUp","floor":2},{"not_picked":["Slimebound:LeechingTouch","Slimebound:SplitLeeching"],"picked":"Slimebound:SplitMire","floor":3},{"not_picked":["Slimebound:SplitBruiser","Slimebound:SplitMire"],"picked":"Slimebound:RejuvenatingLick","floor":4},{"not_picked":["Slimebound:RollThrough","Slimebound:LeechEnergy"],"picked":"Slimebound:MegaLick","floor":8},{"not_picked":["Slimebound:Nibble","Slimebound:SplitMire"],"picked":"Slimebound:OneTwoCombo","floor":10},{"not_picked":["Slimebound:ViciousTackle","Slimebound:Nibble"],"picked":"Slimebound:Equalize","floor":11},{"not_picked":["Slimebound:BestDefense","Slimebound:SlimeSpikes"],"picked":"Slimebound:Schlurp","floor":12},{"not_picked":["Slimebound:ComboTackle","Slimebound:Chomp","Slimebound:SplitLeeching"],"picked":"Slimebound:SplitMire","floor":14},{"not_picked":["Slimebound:BestDefense","Slimebound:Chomp","Slimebound:SamplingLick"],"picked":"Slimebound:RejuvenatingLick","floor":15},{"not_picked":["Slimebound:SelfFormingGoo","Slimebound:MassFeed","Slimebound:PrepareCrush"],"picked":"Slimebound:SlimeSlap","floor":16},{"not_picked":["Slimebound:SplitAcid","Slimebound:SlimeSpikes","Slimebound:Chomp"],"picked":"Slimebound:MegaLick","floor":19},{"not_picked":["Slimebound:SplitMire","Slimebound:LeechingTouch","Slimebound:Nibble"],"picked":"Slimebound:AcidTongue","floor":20},{"not_picked":["Slimebound:LeechingTouch","Slimebound:PressTheAttack","Slimebound:SplitBruiser"],"picked":"Slimebound:LivingWall+1","floor":21},{"not_picked":["Slimebound:SpikyOuterGoop","Slimebound:PrepareCrush","Slimebound:RollThrough","Slimebound:SlimeSpikes"],"picked":"SKIP","floor":25},{"not_picked":["Slimebound:SplitLeeching","Slimebound:SplitBruiser+1","Slimebound:Replication","Slimebound:ProtectTheBoss"],"picked":"SKIP","floor":26},{"not_picked":["Slimebound:RejuvenatingLick","Slimebound:GrowthPunch+1","Slimebound:LeechEnergy+1"],"picked":"Slimebound:SplitMire","floor":27},{"not_picked":["Slimebound:GoopTackle","Slimebound:GrowthPunch","Slimebound:LeechEnergy+1"],"picked":"Slimebound:GoopSpray","floor":28},{"not_picked":["Slimebound:DisruptingSlam","Slimebound:TongueLash","Slimebound:FlameTackle+1","Slimebound:SplitLeeching"],"picked":"SKIP","floor":29},{"not_picked":["Slimebound:GoopTackle","Slimebound:SlimeSpikes","Slimebound:GrowthPunch","Slimebound:LeechingTouch"],"picked":"SKIP","floor":31},{"not_picked":["Slimebound:RainOfGoop","Slimebound:PressTheAttack","Slimebound:SlimeSpikes+1"],"picked":"Slimebound:SplitMire+1","floor":32},{"not_picked":["Slimebound:WasteNot","Slimebound:DuplicatedForm","Slimebound:Teamwork"],"picked":"Slimebound:OneTwoCombo","floor":33},{"not_picked":["Slimebound:RollThrough","Slimebound:SplitBruiser","Slimebound:Equalize"],"picked":"Slimebound:SamplingLick+1","floor":36},{"not_picked":["Slimebound:FinishingTackle","Slimebound:FirmFortitude","Slimebound:RollThrough"],"picked":"Slimebound:Equalize+1","floor":37},{"not_picked":["Slimebound:LeechEnergy+1","Slimebound:SelfFormingGoo","Slimebound:Schlurp+1"],"picked":"Slimebound:AcidTongue","floor":38},{"not_picked":["Slimebound:SplitMire","Slimebound:Schlurp","Slimebound:FlameTackle","Slimebound:SplitAcid+1"],"picked":"SKIP","floor":42},{"not_picked":["Slimebound:SlimeSlap","Slimebound:GrowthPunch+1","Slimebound:TongueLash+1"],"picked":"Slimebound:DouseInSlime","floor":44},{"not_picked":["Slimebound:GrowthPunch","Slimebound:FinishingTackle","Slimebound:ViciousTackle","Slimebound:SlimeSpikes"],"picked":"SKIP","floor":45},{"not_picked":["Slimebound:BestDefense+1","Slimebound:SplitMire+1","Slimebound:Dissolve+1","Slimebound:PressTheAttack+1"],"picked":"SKIP","floor":47},{"not_picked":["Slimebound:GrowthPunch+1","Slimebound:PressTheAttack+1","Slimebound:SplitAcid+1","Slimebound:SamplingLick"],"picked":"SKIP","floor":48},{"not_picked":["Slimebound:SlimeBrawl+1","Slimebound:SplitAcid","Slimebound:Prepare+1","Slimebound:LivingWall"],"picked":"SKIP","floor":49}],"player_experience":151555,"relics_obtained":[{"floor":7,"key":"MawBank"},{"floor":8,"key":"Lantern"},{"floor":10,"key":"Bag of Preparation"},{"floor":11,"key":"Odd Mushroom"},{"floor":12,"key":"Question Card"},{"floor":24,"key":"Meat on the Bone"},{"floor":26,"key":"HornCleat"},{"floor":37,"key":"FossilizedHelix"},{"floor":41,"key":"Replay:Bandana"},{"floor":44,"key":"Pen Nib"},{"floor":48,"key":"Gremlin Horn"}],"event_choices":[{"damage_healed":0,"gold_gain":0,"player_choice":"Success","damage_taken":12,"relics_obtained":["Gambling Chip"],"max_hp_gain":0,"max_hp_loss":0,"event_name":"Scrap Ooze","floor":6,"gold_loss":0},{"damage_healed":0,"gold_gain":0,"player_choice":"Fought Mushrooms","damage_taken":0,"max_hp_gain":0,"max_hp_loss":0,"event_name":"Mushrooms","floor":11,"gold_loss":0},{"damage_healed":0,"gold_gain":200,"player_choice":"Gold","damage_taken":0,"max_hp_gain":0,"max_hp_loss":0,"event_name":"Wheel of Change","floor":23,"gold_loss":0},{"damage_healed":0,"gold_gain":0,"player_choice":"Fight","damage_taken":0,"max_hp_gain":0,"max_hp_loss":0,"event_name":"Mysterious Sphere","floor":37,"gold_loss":0}],"is_beta":false,"boss_relics":[{"not_picked":["Empty Cage","Busted Crown"],"picked":"Runic Pyramid"},{"not_picked":["Slimebound:TarBlob","Runic Dome"],"picked":"Philosopher\u0027s Stone"}],"items_purged_floors":[14,25,31,39],"is_endless":false,"potions_floor_spawned":[8,11,15,16,19,20,21,28,29,32,37,42,44,47],"ascension_level":0}}