{"host":"6gnv7me3tk2udb7q","time":1609954075,"event":{"mods":["BaseMod","Bestiary","Colored Map","Minty Spire (QoL Compilation)"],"gold_per_floor":[114,132,32,32,45,45,75,75,99,99,99,110,127,127,127],"floor_reached":14,"playtime":573,"items_purged":[],"score":116,"play_id":"1519066b-9c4c-4662-9589-7df2463ee3c6","local_time":"20210106122755","is_ascension_mode":true,"campfire_choices":[{"data":"Coolheaded","floor":6,"key":"SMITH"},{"data":"Melter","floor":8,"key":"SMITH"},{"data":"Conserve Battery","floor":10,"key":"SMITH"}],"circlet_count":0,"master_deck":["Strike_B","Strike_B","Strike_B","Strike_B","Defend_B","Defend_B","Defend_B","Defend_B","Zap","Dualcast","Coolheaded+1","Melter+1","Regret","Conserve Battery+1","Barrage","Go for the Eyes","BootSequence"],"relics":["Coffee Dripper","Pantograph","Odd Mushroom","Lantern","FossilizedHelix"],"acts_visited":["Exordium"],"potions_floor_usage":[3],"damage_taken":[{"damage":3,"enemies":"Jaw Worm","floor":1,"turns":4},{"damage":6,"enemies":"Small Slimes","floor":2,"turns":4},{"damage":5,"enemies":"Cultist","floor":5,"turns":4},{"damage":18,"enemies":"The Mushroom Lair","floor":7,"turns":6},{"damage":1,"enemies":"Exordium Thugs","floor":12,"turns":3},{"damage":16,"enemies":"Gremlin Gang","floor":13,"turns":5},{"damage":49,"enemies":"Gremlin Nob","floor":14,"turns":5}],"seed_played":"-7253247052815268106","potions_obtained":[{"floor":1,"key":"DistilledChaos"},{"floor":13,"key":"Ancient Potion"}],"is_trial":false,"path_per_floor":["M","M","$","?","M","R","?","R","T","R","?","M","M","E"],"character_chosen":"DEFECT","items_purchased":["Fruit Juice"],"campfire_rested":0,"item_purchase_floors":[3],"current_hp_per_floor":[65,59,64,64,59,59,41,41,41,41,41,40,24,0,0],"gold":127,"neow_bonus":"BOSS_RELIC","is_daily":false,"chose_seed":false,"campfire_upgraded":3,"win_rate":0.0,"timestamp":1609954075,"path_taken":["M","M","$","?","M","R","?","R","T","R","?","M","M","E"],"items_purchased_type":["Potion"],"build_version":"2020-12-22","purchased_purges":0,"victory":false,"max_hp_per_floor":[75,75,80,80,80,80,80,80,80,80,80,80,80,80,80],"card_choices":[{"not_picked":["Compile Driver","Recycle"],"picked":"Coolheaded","floor":1},{"not_picked":["Double Energy","Auto Shields"],"picked":"Melter","floor":2},{"not_picked":["Barrage","Heatsinks"],"picked":"Conserve Battery","floor":5},{"not_picked":["Leap","Conserve Battery"],"picked":"Barrage","floor":7},{"not_picked":["Barrage","Streamline"],"picked":"Go for the Eyes","floor":12},{"not_picked":["Conserve Battery","Streamline"],"picked":"BootSequence","floor":13}],"player_experience":619301,"relics_obtained":[{"floor":7,"key":"Odd Mushroom"},{"floor":9,"key":"Lantern"}],"event_choices":[{"damage_healed":0,"gold_gain":0,"player_choice":"Box","damage_taken":0,"relics_obtained":["Pantograph"],"max_hp_gain":0,"max_hp_loss":0,"event_name":"Big Fish","floor":4,"gold_loss":0,"cards_obtained":["Regret"]},{"damage_healed":0,"gold_gain":0,"player_choice":"Fought Mushrooms","damage_taken":0,"max_hp_gain":0,"max_hp_loss":0,"event_name":"Mushrooms","floor":7,"gold_loss":0},{"damage_healed":0,"gold_gain":0,"player_choice":"Gave Potion","damage_taken":0,"relics_obtained":["FossilizedHelix"],"max_hp_gain":0,"max_hp_loss":0,"event_name":"WeMeetAgain","floor":11,"gold_loss":0}],"is_beta":false,"boss_relics":[],"items_purged_floors":[],"is_endless":false,"potions_floor_spawned":[1,13],"killed_by":"Gremlin Nob","ascension_level":9}}