{"host":"hca6liskeo7s99fa","time":1609972905,"event":{"mods":["BaseMod","Downfall","Hermit","Minty Spire (QoL Compilation)","Replay The Spire","StSLib","The Cursed","The Dragon Tamer","The Servant 0.9.4"],"gold_per_floor":[113,113,63,82,100,129,129,129,129,140,158,192,203,203,203,229,229,229,229],"floor_reached":18,"playtime":1281,"items_purged":[],"score":132,"play_id":"834e5e4e-e163-4b77-a363-b2ff02dd56a0","local_time":"20210106174145","is_ascension_mode":false,"campfire_choices":[{"data":"hermit:Showdown","floor":7,"key":"SMITH"},{"data":"hermit:Combo","floor":17,"key":"SMITH"}],"circlet_count":0,"master_deck":["hermit:Strike_Hermit","hermit:Strike_Hermit","hermit:Strike_Hermit","hermit:Strike_Hermit","hermit:Defend_Hermit","hermit:Defend_Hermit","hermit:Defend_Hermit","hermit:Defend_Hermit","hermit:Snapshot","hermit:Covet","hermit:Showdown+1","hermit:Headshot","hermit:Cheat","hermit:Combo+1","hermit:Grudge","hermit:HeroicBravado","hermit:FullyLoaded","hermit:HighCaliber","hermit:TakeAim","hermit:CalledShot"],"relics":["hermit:Momento","NeowsBlessing","Letter Opener","Bag of Marbles","Mummified Hand","The Courier"],"acts_visited":["Exordium"],"potions_floor_usage":[6,6,6,16,16,18],"damage_taken":[{"damage":0,"enemies":"2 Louse","floor":1,"turns":1},{"damage":0,"enemies":"Cultist","floor":4,"turns":1},{"damage":0,"enemies":"Jaw Worm","floor":5,"turns":1},{"damage":49,"enemies":"Lagavulin","floor":6,"turns":8},{"damage":2,"enemies":"3 Louse","floor":10,"turns":2},{"damage":29,"enemies":"Gremlin Gang","floor":11,"turns":4},{"damage":6,"enemies":"Replay:BlueRogue","floor":12,"turns":5},{"damage":1,"enemies":"Looter","floor":13,"turns":2},{"damage":13,"enemies":"Lagavulin","floor":16,"turns":3},{"damage":24,"enemies":"Hexaghost","floor":18,"turns":9}],"seed_played":"-6971276226638210615","potions_obtained":[{"floor":1,"key":"PowerPotion"},{"floor":2,"key":"DistilledChaos"},{"floor":2,"key":"Dexterity Potion"},{"floor":12,"key":"champ:CounterPotion"},{"floor":13,"key":"DistilledChaos"},{"floor":16,"key":"DuplicationPotion"}],"is_trial":false,"path_per_floor":["M","?","$","M","M","E","R","?","T","M","M","E","M","PTL","PTL","E","R","B"],"character_chosen":"HERMIT","items_purchased":["hermit:Headshot"],"campfire_rested":0,"item_purchase_floors":[3],"current_hp_per_floor":[75,75,75,75,75,26,26,75,75,73,44,38,37,37,37,24,24,0,0],"gold":229,"neow_bonus":"THREE_ENEMY_KILL","is_daily":false,"chose_seed":false,"campfire_upgraded":2,"win_rate":0.0,"timestamp":1609972905,"path_taken":["M","?","?","?","M","E","R","?","T","M","M","E","?","PTL","PTL","E","R","BOSS"],"items_purchased_type":["Card"],"build_version":"2020-12-22","purchased_purges":0,"victory":false,"max_hp_per_floor":[75,75,75,75,75,75,75,75,75,75,75,75,75,75,75,75,75,75,75],"card_choices":[{"not_picked":["hermit:LoneWolf","hermit:LowProfile"],"picked":"hermit:Showdown","floor":1},{"not_picked":["hermit:Manifest","hermit:SprayPray"],"picked":"hermit:Cheat","floor":4},{"not_picked":["hermit:Manifest","hermit:Malice"],"picked":"hermit:Combo","floor":5},{"not_picked":["hermit:Maintenance","hermit:LowProfile"],"picked":"hermit:Grudge","floor":6},{"not_picked":["hermit:Gestalt","hermit:Roulette"],"picked":"hermit:HeroicBravado","floor":10},{"not_picked":["hermit:Snipe","hermit:Desperado"],"picked":"hermit:FullyLoaded","floor":11},{"not_picked":["hermit:Maintenance","hermit:Coalescence"],"picked":"hermit:HighCaliber","floor":12},{"not_picked":["hermit:Glare","hermit:PistolWhip"],"picked":"hermit:TakeAim","floor":13},{"not_picked":["hermit:Glare","hermit:Grudge"],"picked":"hermit:CalledShot","floor":16}],"player_experience":237215,"relics_obtained":[{"floor":6,"key":"Letter Opener"},{"floor":9,"key":"Bag of Marbles"},{"floor":12,"key":"Mummified Hand"},{"floor":16,"key":"The Courier"}],"event_choices":[{"damage_healed":0,"gold_gain":0,"player_choice":"Got Potions","damage_taken":0,"max_hp_gain":0,"max_hp_loss":0,"event_name":"Lab","floor":2,"gold_loss":0},{"damage_healed":49,"gold_gain":0,"player_choice":"Full Heal","damage_taken":0,"max_hp_gain":0,"max_hp_loss":0,"event_name":"Wheel of Change","floor":8,"gold_loss":0}],"is_beta":false,"boss_relics":[],"items_purged_floors":[],"is_endless":false,"potions_floor_spawned":[1,4,12,13,16],"killed_by":"Hexaghost","ascension_level":0}}