{"host":"hve1dyh1ly81yl9f","time":1609944408,"event":{"mods":["BaseMod","Colored Map","DeckTracker","Highlight Path","Keyboard Shortcuts","Minty Spire (QoL Compilation)","Permanent Neow","StSLib","SuperFastMode"],"gold_per_floor":[116,116,135,135,7,7,40,53,107,72,97,110,110,120,120,221,221,234,234,159,159,177,205,205,205,205],"floor_reached":25,"playtime":839,"items_purged":["Pain"],"score":254,"play_id":"e1e6ad57-2027-4c8e-be77-9b1a293e4445","local_time":"20210106234648","is_ascension_mode":false,"campfire_choices":[{"floor":6.0,"key":"REST"},{"floor":13.0,"key":"RECALL"},{"floor":15.0,"key":"REST"}],"circlet_count":0,"master_deck":["Strike_B+1","Strike_B+1","Strike_B","Strike_B","Defend_B+1","Defend_B","Zap","Dualcast+1","Go for the Eyes","Gash","Turbo","Rebound","Beam Cell","Go for the Eyes","Hologram","Beam Cell","Gash","Steam","J.A.X."],"relics":["Cracked Core","Dream Catcher","Whetstone","Happy Flower","Runic Pyramid","Nunchaku"],"acts_visited":["Exordium","TheCity"],"potions_floor_usage":[23],"damage_taken":[{"damage":3.0,"enemies":"Jaw Worm","floor":1.0,"turns":3.0},{"damage":16.0,"enemies":"Small Slimes","floor":3.0,"turns":3.0},{"damage":45.0,"enemies":"Lagavulin","floor":7.0,"turns":12.0},{"damage":0.0,"enemies":"2 Louse","floor":8.0,"turns":2.0},{"damage":25.0,"enemies":"Gremlin Nob","floor":11.0,"turns":4.0},{"damage":0.0,"enemies":"Looter","floor":12.0,"turns":2.0},{"damage":1.0,"enemies":"2 Fungi Beasts","floor":14.0,"turns":2.0},{"damage":50.0,"enemies":"The Guardian","floor":16.0,"turns":12.0},{"damage":24.0,"enemies":"3 Byrds","floor":18.0,"turns":5.0},{"damage":3.0,"enemies":"Chosen","floor":22.0,"turns":4.0},{"damage":62,"enemies":"Book of Stabbing","floor":23,"turns":6},{"damage":7,"enemies":"Shelled Parasite and Fungi","floor":25,"turns":1}],"seed_played":"-6888626461676223359","potions_obtained":[{"floor":3.0,"key":"PowerPotion"},{"floor":8.0,"key":"PowerPotion"},{"floor":12.0,"key":"PotionOfCapacity"},{"floor":18.0,"key":"PowerPotion"}],"is_trial":false,"path_per_floor":["M","?","M","?","$","R","E","M","T","?","E","M","R","M","R","B",null,"M","?","?","?","M","E","?","M"],"character_chosen":"DEFECT","items_purchased":["Turbo"],"campfire_rested":2,"item_purchase_floors":[5],"current_hp_per_floor":[86,91,75,56,56,84,39,39,39,62,37,37,37,36,64,14,94,70,70,70,70,67,5,5,0,0],"gold":205,"neow_bonus":"TWENTY_PERCENT_HP_BONUS","is_daily":false,"chose_seed":false,"campfire_upgraded":0,"win_rate":0.0,"timestamp":1609944408,"path_taken":["M","?","M","?","$","R","E","M","T","?","E","M","R","M","R","BOSS","M","?","?","?","M","E","?","M"],"items_purchased_type":["Card"],"build_version":"2020-12-22","purchased_purges":1,"victory":false,"max_hp_per_floor":[89,94,94,94,94,94,94,94,94,94,94,94,94,94,94,94,94,94,94,94,94,94,94,94,94,94],"card_choices":[{"not_picked":["Redo","Undo"],"picked":"Go for the Eyes","floor":1.0},{"not_picked":["Cold Snap","Conserve Battery"],"picked":"Gash","floor":3.0},{"not_picked":["Genetic Algorithm","Undo","Rainbow"],"picked":"SKIP","floor":7.0},{"not_picked":["Darkness","Leap"],"picked":"Rebound","floor":8.0},{"not_picked":["Stack","Consume"],"picked":"Beam Cell","floor":11.0},{"not_picked":["Aggregate","Conserve Battery","Thunder Strike"],"picked":"SKIP","floor":12.0},{"not_picked":["Consume","Capacitor"],"picked":"Go for the Eyes","floor":14.0},{"not_picked":["Streamline","Aggregate"],"picked":"Hologram","floor":15.0},{"not_picked":["Turbo","Chill"],"picked":"Beam Cell","floor":18.0},{"not_picked":["Compile Driver","Glacier","White Noise"],"picked":"SKIP","floor":22.0},{"not_picked":["Coolheaded+1","Tempest"],"picked":"Steam","floor":23}],"player_experience":275111,"relics_obtained":[{"floor":7.0,"key":"Dream Catcher"},{"floor":9.0,"key":"Whetstone"},{"floor":11.0,"key":"Happy Flower"},{"floor":23,"key":"Nunchaku"}],"event_choices":[{"damage_healed":0.0,"max_hp_gain":5.0,"max_hp_loss":0.0,"gold_gain":0.0,"event_name":"Big Fish","player_choice":"Donut","floor":2.0,"gold_loss":0.0,"damage_taken":0.0},{"damage_healed":0.0,"max_hp_gain":0.0,"max_hp_loss":0.0,"gold_gain":0.0,"event_name":"Shining Light","player_choice":"Entered Light","floor":4.0,"gold_loss":0.0,"damage_taken":19.0,"cards_upgraded":["Defend_B","Dualcast"]},{"damage_healed":23.0,"max_hp_gain":0.0,"max_hp_loss":0.0,"gold_gain":0.0,"event_name":"The Cleric","player_choice":"Healed","floor":10.0,"gold_loss":35.0,"damage_taken":0.0},{"damage_healed":0.0,"max_hp_gain":0.0,"max_hp_loss":0.0,"gold_gain":0.0,"event_name":"The Library","player_choice":"Read","floor":19.0,"gold_loss":0.0,"damage_taken":0.0,"cards_obtained":["Gash"]},{"cards_removed":["Defend_B"],"damage_healed":0.0,"max_hp_gain":0.0,"max_hp_loss":0.0,"gold_gain":0.0,"event_name":"Beggar","player_choice":"Gave Gold","floor":20.0,"gold_loss":75.0,"damage_taken":0.0},{"cards_removed":["Defend_B"],"damage_healed":0.0,"max_hp_gain":0.0,"max_hp_loss":0.0,"gold_gain":0.0,"event_name":"Back to Basics","player_choice":"Elegance","floor":21.0,"gold_loss":0.0,"damage_taken":0.0},{"damage_healed":0,"gold_gain":0,"player_choice":"Obtain J.A.X.","damage_taken":0,"max_hp_gain":0,"max_hp_loss":0,"event_name":"Drug Dealer","floor":24,"gold_loss":0,"cards_obtained":["J.A.X."]}],"is_beta":false,"boss_relics":[{"not_picked":["Busted Crown","Runic Dome"],"picked":"Runic Pyramid"}],"items_purged_floors":[5],"is_endless":false,"potions_floor_spawned":[3,8,12,14,18],"killed_by":"Shelled Parasite and Fungi","ascension_level":0}}