{"host":"mvz90ilxx8epviq1","time":1609902292,"event":{"mods":["2.2 Compatiblity","AchievementEnabler","Act Like it!","Bartender","BaseMod","Better Note","Better Third Choice","Better Vampires","Clockwork Mod","Colored Map","Colored Powertips","Downfall","Gensokyo","Hallownest","Hermit","Hubris","Koishi","Marisa????????","Minty Spire (QoL Compilation)","Replay The Spire","SIMod","Shop Mod","Spicy Shops","StSLib","The Alterego","The Blackbeard","The Bug Knight","The Construct","The Cursed","The Mystic","The Senshi","The Servant 0.9.4","The Wild Card","slay the spire mod where everything is the same but ironclad has a cowboy hat"],"gold_per_floor":[110,110,124,124,124,138,138,171,171,190,215,215,231,116,2,20,20,124,124,44,58,58,74,74,101,101,101,101,135,135,169,269,283,283,386,386,399,399,410,426,440,440,500,107,155,189,205,239,252,268,268,268,268],"floor_reached":52,"playtime":6660,"items_purged":[],"score":724,"play_id":"ff55db05-5b9b-4756-880a-0579f946919e","local_time":"20210105220452","is_ascension_mode":false,"campfire_choices":[{"data":"alterego_mod:RingBreak","floor":9.0,"key":"SMITH"},{"data":"alterego_mod:RocketPunch","floor":12.0,"key":"SMITH"},{"data":"alterego_mod:SakuraFive","floor":17.0,"key":"SMITH"},{"data":"alterego_mod:Venus","floor":27.0,"key":"SMITH"},{"floor":30.0,"key":"REST"},{"data":"alterego_mod:PerceptionDisorder","floor":34.0,"key":"SMITH"},{"data":"alterego_mod:PresenceConcealment","floor":42.0,"key":"SMITH"},{"floor":51,"key":"RECALL"}],"circlet_count":0,"master_deck":["alterego_mod:Strike","alterego_mod:Strike","alterego_mod:Strike","alterego_mod:Strike","alterego_mod:Defend","alterego_mod:Defend","alterego_mod:Defend","alterego_mod:Defend","alterego_mod:Impale+1","alterego_mod:BigMeatyClaws","alterego_mod:BrynhildrsRune+1","alterego_mod:RocketPunch+1","alterego_mod:Bounce","alterego_mod:RingBreak+1","alterego_mod:BusterCard","alterego_mod:Bounce","alterego_mod:SakuraPetals","alterego_mod:SakuraFive","alterego_mod:SakuraFive+1","alterego_mod:BusterCard","alterego_mod:AlterEgo","alterego_mod:SuperDuperMasochism+1","alterego_mod:Bounce","alterego_mod:Bounce","alterego_mod:Venus+1","alterego_mod:MagicResistance+1","alterego_mod:Cushion","alterego_mod:PerceptionDisorder+1","alterego_mod:BrynhildrRomantia","alterego_mod:PresenceConcealment+1","alterego_mod:Bloomers+1","alterego_mod:Bounce","alterego_mod:GoddessCore+1","alterego_mod:BrynhildrRomantia","expansioncontent:DashGenerateEvil+1","alterego_mod:Undulate+1","alterego_mod:Punishment+1","alterego_mod:Cycle+1","alterego_mod:Clones+1","alterego_mod:Punishment+1","alterego_mod:Punishment+1"],"relics":["alterego_mod:MasochisticConstitution","Hallownest:DreamNailRelic","Simple Rune","MealTicket","Odd Mushroom","Replay:Wax Seal","OrangePellets","ReplayTheSpireMod:DimensionalGlitch","alterego_mod:FleetingLove","MutagenicStrength","Omamori","Bottled Tornado","Replay:Bottled Steam","HollowMod:StagPassRelic","hubris:AstralHammer","Black Star","hubris:Icosahedron","Replay:Towering Pillar of Hats","MerchantsRug","Du-Vu Doll","Shuriken","hubris:ToyBattleship","Smiling Mask"],"acts_visited":["Hallownest:Greenpath","TheCity","Hallownest:KingdomsEdge"],"potions_floor_usage":[43,47,50,52],"damage_taken":[{"damage":8.0,"enemies":"Hallownest:2_Tiktiks_and_1_Crawlid","floor":1.0,"turns":5.0},{"damage":3.0,"enemies":"Hallownest:monsterHuskGuard","floor":3.0,"turns":4.0},{"damage":4.0,"enemies":"Hallownest:2_MossCreeps","floor":6.0,"turns":8.0},{"damage":15.0,"enemies":"Hallownest:eliteVengeflyKing","floor":8.0,"turns":7.0},{"damage":7.0,"enemies":"Hallownest:monsterAspidMother","floor":10.0,"turns":6.0},{"damage":7.0,"enemies":"Hallownest:Guard_and_Warrior","floor":13.0,"turns":7.0},{"damage":18.0,"enemies":"Hallownest:MossCreep_and_Mosskin","floor":16.0,"turns":4.0},{"damage":55.0,"enemies":"Hallownest:BossFalseKnight","floor":18.0,"turns":10.0},{"damage":12.0,"enemies":"Shell Parasite","floor":20.0,"turns":4.0},{"damage":15.0,"enemies":"2 Thieves","floor":21.0,"turns":4.0},{"damage":22.0,"enemies":"Snecko","floor":23.0,"turns":5.0},{"damage":11.0,"enemies":"Replay:Snechameleon","floor":25.0,"turns":3.0},{"damage":15.0,"enemies":"Gremlin Leader","floor":29.0,"turns":7.0},{"damage":0.0,"enemies":"HollowMod:Nosk","floor":31.0,"turns":4.0},{"damage":18.0,"enemies":"Colosseum Slavers","floor":32.0,"turns":4.0},{"damage":15.0,"enemies":"Colosseum Nobs","floor":32.0,"turns":5.0},{"damage":0.0,"enemies":"3 Cultists","floor":33.0,"turns":4.0},{"damage":24.0,"enemies":"Automaton","floor":35.0,"turns":5.0},{"damage":6.0,"enemies":"Hallownest:3_Siblings","floor":37.0,"turns":5.0},{"damage":6.0,"enemies":"Hallownest:Shield_Heavy","floor":39.0,"turns":4.0},{"damage":6.0,"enemies":"Hallownest:monsterPrimalAspid","floor":40.0,"turns":2.0},{"damage":38.0,"enemies":"Hallownest:2_Wandering_and_1_Horned","floor":41.0,"turns":5.0},{"damage":7,"enemies":"Hallownest:2_Primals","floor":43,"turns":3},{"damage":6,"enemies":"Hallownest:eliteCollector","floor":46,"turns":6},{"damage":0,"enemies":"Hallownest:2_Soldiers_and_1_Guardian","floor":47,"turns":3},{"damage":19,"enemies":"Hallownest:StalkingDevout","floor":48,"turns":5},{"damage":0,"enemies":"Hallownest:2_Wing_and_1_Kings","floor":49,"turns":3},{"damage":6,"enemies":"Hallownest:Xero_Hu_Marmu","floor":50,"turns":6},{"damage":93,"enemies":"Hallownest:BossHollowKnight","floor":52,"turns":3}],"seed_played":"-7625875415358559969","potions_obtained":[{"floor":1.0,"key":"Fruit Juice"},{"floor":6.0,"key":"Explosive Potion"},{"floor":16.0,"key":"Swift Potion"},{"floor":20.0,"key":"Regen Potion"},{"floor":23.0,"key":"FearPotion"},{"floor":25.0,"key":"SmokeBomb"},{"floor":35.0,"key":"Guardian:BlockOnCardUsePotion"},{"floor":39.0,"key":"Block Potion"},{"floor":41.0,"key":"Strength Potion"},{"floor":48,"key":"champ:CounterPotion"},{"floor":49,"key":"Strength Potion"},{"floor":50,"key":"SpeedPotion"}],"is_trial":false,"path_per_floor":["M","?","M","PTL","PTL","M","?","E","R","M","T","R","M","?","$","M","R","B",null,"M","M","?","M","?","E","?","R","T","E","R","E","?","M","R","B",null,"M","?","M","M","M","R","?","$","T","E","M","E","M","M","R","B"],"character_chosen":"The_Alterego","items_purchased":["Replay:Wax Seal","alterego_mod:SakuraFive","OrangePellets","expansioncontent:DashGenerateEvil","alterego_mod:Undulate","MerchantsRug","alterego_mod:Punishment+1"],"campfire_rested":1,"item_purchase_floors":[15,15,15,44,44,44,44],"current_hp_per_floor":[78,78,76,76,76,80,80,71,71,72,72,72,73,73,88,71,71,24,90,83,76,76,55,55,45,45,45,45,51,79,79,56,64,64,41,98,99,99,104,99,70,70,68,83,83,88,98,86,86,93,93,0,0],"gold":268,"neow_bonus":"TEN_PERCENT_HP_BONUS","is_daily":false,"chose_seed":false,"campfire_upgraded":6,"win_rate":0.0,"timestamp":1609902292,"path_taken":["M","?","M","PTL","PTL","M","?","E","R","?","T","R","M","?","$","M","R","BOSS","M","?","?","M","?","E","?","R","T","E","R","E","?","M","R","BOSS","M","?","M","M","M","R","?","$","T","E","M","E","M","?","R","BOSS"],"items_purchased_type":["Relic","Card","Relic","Card","Card","Relic","Card"],"build_version":"2020-12-22","purchased_purges":0,"victory":false,"max_hp_per_floor":[78,78,79,79,79,80,80,86,86,87,87,87,88,88,88,89,89,90,90,91,92,92,93,93,94,94,94,94,95,95,95,97,97,97,98,98,102,102,106,107,108,108,109,109,109,113,115,119,119,126,126,126,126],"card_choices":[{"not_picked":["alterego_mod:SakuraLabyrinth","alterego_mod:Rip"],"picked":"alterego_mod:RocketPunch","floor":1.0},{"not_picked":["alterego_mod:Cooking","alterego_mod:Bloomers"],"picked":"alterego_mod:Bounce","floor":3.0},{"not_picked":["alterego_mod:SakuraPetals","alterego_mod:TrashNCrash"],"picked":"alterego_mod:RingBreak","floor":6.0},{"not_picked":["alterego_mod:BoobPocket","alterego_mod:Clap"],"picked":"alterego_mod:BusterCard","floor":8.0},{"not_picked":["alterego_mod:PerceptionDisorder","alterego_mod:Schoolgirl"],"picked":"alterego_mod:Bounce","floor":10.0},{"not_picked":["alterego_mod:SuperDuperMasochism","alterego_mod:BiFurious"],"picked":"alterego_mod:SakuraPetals","floor":13.0},{"not_picked":["alterego_mod:Birthday","alterego_mod:Belle"],"picked":"alterego_mod:BusterCard","floor":16.0},{"not_picked":["alterego_mod:Lift","alterego_mod:PainIsPleasure"],"picked":"alterego_mod:AlterEgo","floor":18.0},{"not_picked":["alterego_mod:Undulate+1","alterego_mod:Cushion"],"picked":"alterego_mod:SuperDuperMasochism+1","floor":20.0},{"not_picked":["alterego_mod:Undulate","alterego_mod:IdEs"],"picked":"alterego_mod:Bounce","floor":21.0},{"not_picked":["alterego_mod:Maid","alterego_mod:BusterCard"],"picked":"alterego_mod:Bounce","floor":23.0},{"not_picked":["alterego_mod:BreastValley","alterego_mod:Cushion"],"picked":"alterego_mod:Venus","floor":25.0},{"not_picked":["alterego_mod:RidiculouslyBig","alterego_mod:VirginLaserPalladion"],"picked":"alterego_mod:MagicResistance+1","floor":29.0},{"not_picked":["alterego_mod:Lingerie","alterego_mod:DestructionOfProperty","alterego_mod:Pet"],"picked":"SKIP","floor":31.0},{"not_picked":["alterego_mod:Bunnysuit","alterego_mod:Complex"],"picked":"alterego_mod:Cushion","floor":32.0},{"not_picked":["alterego_mod:Birthday","alterego_mod:Bunnysuit"],"picked":"alterego_mod:PerceptionDisorder","floor":33.0},{"not_picked":["alterego_mod:Weigh","alterego_mod:Lift"],"picked":"alterego_mod:BrynhildrRomantia","floor":35.0},{"not_picked":["alterego_mod:Punishment","alterego_mod:MagicResistance"],"picked":"alterego_mod:PresenceConcealment","floor":37.0},{"not_picked":["alterego_mod:GoddessCore","alterego_mod:Jiggle+1"],"picked":"alterego_mod:Bloomers+1","floor":39.0},{"not_picked":["alterego_mod:Maid","alterego_mod:BeGentle+1"],"picked":"alterego_mod:Bounce","floor":40.0},{"not_picked":["alterego_mod:Cycle","alterego_mod:Maid"],"picked":"alterego_mod:GoddessCore+1","floor":41.0},{"not_picked":["alterego_mod:DustData+1","alterego_mod:GoddessCore"],"picked":"alterego_mod:BrynhildrRomantia","floor":43},{"not_picked":["alterego_mod:PurpleHair","alterego_mod:Complex+1"],"picked":"alterego_mod:Cycle+1","floor":46},{"not_picked":["alterego_mod:Jiggle+1","alterego_mod:Skirt+1"],"picked":"alterego_mod:Clones+1","floor":47},{"not_picked":["alterego_mod:Smother","alterego_mod:Pet"],"picked":"alterego_mod:DustData+1","floor":48},{"not_picked":["alterego_mod:Belle","alterego_mod:RocketPunch"],"picked":"alterego_mod:Punishment+1","floor":49},{"not_picked":["alterego_mod:1TonWallop","alterego_mod:Birthday"],"picked":"alterego_mod:Punishment+1","floor":50}],"player_experience":471126,"relics_obtained":[{"floor":8.0,"key":"Simple Rune"},{"floor":11.0,"key":"MealTicket"},{"floor":25.0,"key":"Omamori"},{"floor":28.0,"key":"War Paint"},{"floor":29.0,"key":"Bottled Tornado"},{"floor":31.0,"key":"Replay:Bottled Steam"},{"floor":32.0,"key":"HollowMod:StagPassRelic"},{"floor":32.0,"key":"hubris:AstralHammer"},{"floor":43,"key":"Replay:Towering Pillar of Hats"},{"floor":46,"key":"Du-Vu Doll"},{"floor":46,"key":"Shuriken"},{"floor":48,"key":"hubris:ToyBattleship"},{"floor":48,"key":"Smiling Mask"}],"event_choices":[{"damage_healed":0.0,"max_hp_gain":0.0,"max_hp_loss":0.0,"gold_gain":0.0,"event_name":"Secret Garden","player_choice":"Choice 1","floor":22.0,"gold_loss":0.0,"damage_taken":0.0,"relics_obtained":["alterego_mod:FleetingLove"]},{"damage_healed":0.0,"max_hp_gain":0.0,"max_hp_loss":0.0,"gold_gain":0.0,"event_name":"Drug Dealer","player_choice":"Inject Mutagens","floor":24.0,"gold_loss":0.0,"damage_taken":0.0,"relics_obtained":["MutagenicStrength"]},{"damage_healed":0.0,"max_hp_gain":0.0,"max_hp_loss":0.0,"gold_gain":0.0,"event_name":"Colosseum","player_choice":"Fight","floor":32.0,"gold_loss":0.0,"damage_taken":0.0},{"damage_healed":0.0,"max_hp_gain":0.0,"max_hp_loss":0.0,"gold_gain":0.0,"event_name":"Colosseum","player_choice":"Fought Nobs","floor":32.0,"gold_loss":0.0,"damage_taken":0.0}],"is_beta":false,"boss_relics":[{"not_picked":["hubris:CrackedHourglass","ChewingGum"],"picked":"ReplayTheSpireMod:DimensionalGlitch"},{"not_picked":["construct:WeddingRing","Kintsugi"],"picked":"Black Star"}],"items_purged_floors":[],"is_endless":false,"potions_floor_spawned":[1,6,16,20,23,25,35,39,41,48,49,50],"killed_by":"Hallownest:BossHollowKnight","ascension_level":0}}