{"host":"c97twqu0op5dg8i4","time":1609977019,"event":{"mods":["BaseMod","Minty Spire (QoL Compilation)"],"gold_per_floor":[112,123,123,123,123,158,158,177,177,177,193,205,238,251,251,351,351,361,361,138,152,52,52,52,52,52,72,72,87,87,99,99,99,99],"floor_reached":33,"playtime":1069,"items_purged":["Strike_P","Strike_P"],"score":324,"play_id":"a2c9f139-d1ff-4e90-a8fb-006e390c6063","local_time":"20210106185019","is_ascension_mode":true,"campfire_choices":[{"data":"Trip","floor":7,"key":"SMITH"},{"floor":10,"key":"REST"},{"floor":15,"key":"REST"},{"data":"DevaForm","floor":23,"key":"SMITH"},{"data":"Protect","floor":28,"key":"SMITH"},{"floor":30,"key":"REST"},{"floor":32,"key":"REST"}],"circlet_count":0,"master_deck":["Strike_P","Defend_P","Defend_P","Defend_P","Defend_P","Eruption+1","Vigilance","Trip+1","FollowUp","FlurryOfBlows","BowlingBash","Protect+1","CutThroughFate","Conclude","SandsOfTime","WreathOfFlame","FlurryOfBlows","DevaForm+1","Protect","CarveReality","Consecrate+1","Ragnarok"],"relics":["PureWater","Sundial","Dream Catcher","Letter Opener","Velvet Choker","ClockworkSouvenir","Nilry\u0027s Codex","Turnip"],"acts_visited":["Exordium","TheCity"],"potions_floor_usage":[13,16,16,16,16,16,31,33],"damage_taken":[{"damage":2,"enemies":"Cultist","floor":1,"turns":3},{"damage":0,"enemies":"2 Louse","floor":2,"turns":2},{"damage":42,"enemies":"3 Sentries","floor":6,"turns":9},{"damage":0,"enemies":"Small Slimes","floor":8,"turns":2},{"damage":0,"enemies":"2 Fungi Beasts","floor":11,"turns":2},{"damage":12,"enemies":"Exordium Wildlife","floor":12,"turns":2},{"damage":0,"enemies":"Gremlin Nob","floor":13,"turns":2},{"damage":11,"enemies":"Lots of Slimes","floor":14,"turns":3},{"damage":16,"enemies":"The Guardian","floor":16,"turns":4},{"damage":12,"enemies":"Chosen","floor":18,"turns":3},{"damage":12,"enemies":"Spheric Guardian","floor":21,"turns":4},{"damage":5,"enemies":"3 Cultists","floor":27,"turns":4},{"damage":20,"enemies":"Snecko","floor":29,"turns":3},{"damage":18,"enemies":"Shelled Parasite and Fungi","floor":31,"turns":3},{"damage":44,"enemies":"Champ","floor":33,"turns":6}],"seed_played":"7169924147556590680","potions_obtained":[{"floor":8,"key":"Strength Potion"},{"floor":12,"key":"CultistPotion"},{"floor":14,"key":"EntropicBrew"},{"floor":16,"key":"Fire Potion"},{"floor":18,"key":"Ancient Potion"},{"floor":21,"key":"Swift Potion"},{"floor":31,"key":"Weak Potion"}],"is_trial":false,"path_per_floor":["M","M","?","?","?","E","R","M","T","R","M","M","E","M","R","B",null,"M","?","$","M","$","R","?","?","T","M","R","M","R","M","R","B"],"character_chosen":"WATCHER","items_purchased":["ClockworkSouvenir"],"campfire_rested":4,"item_purchase_floors":[20],"current_hp_per_floor":[70,70,63,63,68,26,26,26,26,49,49,37,37,26,49,33,77,65,65,65,53,53,53,53,37,37,32,32,12,35,17,40,0,0],"gold":99,"neow_bonus":"RANDOM_COLORLESS","is_daily":false,"chose_seed":false,"campfire_upgraded":3,"win_rate":0.0,"timestamp":1609977019,"path_taken":["M","?","?","?","?","E","R","M","T","R","?","?","E","M","R","BOSS","M","?","$","?","$","R","?","?","T","M","R","M","R","M","R","BOSS"],"items_purchased_type":["Relic"],"build_version":"2020-12-22","purchased_purges":2,"victory":false,"max_hp_per_floor":[72,72,72,72,77,77,77,77,77,77,77,77,77,77,77,77,77,77,77,77,77,77,77,77,77,77,77,77,77,77,77,77,77,77],"card_choices":[{"not_picked":["PanicButton","Dark Shackles"],"picked":"Trip","floor":0},{"not_picked":["Prostrate","Wireheading"],"picked":"FollowUp","floor":1},{"not_picked":["ClearTheMind","CrushJoints"],"picked":"FlurryOfBlows","floor":2},{"not_picked":["Vengeance","InnerPeace"],"picked":"BowlingBash","floor":6},{"not_picked":["Prostrate","Swivel"],"picked":"Protect","floor":8},{"not_picked":["Protect","Weave"],"picked":"CutThroughFate","floor":10},{"not_picked":["Halt","FlyingSleeves"],"picked":"Conclude","floor":11},{"not_picked":["Protect","Indignation"],"picked":"SandsOfTime","floor":12},{"not_picked":["JustLucky","Adaptation"],"picked":"WreathOfFlame","floor":13},{"not_picked":["ForeignInfluence","Swivel","MasterReality"],"picked":"SKIP","floor":14},{"not_picked":["Sanctity","FlyingSleeves"],"picked":"FlurryOfBlows","floor":15},{"not_picked":["Judgement","ConjureBlade"],"picked":"DevaForm","floor":16},{"not_picked":["Prostrate+1","CutThroughFate"],"picked":"Protect","floor":18},{"not_picked":["Perseverance+1","ReachHeaven","CrushJoints"],"picked":"SKIP","floor":21},{"not_picked":["ClearTheMind","CutThroughFate"],"picked":"Consecrate+1","floor":27},{"not_picked":["JustLucky","LikeWater+1"],"picked":"Ragnarok","floor":29},{"not_picked":["CarveReality","PathToVictory","WreathOfFlame+1"],"picked":"SKIP","floor":31}],"player_experience":242975,"relics_obtained":[{"floor":6,"key":"Sundial"},{"floor":9,"key":"Dream Catcher"},{"floor":13,"key":"Letter Opener"},{"floor":25,"key":"Nilry\u0027s Codex"},{"floor":26,"key":"Turnip"}],"event_choices":[{"cards_removed":["Strike_P"],"damage_healed":0,"gold_gain":0,"player_choice":"Card Removal","damage_taken":7,"max_hp_gain":0,"max_hp_loss":0,"event_name":"Golden Wing","floor":3,"gold_loss":0},{"damage_healed":0,"gold_gain":0,"player_choice":"Grow","damage_taken":0,"max_hp_gain":0,"max_hp_loss":0,"event_name":"Living Wall","floor":4,"gold_loss":0,"cards_upgraded":["Eruption"]},{"damage_healed":0,"gold_gain":0,"player_choice":"Donut","damage_taken":0,"max_hp_gain":5,"max_hp_loss":0,"event_name":"Big Fish","floor":5,"gold_loss":0},{"damage_healed":0,"gold_gain":0,"player_choice":"1 cards matched","damage_taken":0,"max_hp_gain":0,"max_hp_loss":0,"event_name":"Match and Keep!","floor":19,"gold_loss":0,"cards_obtained":["CarveReality"]},{"damage_healed":0,"gold_gain":0,"player_choice":"Obtained Book","damage_taken":16,"max_hp_gain":0,"max_hp_loss":0,"event_name":"Cursed Tome","floor":25,"gold_loss":0}],"is_beta":false,"boss_relics":[{"not_picked":["SacredBark","Black Star"],"picked":"Velvet Choker"}],"items_purged_floors":[20,22],"is_endless":false,"potions_floor_spawned":[8,12,14,16,18,21,31],"killed_by":"Champ","ascension_level":3}}