{"host":"jm9833yuloeli2yd","time":1609965447,"event":{"mods":["BaseMod","Better Altar","Better Match","Better Note","Better Sensory Stone","Better Skull","Better Third Choice","Better Vampires","BetterRewards","Colored Map","Colored Powertips","DeckTracker","Minty Spire (QoL Compilation)","Permanent Neow","Quick Restart","StSLib","SuperFastMode"],"gold_per_floor":[116,134,134,150,165,199,199,39,64,97,117,130,143,174,186,269,281,310,342,1,12,39,69,69,81,129,54,54,89,89,108,108,182,182,194,208,226,5,30,60,60,89,89,89,4,20,20,50,50,50,50],"floor_reached":50,"playtime":2087,"items_purged":["Strike_G","Strike_G"],"score":1634,"play_id":"b7050d20-5c8b-4b0a-860f-996a3a6de42f","local_time":"20210106153727","is_ascension_mode":true,"campfire_choices":[{"data":"Glass Knife","floor":7.0,"key":"SMITH"},{"floor":15.0,"key":"REST"},{"floor":28.0,"key":"REST"},{"floor":30.0,"key":"REST"},{"data":"Footwork","floor":32.0,"key":"SMITH"},{"floor":41,"key":"REST"},{"data":"Wraith Form v2","floor":44,"key":"SMITH"},{"floor":49,"key":"RECALL"}],"circlet_count":0,"master_deck":["AscendersBane","Strike_G","Strike_G","Defend_G","Defend_G","Defend_G","Defend_G","Defend_G","Survivor","Neutralize","Glass Knife+1","Footwork+1","All Out Attack","Masterful Stab","Caltrops","Crippling Poison","Well Laid Plans","Cloak And Dagger","Noxious Fumes","Heel Hook","Venomology","Deflect","Noxious Fumes+1","Calculated Gamble+1","Cloak And Dagger+1","Dodge and Roll","After Image","Backflip+1","Bane","Wraith Form v2+1","Escape Plan","Blur","Blur","Crippling Poison+1"],"relics":["Ring of the Snake","Orichalcum","Oddly Smooth Stone","Happy Flower","Pen Nib","MawBank","SlaversCollar","Potion Belt","Red Mask","Blue Candle","Regal Pillow","Prayer Wheel","Busted Crown","Membership Card","Girya","Smiling Mask","Ornamental Fan","Juzu Bracelet"],"acts_visited":["Exordium","TheCity","TheBeyond"],"potions_floor_usage":[39,40,40,40,42,42,42,46,48,48,48],"damage_taken":[{"damage":0.0,"enemies":"Jaw Worm","floor":1.0,"turns":4.0},{"damage":1.0,"enemies":"2 Louse","floor":2.0,"turns":3.0},{"damage":0.0,"enemies":"Cultist","floor":4.0,"turns":3.0},{"damage":9.0,"enemies":"Blue Slaver","floor":5.0,"turns":2.0},{"damage":0.0,"enemies":"Lagavulin","floor":6.0,"turns":6.0},{"damage":12.0,"enemies":"3 Sentries","floor":10.0,"turns":10.0},{"damage":3.0,"enemies":"3 Louse","floor":11.0,"turns":4.0},{"damage":0.0,"enemies":"2 Fungi Beasts","floor":12.0,"turns":3.0},{"damage":4.0,"enemies":"Gremlin Gang","floor":13.0,"turns":3.0},{"damage":17.0,"enemies":"Lagavulin","floor":14.0,"turns":7.0},{"damage":0.0,"enemies":"Hexaghost","floor":16.0,"turns":8.0},{"damage":11.0,"enemies":"Chosen","floor":18.0,"turns":6.0},{"damage":2.0,"enemies":"3 Byrds","floor":19.0,"turns":3.0},{"damage":10.0,"enemies":"Snake Plant","floor":21.0,"turns":4.0},{"damage":16.0,"enemies":"Masked Bandits","floor":22.0,"turns":4.0},{"damage":12.0,"enemies":"Gremlin Leader","floor":23.0,"turns":5.0},{"damage":3.0,"enemies":"Chosen and Byrds","floor":25.0,"turns":6.0},{"damage":17.0,"enemies":"Book of Stabbing","floor":29.0,"turns":5.0},{"damage":4.0,"enemies":"Snecko","floor":31.0,"turns":6.0},{"damage":32.0,"enemies":"Champ","floor":33.0,"turns":15.0},{"damage":6.0,"enemies":"Orb Walker","floor":35.0,"turns":3.0},{"damage":0.0,"enemies":"3 Shapes","floor":36.0,"turns":7.0},{"damage":12,"enemies":"Maw","floor":37,"turns":9},{"damage":0,"enemies":"Mind Bloom Boss Battle","floor":39,"turns":9},{"damage":27,"enemies":"Giant Head","floor":40,"turns":10},{"damage":11,"enemies":"Reptomancer","floor":42,"turns":7},{"damage":18,"enemies":"Spire Growth","floor":46,"turns":7},{"damage":14,"enemies":"Giant Head","floor":48,"turns":10},{"damage":15,"enemies":"Donu and Deca","floor":50,"turns":1}],"seed_played":"8213609086048169601","potions_obtained":[{"floor":4.0,"key":"BlessingOfTheForge"},{"floor":12.0,"key":"Weak Potion"},{"floor":14.0,"key":"EssenceOfSteel"},{"floor":16.0,"key":"Weak Potion"},{"floor":19.0,"key":"SpeedPotion"},{"floor":21.0,"key":"LiquidBronze"},{"floor":23.0,"key":"Strength Potion"},{"floor":33.0,"key":"BlessingOfTheForge"},{"floor":36.0,"key":"Fire Potion"},{"floor":39,"key":"PowerPotion"},{"floor":40,"key":"BlessingOfTheForge"}],"is_trial":false,"path_per_floor":["M","M","?","M","M","E","R","$","T","E","M","M","M","E","R","B",null,"M","M","$","M","?","E","?","M","T","?","R","E","R","M","R","B",null,"M","M","M","$","?","E","R","E","T","R","$","M","?","E","R","B"],"character_chosen":"THE_SILENT","items_purchased":["Glass Knife","Oddly Smooth Stone","Potion Belt","GhostInAJar","Membership Card","Blur","GamblersBrew"],"campfire_rested":4,"item_purchase_floors":[0,8,20,20,38,45,45],"current_hp_per_floor":[59,58,63,63,54,54,54,54,54,42,39,39,35,18,39,39,63,52,50,50,40,24,12,12,9,9,9,45,28,64,60,60,28,60,54,54,42,42,42,15,51,40,40,40,40,22,22,8,8,0,0],"gold":50,"neow_bonus":"","is_daily":false,"chose_seed":false,"campfire_upgraded":3,"win_rate":0.0,"timestamp":1609965447,"path_taken":["M","M","?","M","M","E","R","$","T","E","M","M","M","E","R","BOSS","M","M","$","M","?","E","?","M","T","?","R","E","R","M","R","BOSS","M","M","M","$","?","E","R","E","T","R","$","M","?","E","R","BOSS"],"items_purchased_type":["Card","Relic","Relic","Potion","Relic","Card","Potion"],"build_version":"2020-12-22","purchased_purges":2,"victory":false,"max_hp_per_floor":[66,66,71,71,71,71,71,71,71,71,71,71,71,71,71,71,71,71,71,71,71,71,71,71,71,71,71,71,71,71,71,71,71,71,71,71,71,71,71,71,71,71,71,71,71,71,71,71,71,71,71],"card_choices":[{"not_picked":["Dagger Spray","Deadly Poison"],"picked":"Footwork","floor":1.0},{"not_picked":["Well Laid Plans","Blade Dance"],"picked":"All Out Attack","floor":2.0},{"not_picked":["Eviscerate","Distraction"],"picked":"Masterful Stab","floor":4.0},{"not_picked":["Quick Slash","Tools of the Trade"],"picked":"Caltrops","floor":5.0},{"not_picked":["Sucker Punch","Poisoned Stab"],"picked":"Crippling Poison","floor":6.0},{"not_picked":["Finisher","Sucker Punch"],"picked":"Well Laid Plans","floor":10.0},{"not_picked":["Prepared","Eviscerate","Riddle With Holes"],"picked":"SKIP","floor":11.0},{"not_picked":["Reflex","Slice"],"picked":"Cloak And Dagger","floor":12.0},{"not_picked":["Acrobatics","Slice"],"picked":"Noxious Fumes","floor":13.0},{"not_picked":["Envenom","Eviscerate"],"picked":"Heel Hook","floor":14.0},{"not_picked":["Doppelganger","Phantasmal Killer"],"picked":"Venomology","floor":16.0},{"not_picked":["Cloak And Dagger","Prepared"],"picked":"Deflect","floor":18.0},{"not_picked":["Masterful Stab","Expertise"],"picked":"Noxious Fumes+1","floor":19.0},{"not_picked":["Riddle With Holes","Dagger Spray"],"picked":"Calculated Gamble","floor":21.0},{"not_picked":["Terror","Well Laid Plans"],"picked":"Cloak And Dagger+1","floor":23.0},{"not_picked":["Outmaneuver","Finisher"],"picked":"Dodge and Roll","floor":25.0},{"not_picked":["Noxious Fumes","Reflex"],"picked":"After Image","floor":29.0},{"not_picked":["Slice","Quick Slash"],"picked":"Backflip+1","floor":31.0},{"not_picked":["Outmaneuver","Prepared"],"picked":"Bane","floor":31.0},{"not_picked":["Grand Finale","Bullet Time"],"picked":"Wraith Form v2","floor":33.0},{"not_picked":[],"picked":"Escape Plan","floor":35.0},{"not_picked":["Bane"],"picked":"SKIP","floor":35.0},{"not_picked":[],"picked":"Blur","floor":36.0},{"not_picked":["Dagger Spray"],"picked":"SKIP","floor":36.0},{"not_picked":["Underhanded Strike"],"picked":"SKIP","floor":37},{"not_picked":["All Out Attack"],"picked":"SKIP","floor":37},{"not_picked":["Setup"],"picked":"SKIP","floor":40},{"not_picked":["Dagger Spray"],"picked":"SKIP","floor":42},{"not_picked":[],"picked":"Crippling Poison+1","floor":46},{"not_picked":["Underhanded Strike"],"picked":"SKIP","floor":46},{"not_picked":["Reflex"],"picked":"SKIP","floor":48}],"player_experience":1274078,"relics_obtained":[{"floor":6.0,"key":"Orichalcum"},{"floor":9.0,"key":"Happy Flower"},{"floor":10.0,"key":"Pen Nib"},{"floor":14.0,"key":"MawBank"},{"floor":22.0,"key":"Red Mask"},{"floor":23.0,"key":"Blue Candle"},{"floor":26.0,"key":"Regal Pillow"},{"floor":29.0,"key":"Prayer Wheel"},{"floor":39,"key":"Girya"},{"floor":40,"key":"Smiling Mask"},{"floor":42,"key":"Ornamental Fan"},{"floor":48,"key":"Juzu Bracelet"}],"event_choices":[{"damage_healed":0.0,"max_hp_gain":5.0,"max_hp_loss":0.0,"gold_gain":0.0,"event_name":"Big Fish","player_choice":"Donut","floor":3.0,"gold_loss":0.0,"damage_taken":0.0},{"damage_healed":0.0,"max_hp_gain":0.0,"max_hp_loss":0.0,"gold_gain":0.0,"event_name":"Masked Bandits","player_choice":"Fought Bandits","floor":22.0,"gold_loss":0.0,"damage_taken":0.0},{"damage_healed":0.0,"max_hp_gain":0.0,"max_hp_loss":0.0,"gold_gain":0.0,"event_name":"Cursed Tome","player_choice":"Ignored","floor":24.0,"gold_loss":0.0,"damage_taken":0.0},{"cards_removed":["Strike_G"],"damage_healed":0.0,"max_hp_gain":0.0,"max_hp_loss":0.0,"gold_gain":0.0,"event_name":"Beggar","player_choice":"Gave Gold","floor":27.0,"gold_loss":75.0,"damage_taken":0.0},{"damage_healed":0,"gold_gain":0,"player_choice":"Fight","damage_taken":0,"max_hp_gain":0,"max_hp_loss":0,"event_name":"MindBloom","floor":39,"gold_loss":0},{"damage_healed":0,"gold_gain":0,"player_choice":"Upgraded","damage_taken":0,"max_hp_gain":0,"max_hp_loss":0,"event_name":"Upgrade Shrine","floor":47,"gold_loss":0,"cards_upgraded":["Calculated Gamble"]}],"is_beta":false,"boss_relics":[{"not_picked":["Sozu","Cursed Key"],"picked":"SlaversCollar"},{"not_picked":["Philosopher\u0027s Stone","Velvet Choker"],"picked":"Busted Crown"}],"items_purged_floors":[20,38],"is_endless":false,"potions_floor_spawned":[4,12,14,16,19,21,23,33,36,37,39,40],"killed_by":"Donu and Deca","ascension_level":20}}