{"host":"vhikgave70uorr7d","time":1609975806,"event":{"mods":["100% Spire Juice","AchievementEnabler","Act Like it!","Ascension Reborn","Ascension Unlocker","Bard","BaseMod","Beaked The Cultist","Better Altar","Better Match","Better Note","Better Sensory Stone","Better Skull","Better Third Choice","BetterRewards","ChefMod","Colored Powertips","Custom Start","Defuse TimeMaze Blight","Downfall","Elementarium","Energized Spire","Evolution","GifTheSpireLib","GungeonMod","Hallownest","Hermit","Hero for Fun","Highlight Path","Hubris","Infinite Spire","JesterMod","Luminous","Marisa????????","Melee Mod","Menagerie","Mimic Mod","Minty Spire (QoL Compilation)","MostiFishMod","Permanent Neow","Quick Restart","Rare Cards Sparkle","Relic Filter","Remove Card Discount Mod","Replay The Spire","Retaliation","Robot Space Explorer","Shade Mod","Shedinja","Small Relic Pack","Somnambulant","Spicy Shops","StSLib","Swap Starting Deck Mod","Td1madao Mod","The Accelerator","The Alterego","The Animator","The Bladedancer","The Blue Laboratory","The Bug Knight","The Construct","The Cursed","The Disciple","The Dragon Tamer","The Factory","The Gatherer","The Hayseed","The Hierophant","The Judge","The Mystic","The Necromancer","The Poker Player","The Runesmith","The Servant 0.9.4","The Vixen","The Wild Card","TheBandit","TheSwordswoman","TheVacant","Transform Curses"],"gold_per_floor":[110,129,111,124,124,152,152,63,87,99,44,0,10,10,10,113,113,127,147,147,159,184,184,215,215,249,249,262,262,273,37,37,138,138,152,312,323,323,323],"floor_reached":38,"playtime":7190,"items_purged":["HollowMod:LifebloodCocoon","HollowMod:QuickDashStart","HollowMod:QuickDashStart","HollowMod:QuickDashStart","HollowMod:QuickDashStart","HollowMod:NailStrikeStart","HollowMod:NailStrikeStart","HollowMod:NailStrikeStart","HollowMod:NailStrikeStart","HollowMod:SoulShaman+1","ReplayTheSpireMod:Splinters"],"score":707,"play_id":"7624b9ce-3319-494d-a347-892139f80515","local_time":"20210106183006","is_ascension_mode":true,"campfire_choices":[{"data":"HollowMod:CycloneSlash","floor":7.0,"key":"SMITH"},{"data":"HollowMod:MantisMark","floor":15.0,"key":"SMITH"},{"data":"HollowMod:SoulShaman","floor":23.0,"key":"SMITH"},{"floor":27.0,"key":"RECALL"},{"floor":29.0,"key":"REST"},{"data":"HollowMod:SoulEater","floor":32.0,"key":"SMITH"}],"circlet_count":0,"master_deck":["HollowMod:AwokenDreamNail+1","HollowMod:MantisMark+1","HollowMod:MantisMark+1","HollowMod:MantisMark+1","HollowMod:ChannelNail+1","HollowMod:ChannelNail+1","HollowMod:PureNailStrike+1","HollowMod:SoulEater+1","HollowMod:SoulEater+1","HollowMod:SoulEater+1","HollowMod:SoulEater+1","HollowMod:SoulEater+1","HollowMod:CloakDash+1","HollowMod:CloakDash+1","HollowMod:CloakDash+1"],"relics":["HollowMod:VesselMask","EVO:Axolotl","DaveBox","DianPoetry","NeowsBlessing","SynthV:TestCard","EGODaCapo","HollowMod:KingsBrand","Juzu Bracelet","DSteel32","Tiny Chest","The Courier","Centennial Puzzle","hubris:ToyBattleship","Oddly Smooth Stone","HollowMod:MantisClawRelic","hubris:Towel","SynthV:C4","HollowMod:MillibellesNoteRelic","Happy Flower","Unceasing Top","construct:WeddingRing","Runic Dome","Blue Doll","Bottled Tornado","DemoMod:GlassGuonStoneRelic","ReplayTheSpireMod:CursedCoin","relicPack:SpireResearchBook","OneHitWonderSystem","Hallownest:GodTamersBeastRelic","ChiXiaoBlade","ChiXiaoBlade"],"acts_visited":["Hallownest:Greenpath","Hallownest:CityofTears","Hallownest:KingdomsEdge"],"potions_floor_usage":[],"damage_taken":[{"damage":0.0,"enemies":"2_ Uuma","floor":1.0,"turns":1.0},{"damage":0.0,"enemies":"Hallownest:2_MossCreeps","floor":2.0,"turns":1.0},{"damage":0.0,"enemies":"Hallownest:monsterHuskGuard","floor":4.0,"turns":1.0},{"damage":0.0,"enemies":"Hallownest:eliteVengeflyKing","floor":6.0,"turns":4.0},{"damage":0.0,"enemies":"Hallownest:monsterAspidMother","floor":10.0,"turns":2.0},{"damage":0.0,"enemies":"Hallownest:eliteCrystalGuardian","floor":11.0,"turns":3.0},{"damage":6.0,"enemies":"Hallownest:2_Tiktiks_1_Baldur_1_Crawlid","floor":13.0,"turns":2.0},{"damage":0.0,"enemies":"Hallownest:BossBrokenVessel","floor":16.0,"turns":4.0},{"damage":0.0,"enemies":"Hallownest:3_Youths","floor":18.0,"turns":3.0},{"damage":0.0,"enemies":"Hallownest:2_Mistakes","floor":19.0,"turns":2.0},{"damage":0.0,"enemies":"Hallownest:monsterMisterMushroom","floor":21.0,"turns":3.0},{"damage":0.0,"enemies":"Hallownest:Nosk","floor":24.0,"turns":5.0},{"damage":0.0,"enemies":"Hallownest:2_Husk_Sentries","floor":26.0,"turns":4.0},{"damage":0.0,"enemies":"Hallownest:2_Husk_Sentries","floor":28.0,"turns":3.0},{"damage":13.0,"enemies":"Hallownest:3_Mistakes","floor":30.0,"turns":3.0},{"damage":0.0,"enemies":"Hallownest:BossSoulMaster","floor":33.0,"turns":4.0},{"damage":0.0,"enemies":"Hallownest:Shield_Heavy","floor":35.0,"turns":3.0},{"damage":0,"enemies":"Hallownest:Shield_Heavy","floor":36,"turns":2},{"damage":0,"enemies":"Hallownest:Shield_Heavy","floor":36,"turns":2},{"damage":0,"enemies":"Hallownest:Shield_Heavy","floor":36,"turns":2},{"damage":0,"enemies":"Hallownest:Shield_Heavy","floor":36,"turns":2},{"damage":0,"enemies":"Hallownest:3_Siblings","floor":37,"turns":1}],"seed_played":"-363212895695126144","potions_obtained":[{"floor":2.0,"key":"Block Potion"},{"floor":4.0,"key":"AttackPotion"},{"floor":10.0,"key":"Cursed Concoction"},{"floor":16.0,"key":"FearPotion"}],"is_trial":false,"path_per_floor":["M","M","$","M","?","E","R","$","T","M","E","$","M","$","R","B",null,"M","M","T","M","T","R","E","?","MIM","R","M","R","M","$","R","B",null,"M","?","M","?"],"character_chosen":"THE_BUGKNIGHT","items_purchased":["HollowMod:KingsBrand","HollowMod:MantisMark","HollowMod:MawleksShell+1","ReplayTheSpireMod:CursedCoin","HollowMod:SiblingsSouls","relicPack:SpireResearchBook","HollowMod:FastStrike","HollowMod:CornifersMapStart","HollowMod:MantisMark","HollowMod:CornifersMapStart","HollowMod:Grubsong","HollowMod:SoulEater"],"campfire_rested":1,"item_purchase_floors":[3,8,12,31,31,31,31,31,31,31,31,31],"current_hp_per_floor":[75,75,75,75,20,30,30,30,30,36,36,36,30,30,30,42,75,75,75,75,75,75,75,75,75,75,75,75,75,62,62,62,62,1,1,1,1,0,0],"gold":323,"neow_bonus":"THREE_ENEMY_KILL","is_daily":false,"chose_seed":false,"campfire_upgraded":4,"win_rate":0.0,"timestamp":1609975806,"path_taken":["M","M","?","M","?","E","R","$","T","M","E","$","M","?","R","BOSS","M","M","?","M","?","R","E","?","MIM","R","M","R","M","$","R","BOSS","M","?","M","?"],"items_purchased_type":["Relic","Card","Card","Relic","Card","Relic","Card","Card","Card","Card","Card","Card"],"build_version":"2020-12-22","purchased_purges":11,"victory":false,"max_hp_per_floor":[75,75,75,75,75,75,75,75,75,75,75,75,75,75,75,75,75,75,75,75,75,75,75,75,75,75,75,75,75,75,75,75,75,1,1,1,1,1,1],"card_choices":[{"not_picked":["HollowMod:PerfectDash","HollowMod:WraithStrike"],"picked":"HollowMod:LifebloodCocoon","floor":1.0},{"not_picked":["HollowMod:MonarchWings","HollowMod:BaldurShell","HollowMod:GoodIntentions","HollowMod:SoulEater"],"picked":"HollowMod:CycloneSlash","floor":2.0},{"not_picked":["HollowMod:PerfectDash","HollowMod:SiblingsSouls","HollowMod:FallenFury","HollowMod:MothsMistake"],"picked":"HollowMod:Weaversong","floor":4.0},{"not_picked":["HollowMod:CrystalDash","HollowMod:Grubsong","HollowMod:InfectedCysts","HollowMod:VengefulSpirit","HollowMod:LifebloodCocoon"],"picked":"SKIP","floor":6.0},{"not_picked":["HollowMod:LifebloodCocoon","HollowMod:CrystalDash","HollowMod:InfectionAssault","HollowMod:DoubleDash"],"picked":"HollowMod:ChannelNail","floor":10.0},{"not_picked":["HollowMod:SoulSplash","HollowMod:DesolateDive","HollowMod:MidwifesHunger","HollowMod:CloakDash"],"picked":"HollowMod:MothsMistake","floor":11.0},{"not_picked":["HollowMod:InfectedCysts","HollowMod:SharpenedNail","HollowMod:ShapeofUnn","HollowMod:CornifersMapStart"],"picked":"HollowMod:CloakDash","floor":13.0},{"not_picked":["HollowMod:HornetsHelp","HollowMod:NewInfectedGuardian","HollowMod:ElderbugsWisdom","HollowMod:VoidDash"],"picked":"HollowMod:LifebloodCore","floor":16.0},{"not_picked":["HollowMod:GoodIntentions+1","HollowMod:FallenFury","HollowMod:LifebloodCocoon","HollowMod:NewGlowingWomb"],"picked":"HollowMod:MantisMark","floor":18.0},{"not_picked":["HollowMod:WraithStrike+1","HollowMod:HowlingWraiths","HollowMod:QuirrelsAssistance","HollowMod:SharpenedNail"],"picked":"HollowMod:ChannelNail+1","floor":19.0},{"not_picked":["HollowMod:VengefulVoid","HollowMod:WraithStrike","HollowMod:SharpenedShadows","HollowMod:DungDefenderAura"],"picked":"HollowMod:SoulShaman","floor":21.0},{"not_picked":["HollowMod:NewInfectedGuardian","HollowMod:CycloneSlash","HollowMod:ShapeofUnn","HollowMod:ShadowDash","HollowMod:VengefulSpirit+1"],"picked":"SKIP","floor":24.0},{"not_picked":["ReplayTheSpireMod:Necrogeddon","HandOfGreed","expansioncontent:DashGenerateEvil","expansioncontent:PrepareCrush"],"picked":"expansioncontent:CaCaw","floor":25.0},{"not_picked":["expansioncontent:ManipulateTime","expansioncontent:Torchfire","Replay:Parry","expansioncontent:Chronoboost"],"picked":"expansioncontent:QuickStudy","floor":25.0},{"not_picked":["HollowMod:DoubleDash","HollowMod:CornifersMapStart","HollowMod:SiblingsSouls","HollowMod:ChannelNail"],"picked":"HollowMod:InfectedAttack+1","floor":28.0},{"not_picked":["HollowMod:NewJinnsSoul","HollowMod:HornetsHelp","HollowMod:DescendingDark+1","HollowMod:InfectedCysts"],"picked":"HollowMod:SiblingsSouls","floor":30.0},{"not_picked":["HollowMod:ZotesMagnificence","HollowMod:Hiveblood","HollowMod:theNailsmith","HollowMod:Weaversong"],"picked":"HollowMod:SlysStrikes","floor":33.0},{"not_picked":["HollowMod:VengefulVoid+1","HollowMod:ShadowDash+1","HollowMod:NewJinnsSoul+1","HollowMod:DoubleDash","HollowMod:DashSlash"],"picked":"SKIP","floor":35},{"not_picked":["HollowMod:VengefulSpirit+1","HollowMod:CycloneSlash+1","HollowMod:LifebloodCocoon+1","HollowMod:NewLittleFool+1"],"picked":"HollowMod:CloakDash","floor":37}],"player_experience":394416,"relics_obtained":[{"floor":1.0,"key":"SynthV:TestCard"},{"floor":6.0,"key":"HollowMod:MantisClawRelic"},{"floor":9.0,"key":"SynthV:C4"},{"floor":11.0,"key":"Happy Flower"},{"floor":20.0,"key":"hubris:Metronome"},{"floor":22.0,"key":"ReplayTheSpireMod:TigerMarble"},{"floor":24.0,"key":"Blue Doll"},{"floor":26.0,"key":"Bottled Tornado"},{"floor":26.0,"key":"Replay:Bottled Snecko"}],"event_choices":[{"damage_healed":0.0,"max_hp_gain":0.0,"max_hp_loss":0.0,"gold_gain":0.0,"event_name":"betterSkull:BetterSkull","player_choice":"RE RE RE ","floor":5.0,"gold_loss":0.0,"damage_taken":61.0,"cards_upgraded":[],"relics_obtained":["Centennial Puzzle","hubris:ToyBattleship","Oddly Smooth Stone"]},{"damage_healed":0.0,"max_hp_gain":0.0,"max_hp_loss":0.0,"gold_gain":2.0,"event_name":"betterStone:BetterStone","player_choice":"1","floor":25.0,"gold_loss":0.0,"damage_taken":0.0}],"is_beta":false,"boss_relics":[{"not_picked":["energizedSpire:HugeHouse","Sozu"],"picked":"construct:WeddingRing"},{"not_picked":["Cursed Key","Tiny House"],"picked":"OneHitWonderSystem"}],"items_purged_floors":[3,3,3,3,3,3,3,3,3,31,31],"is_endless":false,"potions_floor_spawned":[2,4,10,16,19,28,30,33,36,37],"ascension_level":1}}