{"host":"bydnmyvf669xu6ab","time":1609925131,"event":{"mods":["Aspiration","BaseMod","Better Note","BetterRewards","Colored Map","Colored Powertips","Minty Spire (QoL Compilation)","Rare Cards Sparkle","Relic Stats","Shop Mod","StSLib","SuperFastMode","Virulent Crown"],"gold_per_floor":[119,119,133,150,425,425,279,279,279,297,297,307,322,349,349,444,444,454,471,471,471,292,292,326,326,326,337,337,362,362,362,362,458,458,468,743,760,412,255,255,280,280,280,280,291,306,306,322,322,322,322,322,12,41,41],"floor_reached":56,"playtime":3326,"items_purged":["Regret","Mind Blast","Strike_G","Strike_G","Strike_G"],"score":1545,"play_id":"032441c1-9029-47b1-8bc3-4fa1d30959ef","local_time":"20210106012531","is_ascension_mode":true,"campfire_choices":[{"floor":6,"key":"RECALL"},{"data":"Accuracy","floor":8,"key":"SMITH"},{"data":"Blur","floor":11,"key":"SMITH"},{"data":"Accuracy","floor":15,"key":"SMITH"},{"data":"Bullet Time","floor":23,"key":"SMITH"},{"data":"Backflip","floor":25,"key":"SMITH"},{"data":"Backflip","floor":28,"key":"SMITH"},{"floor":32,"key":"DIG"},{"floor":40,"key":"DIG"},{"data":"Envenom","floor":42,"key":"SMITH"},{"data":"Infinite Blades","floor":47,"key":"SMITH"},{"data":"Calculated Gamble","floor":49,"key":"SMITH"},{"data":"After Image","floor":52,"key":"SMITH"}],"circlet_count":0,"master_deck":["Strike_G","Strike_G+1","Defend_G","Defend_G","Defend_G","Defend_G","Defend_G+1","Survivor","Neutralize","Accuracy+1","Accuracy+1","Blade Dance+1","Backflip+1","Backflip+1","Poisoned Stab+1","Cloak And Dagger+1","Accuracy+1","Blur+1","Poisoned Stab","Deadly Poison","Bullet Time+1","Cloak And Dagger+1","Backflip","Blade Dance+1","Poisoned Stab","Calculated Gamble+1","Envenom+1","Prepared+1","Infinite Blades+1","Accuracy","Terror","A Thousand Cuts","After Image+1","Good Instincts","Deflect+1","Accuracy+1","Well Laid Plans"],"relics":["Ring of the Snake","FossilizedHelix","Membership Card","Vajra","Meat on the Bone","War Paint","Omamori","aspiration:RitualDagger","HornCleat","aspiration:HummingbirdHeart","Bag of Marbles","Peace Pipe","Shovel","Potion Belt","Philosopher\u0027s Stone","Lantern","Ninja Scroll","aspiration:FetidBarrel","Art of War","aspiration:HiddenCompartment","Sling","Anchor","Whetstone"],"acts_visited":["Exordium","TheCity","TheBeyond","TheEnding"],"potions_floor_usage":[14,55,55,55,55,55],"damage_taken":[{"damage":0,"enemies":"2 Louse","floor":1,"turns":2},{"damage":0,"enemies":"Cultist","floor":3,"turns":3},{"damage":0,"enemies":"Small Slimes","floor":4,"turns":4},{"damage":0,"enemies":"Looter","floor":10,"turns":3},{"damage":0,"enemies":"Large Slime","floor":12,"turns":4},{"damage":0,"enemies":"3 Louse","floor":13,"turns":3},{"damage":6,"enemies":"3 Sentries","floor":14,"turns":5},{"damage":5,"enemies":"Hexaghost","floor":16,"turns":7},{"damage":6,"enemies":"Chosen","floor":18,"turns":3},{"damage":28,"enemies":"3 Byrds","floor":19,"turns":6},{"damage":46,"enemies":"Gremlin Leader","floor":24,"turns":7},{"damage":6,"enemies":"Snake Plant","floor":27,"turns":3},{"damage":22,"enemies":"Slavers","floor":29,"turns":5},{"damage":52,"enemies":"Champ","floor":33,"turns":6},{"damage":33,"enemies":"3 Shapes","floor":35,"turns":4},{"damage":3,"enemies":"Orb Walker","floor":37,"turns":2},{"damage":20,"enemies":"Reptomancer","floor":41,"turns":4},{"damage":6,"enemies":"4 Shapes","floor":45,"turns":3},{"damage":43,"enemies":"3 Darklings","floor":46,"turns":6},{"damage":3,"enemies":"Writhing Mass","floor":48,"turns":2},{"damage":99,"enemies":"Awakened One","floor":50,"turns":7},{"damage":26,"enemies":"Shield and Spear","floor":54,"turns":5},{"damage":92,"enemies":"The Heart","floor":55,"turns":6}],"seed_played":"-585049329065960094","potions_obtained":[{"floor":3,"key":"Dexterity Potion"},{"floor":12,"key":"SkillPotion"},{"floor":13,"key":"DuplicationPotion"},{"floor":16,"key":"Fire Potion"},{"floor":33,"key":"Fire Potion"},{"floor":35,"key":"FearPotion"},{"floor":41,"key":"CunningPotion"}],"is_trial":false,"path_per_floor":["M","?","M","M","?","R","$","R","T","M","R","M","M","E","R","B",null,"M","M","?","?","$","R","E","R","T","M","R","E","?","?","R","B",null,"M","?","M","$","$","R","E","R","T","?","M","M","R","M","R","B",null,"R","$","E","B",null],"character_chosen":"THE_SILENT","items_purchased":["FossilizedHelix","Accuracy","Membership Card","Accuracy","Blade Dance","Vajra","Backflip","Meat on the Bone","Backflip","Accuracy","War Paint","HornCleat","Lantern","Ninja Scroll","Accuracy","Terror","A Thousand Cuts","Sling","Well Laid Plans","Anchor","GamblersBrew"],"campfire_rested":0,"item_purchase_floors":[0,0,0,0,0,0,0,0,0,7,7,22,38,38,38,38,39,53,53,53,53],"current_hp_per_floor":[46,51,51,51,51,51,51,51,51,51,51,51,51,45,45,40,75,69,41,41,41,41,41,75,75,75,75,75,65,58,58,58,55,75,55,55,60,60,60,60,66,66,66,66,72,47,47,61,61,35,75,75,75,57,45],"gold":41,"neow_bonus":"","is_daily":false,"chose_seed":false,"campfire_upgraded":10,"win_rate":0.0,"timestamp":1609925131,"path_taken":["M","?","M","M","?","R","$","R","T","M","R","M","?","E","R","BOSS","M","M","?","?","$","R","E","R","T","M","R","E","?","?","R","BOSS","M","?","M","?","$","R","E","R","T","?","M","?","R","M","R","BOSS","R","$","E","BOSS"],"items_purchased_type":["Relic","Card","Relic","Card","Card","Relic","Card","Relic","Card","Card","Relic","Relic","Relic","Relic","Card","Card","Card","Relic","Card","Relic","Potion"],"build_version":"2020-12-22","purchased_purges":5,"victory":true,"max_hp_per_floor":[70,75,75,75,75,75,75,75,75,75,75,75,75,75,75,75,75,75,75,75,75,75,75,75,75,75,75,75,75,75,75,75,75,75,75,75,75,75,75,75,75,75,75,75,75,75,75,75,75,75,75,75,75,75,75],"relic_stats":{"Peace Pipe":0,"Shovel":2,"counters":[577,2902],"Art of War":[1],"Whetstone":["Strike_G","Poisoned Stab","Poisoned Stab","Strike_G"],"War Paint":["Cloak And Dagger","Defend_G"],"obtain_stats":[{"TwistedFunnel":12,"Ginger":53,"Whetstone":54,"Bottled Tornado":26,"Sling":53,"aspiration:RitualStick":19,"Old Coin":37,"Blood Vial":47,"Sundial":24,"MealTicket":0,"Kunai":0,"Pear":14,"GiantMaggot":0,"Blue Candle":34,"Pen Nib":25,"Paper Crane":0,"aspiration:FrozenJewel":12,"aspiration:IroncladSkillbook":34,"SlaversCollar":17,"Pandora\u0027s Box":17,"Unceasing Top":0,"Ring of the Serpent":17,"WizardHat":0,"Regal Pillow":14,"aspiration:Lifesprig":0,"Lantern":30,"Singing Bowl":0,"StoneCalendar":34,"Rawhide":40,"RoseTintedShades":43,"Bag of Preparation":0,"Ancient Tea Set":47,"Cursed Key":34,"Burning Blood":26,"Shovel":31,"WristBlade":34,"Ninja Scroll":38,"aspiration:FutureDiary":17,"InkBottle":14,"Ring of the Snake":0,"aspiration:VileToxins":21,"Potion Belt":31,"Lee\u0027s Waffle":0,"CherryCoatedStake":0,"Golden Idol":13,"Thread and Needle":0,"PreservedInsect":9,"The Courier":3,"Omamori":0,"Busted Crown":17,"Ornamental Fan":10,"Orrery":0,"Turnip":30,"SpikesRelics:DaevaFist":0,"Art of War":45,"Bottled Lightning":9,"Toy Ornithopter":42,"Ice Cream":14,"Calipers":27,"Gremlin Horn":9,"Vajra":34,"Centennial Puzzle":54,"HornCleat":41,"SpikesRelics:ToyHorsey":48,"DollysMirror":53,"Strawberry":23,"Philosopher\u0027s Stone":17,"Toxic Egg 2":2,"LugNut":0,"Girya":14,"Happy Flower":7,"aspiration:Nostalgia":5,"Dead Branch":37,"Oddly Smooth Stone":37,"aspiration:SeaSaltIceCream":26,"BlackRope":17,"Letter Opener":54,"War Paint":53,"Question Card":12,"aspiration:HiddenCompartment":43,"Shuriken":0,"Bronze Scales":5,"Molten Egg 2":43,"CosmicIsotope":34,"Pocketwatch":41,"Meat on the Bone":22,"Darkstone Periapt":22,"SnailShell":43,"RetroEgg":23,"SacredBark":34,"Mango":45,"Snake Skull":22,"Juzu Bracelet":0,"Incense Burner":40,"PrismaticShard":25,"ClockworkSouvenir":0,"aspiration:StickyExplosives_weak":7,"Nunchaku":10,"Tough Bandages":11,"Dream Catcher":21,"aspiration:DefectSkillbook":17,"Gambling Chip":9,"Pantograph":48,"RollingBoulder":26,"Red Mask":21,"Cracked Core":22,"Runic Pyramid":34,"aspiration:FetidBarrel":40,"aspiration:HummingbirdHeart":38,"ToxicTincture":0,"aspiration:SecretTechniqueScroll":17,"Odd Mushroom":8,"Orichalcum":12,"White Beast Statue":54,"Mercury Hourglass":29,"Calling Bell":34,"Peace Pipe":29,"Strange Spoon":0,"Anchor":26,"CaptainsWheel":0,"Bag of Marbles":7,"aspiration:RitualDagger":34,"Membership Card":0,"PureWater":5,"FossilizedHelix":53,"TungstenRod":29},{"TwistedFunnel":502,"Ginger":315,"Whetstone":337,"Bottled Tornado":488,"Sling":575,"aspiration:RitualStick":393,"Old Coin":308,"Blood Vial":359,"Sundial":299,"MealTicket":338,"Kunai":316,"Pear":522,"GiantMaggot":362,"Blue Candle":305,"Pen Nib":300,"Paper Crane":409,"aspiration:FrozenJewel":286,"aspiration:IroncladSkillbook":399,"SlaversCollar":415,"Pandora\u0027s Box":392,"Unceasing Top":428,"Ring of the Serpent":440,"WizardHat":338,"Regal Pillow":369,"aspiration:Lifesprig":475,"Lantern":511,"Singing Bowl":316,"StoneCalendar":305,"Rawhide":333,"RoseTintedShades":333,"Bag of Preparation":495,"Ancient Tea Set":313,"Cursed Key":512,"Burning Blood":300,"Shovel":567,"WristBlade":491,"Ninja Scroll":570,"aspiration:FutureDiary":276,"InkBottle":535,"Ring of the Snake":0,"aspiration:VileToxins":348,"Potion Belt":398,"Lee\u0027s Waffle":362,"CherryCoatedStake":362,"Golden Idol":286,"Thread and Needle":316,"PreservedInsect":294,"The Courier":430,"Omamori":338,"Busted Crown":523,"Ornamental Fan":343,"Orrery":362,"Turnip":378,"SpikesRelics:DaevaFist":288,"Art of War":333,"Bottled Lightning":320,"Toy Ornithopter":547,"Ice Cream":345,"Calipers":462,"Gremlin Horn":285,"Vajra":305,"Centennial Puzzle":408,"HornCleat":311,"SpikesRelics:ToyHorsey":359,"DollysMirror":315,"Strawberry":299,"Philosopher\u0027s Stone":346,"Toxic Egg 2":270,"LugNut":281,"Girya":483,"Happy Flower":520,"aspiration:Nostalgia":431,"Dead Branch":381,"Oddly Smooth Stone":381,"aspiration:SeaSaltIceCream":300,"BlackRope":323,"Letter Opener":553,"War Paint":336,"Question Card":390,"aspiration:HiddenCompartment":571,"Shuriken":316,"Bronze Scales":431,"Molten Egg 2":405,"CosmicIsotope":421,"Pocketwatch":383,"Meat on the Bone":459,"Darkstone Periapt":373,"SnailShell":383,"RetroEgg":349,"SacredBark":353,"Mango":548,"Snake Skull":348,"Juzu Bracelet":386,"Incense Burner":472,"PrismaticShard":349,"ClockworkSouvenir":316,"aspiration:StickyExplosives_weak":320,"Nunchaku":321,"Tough Bandages":368,"Dream Catcher":416,"aspiration:DefectSkillbook":295,"Gambling Chip":367,"Pantograph":474,"RollingBoulder":395,"Red Mask":326,"Cracked Core":486,"Runic Pyramid":380,"aspiration:FetidBarrel":570,"aspiration:HummingbirdHeart":355,"ToxicTincture":338,"aspiration:SecretTechniqueScroll":370,"Odd Mushroom":436,"Orichalcum":438,"White Beast Statue":427,"Mercury Hourglass":465,"Calling Bell":305,"Peace Pipe":465,"Strange Spoon":409,"Anchor":327,"CaptainsWheel":338,"Bag of Marbles":293,"aspiration:RitualDagger":330,"Membership Card":428,"PureWater":431,"FossilizedHelix":315,"TungstenRod":529},{"TwistedFunnel":2560,"Ginger":1583,"Whetstone":1730,"Bottled Tornado":2501,"Sling":2891,"aspiration:RitualStick":2048,"Old Coin":1539,"Blood Vial":1863,"Sundial":1486,"MealTicket":1739,"Kunai":1588,"Pear":2654,"GiantMaggot":1891,"Blue Candle":1523,"Pen Nib":1490,"Paper Crane":2130,"aspiration:FrozenJewel":1413,"aspiration:IroncladSkillbook":2076,"SlaversCollar":2161,"Pandora\u0027s Box":2045,"Unceasing Top":2239,"Ring of the Serpent":2294,"WizardHat":1739,"Regal Pillow":1919,"aspiration:Lifesprig":2443,"Lantern":2599,"Singing Bowl":1588,"StoneCalendar":1523,"Rawhide":1694,"RoseTintedShades":1694,"Bag of Preparation":2534,"Ancient Tea Set":1567,"Cursed Key":2609,"Burning Blood":1490,"Shovel":2857,"WristBlade":2517,"Ninja Scroll":2869,"aspiration:FutureDiary":1382,"InkBottle":2716,"Ring of the Snake":0,"aspiration:VileToxins":1793,"Potion Belt":2068,"Lee\u0027s Waffle":1891,"CherryCoatedStake":1891,"Golden Idol":1413,"Thread and Needle":1588,"PreservedInsect":1457,"The Courier":2244,"Omamori":1739,"Busted Crown":2663,"Ornamental Fan":1765,"Orrery":1891,"Turnip":1966,"SpikesRelics:DaevaFist":1428,"Art of War":1694,"Bottled Lightning":1613,"Toy Ornithopter":2769,"Ice Cream":1775,"Calipers":2387,"Gremlin Horn":1411,"Vajra":1523,"Centennial Puzzle":2122,"HornCleat":1553,"SpikesRelics:ToyHorsey":1863,"DollysMirror":1583,"Strawberry":1486,"Philosopher\u0027s Stone":1784,"Toxic Egg 2":1357,"LugNut":1398,"Girya":2475,"Happy Flower":2647,"aspiration:Nostalgia":2248,"Dead Branch":1981,"Oddly Smooth Stone":1981,"aspiration:SeaSaltIceCream":1490,"BlackRope":1636,"Letter Opener":2796,"War Paint":1722,"Question Card":2033,"aspiration:HiddenCompartment":2873,"Shuriken":1588,"Bronze Scales":2248,"Molten Egg 2":2099,"CosmicIsotope":2196,"Pocketwatch":1992,"Meat on the Bone":2369,"Darkstone Periapt":1937,"SnailShell":1992,"RetroEgg":1800,"SacredBark":1828,"Mango":2776,"Snake Skull":1793,"Juzu Bracelet":2013,"Incense Burner":2427,"PrismaticShard":1800,"ClockworkSouvenir":1588,"aspiration:StickyExplosives_weak":1613,"Nunchaku":1619,"Tough Bandages":1912,"Dream Catcher":2166,"aspiration:DefectSkillbook":1466,"Gambling Chip":1908,"Pantograph":2436,"RollingBoulder":2057,"Red Mask":1654,"Cracked Core":2490,"Runic Pyramid":1978,"aspiration:FetidBarrel":2869,"aspiration:HummingbirdHeart":1839,"ToxicTincture":1739,"aspiration:SecretTechniqueScroll":1926,"Odd Mushroom":2272,"Orichalcum":2282,"White Beast Statue":2231,"Mercury Hourglass":2400,"Calling Bell":1523,"Peace Pipe":2400,"Strange Spoon":2130,"Anchor":1659,"CaptainsWheel":1739,"Bag of Marbles":1452,"aspiration:RitualDagger":1679,"Membership Card":2239,"PureWater":2248,"FossilizedHelix":1583,"TungstenRod":2692}],"Ring of the Snake":[204],"Meat on the Bone":36},"card_choices":[{"not_picked":["Acrobatics","Slice"],"picked":"Poisoned Stab","floor":1},{"not_picked":["Flechettes","Flying Knee","Acrobatics"],"picked":"SKIP","floor":3},{"not_picked":["Sucker Punch","Quick Slash"],"picked":"Cloak And Dagger","floor":4},{"not_picked":["Underhanded Strike","Concentrate"],"picked":"Blur","floor":10},{"not_picked":["Slice","Setup"],"picked":"Poisoned Stab","floor":12},{"not_picked":["Finisher","PiercingWail"],"picked":"Deadly Poison","floor":13},{"not_picked":["Riddle With Holes","Calculated Gamble","Deflect"],"picked":"SKIP","floor":14},{"not_picked":["Malaise","Unload"],"picked":"Bullet Time","floor":16},{"not_picked":["Underhanded Strike+1","Poisoned Stab"],"picked":"Cloak And Dagger+1","floor":18},{"not_picked":["Acrobatics","Outmaneuver+1"],"picked":"Backflip","floor":19},{"not_picked":["Deflect","Storm of Steel"],"picked":"Blade Dance+1","floor":24},{"not_picked":["Endless Agony+1","Crippling Poison"],"picked":"Poisoned Stab","floor":27},{"not_picked":["Backstab","Quick Slash"],"picked":"Calculated Gamble","floor":29},{"not_picked":["aspiration:Lunge","Doppelganger"],"picked":"Envenom","floor":33},{"not_picked":["Endless Agony+1","Dodge and Roll"],"picked":"Prepared+1","floor":35},{"not_picked":["Riddle With Holes","Accuracy+1"],"picked":"Infinite Blades","floor":37},{"not_picked":["Concentrate+1","Deadly Poison"],"picked":"After Image","floor":41},{"not_picked":["Dagger Throw+1","Acrobatics+1"],"picked":"Deflect+1","floor":45},{"not_picked":["Calculated Gamble","Poisoned Stab+1","Quick Slash"],"picked":"SKIP","floor":46},{"not_picked":["Distraction+1","Dodge and Roll+1"],"picked":"Accuracy+1","floor":48},{"not_picked":["Slice+1","Prepared","A Thousand Cuts"],"picked":"SKIP","floor":54}],"player_experience":2181568,"relics_obtained":[{"floor":14,"key":"Omamori"},{"floor":24,"key":"aspiration:HummingbirdHeart"},{"floor":26,"key":"Bag of Marbles"},{"floor":29,"key":"Peace Pipe"},{"floor":32,"key":"Potion Belt"},{"floor":40,"key":"aspiration:FetidBarrel"},{"floor":41,"key":"Art of War"},{"floor":43,"key":"aspiration:HiddenCompartment"},{"floor":54,"key":"Whetstone"}],"event_choices":[{"damage_healed":0,"gold_gain":0,"player_choice":"Donut","damage_taken":0,"max_hp_gain":5,"max_hp_loss":0,"event_name":"Big Fish","floor":2,"gold_loss":0},{"damage_healed":0,"gold_gain":275,"player_choice":"Desecrate","damage_taken":0,"max_hp_gain":0,"max_hp_loss":0,"event_name":"Golden Shrine","floor":5,"gold_loss":0,"cards_obtained":["Regret"]},{"damage_healed":0,"gold_gain":0,"player_choice":"Upgraded","damage_taken":0,"max_hp_gain":0,"max_hp_loss":0,"event_name":"Upgrade Shrine","floor":20,"gold_loss":0,"cards_upgraded":["Accuracy"]},{"damage_healed":0,"gold_gain":0,"player_choice":"Forge","damage_taken":0,"max_hp_gain":0,"max_hp_loss":0,"event_name":"Accursed Blacksmith","floor":21,"gold_loss":0,"cards_upgraded":["Blade Dance"]},{"damage_healed":0,"gold_gain":0,"player_choice":"Damaged","damage_taken":7,"max_hp_gain":0,"max_hp_loss":0,"event_name":"Wheel of Change","floor":30,"gold_loss":0},{"damage_healed":0,"gold_gain":0,"player_choice":"Opened","damage_taken":0,"relics_obtained":["Shovel"],"max_hp_gain":0,"max_hp_loss":0,"event_name":"The Mausoleum","floor":31,"gold_loss":0,"cards_obtained":["Writhe"]},{"damage_healed":0,"gold_gain":275,"player_choice":"Desecrate","damage_taken":0,"max_hp_gain":0,"max_hp_loss":0,"event_name":"Golden Shrine","floor":36,"gold_loss":0,"cards_obtained":["Regret"]},{"damage_healed":0,"gold_gain":0,"player_choice":"1 cards matched","damage_taken":0,"max_hp_gain":0,"max_hp_loss":0,"event_name":"Match and Keep!","floor":44,"gold_loss":0,"cards_obtained":["Good Instincts"]}],"is_beta":false,"boss_relics":[{"not_picked":["aspiration:WatcherSkillbook","aspiration:FutureDiary"],"picked":"aspiration:RitualDagger"},{"not_picked":["Ring of the Serpent","Snecko Eye"],"picked":"Philosopher\u0027s Stone"}],"items_purged_floors":[7,22,38,39,53],"is_endless":false,"potions_floor_spawned":[3,12,13,16,24,27,33,35,41,45,54],"ascension_level":1}}