{"host":"51fyd6gkml7xavq8","time":1609971111,"event":{"mods":["BaseMod","BetterRewards","Colored Map","Energized Spire","Infinite Spire","Minty Spire (QoL Compilation)","Replay The Spire","Shop Mod","Spicy Shops","StSLib","The Blue Laboratory","[IsaacMod]????"],"gold_per_floor":[109,0,20,20,38,73,73,83,83,83,8,8,8,39,39,138,138,162,261,201,218,76,106,106,123,173,184,184,202,223,225,225,324,324,346,446,446,459,490,490,299,299,325,364,389,43,72,72,72,180,180,187,197,200,138,145,145,168,168,168,177,177,186,186,188,188,188,188],"floor_reached":67,"playtime":3859,"items_purged":["Dualcast","Regret","ReplayTheSpireMod:Splinters","Zap"],"score":1419,"play_id":"bc850969-48dc-4a5d-ab85-1e6ac118259c","local_time":"20210106191151","is_ascension_mode":true,"campfire_choices":[{"data":"EpicFetus","floor":7.0,"key":"SMITH"},{"data":"infinitespire:SevenWalls","floor":13.0,"key":"SMITH"},{"floor":15.0,"key":"DIG"},{"data":"Defragment","floor":24.0,"key":"SMITH"},{"data":"Defragment","floor":28.0,"key":"SMITH"},{"data":"Defragment","floor":40.0,"key":"SMITH"},{"data":"Echo Form","floor":42.0,"key":"SMITH"},{"data":"ReplayTheSpireMod:Calculation Training","floor":49.0,"key":"SMITH"},{"data":"The Bomb","floor":57.0,"key":"SMITH"},{"data":"Defend_B","floor":59.0,"key":"SMITH"},{"data":"infinitespire:UltimateForm","floor":64.0,"key":"SMITH"},{"floor":66.0,"key":"RECALL"}],"circlet_count":0,"master_deck":["Strike_B+1","Strike_B+1","Defend_B+1","Defend_B+1","Defend_B+1","EpicFetus+1","Coolheaded+1","Defragment+1","infinitespire:SevenWalls+1","Defragment+1","Capacitor+1","Echo Form+1","Defragment+1","The Bomb+1","ReplayTheSpireMod:Calculation Training+1","Pain","infinitespire:UltimateForm+1"],"relics":["HushsDoor","Burning Blood","GuppysPaw","Pondfish Scales","Emotion Chip","infinitespire:Midas Blood","Bottled Flame","Singing Bowl","RottenBaby","Nuclear Battery","MerchantsRug","Replay:Kaleidoscope","DataDisk","BookOfRevelations","Ancient Tea Set","MealTicket","Replay:Antivirus Software","SacredBark","Sling","Blue Doll","Molten Egg 2","Golden Egg","WarpedTongs","Thread and Needle"],"acts_visited":["Exordium","TheCity","TheBeyond","Exordium"],"potions_floor_usage":[],"damage_taken":[{"damage":10.0,"enemies":"Small Slimes","floor":1.0,"turns":2.0},{"damage":0.0,"enemies":"Cultist","floor":3.0,"turns":3.0},{"damage":1.0,"enemies":"Jaw Worm","floor":5.0,"turns":5.0},{"damage":8.0,"enemies":"Lagavulin","floor":6.0,"turns":4.0},{"damage":8.0,"enemies":"Blue Slaver","floor":8.0,"turns":3.0},{"damage":0.0,"enemies":"3 Sentries","floor":14.0,"turns":1.0},{"damage":0.0,"enemies":"The Guardian","floor":16.0,"turns":6.0},{"damage":12.0,"enemies":"2 Thieves","floor":18.0,"turns":3.0},{"damage":1.0,"enemies":"Spheric Guardian","floor":21.0,"turns":3.0},{"damage":4.0,"enemies":"Replay:Snechameleon","floor":23.0,"turns":5.0},{"damage":0.0,"enemies":"Snecko","floor":25.0,"turns":3.0},{"damage":0.0,"enemies":"3 Cultists","floor":27.0,"turns":3.0},{"damage":20.0,"enemies":"Snake Plant","floor":29.0,"turns":3.0},{"damage":1.0,"enemies":"Chosen and Byrds","floor":30.0,"turns":5.0},{"damage":27.0,"enemies":"Champ","floor":33.0,"turns":7.0},{"damage":4.0,"enemies":"Orb Walker","floor":35.0,"turns":3.0},{"damage":3.0,"enemies":"3 Shapes","floor":38.0,"turns":5.0},{"damage":24.0,"enemies":"Nightmare","floor":44.0,"turns":7.0},{"damage":35.0,"enemies":"3 Darklings","floor":45.0,"turns":4.0},{"damage":0.0,"enemies":"Giant Head","floor":47.0,"turns":8.0},{"damage":12.0,"enemies":"Donu and Deca","floor":50.0,"turns":8.0},{"damage":0.0,"enemies":"Cultist","floor":52.0,"turns":3.0},{"damage":0.0,"enemies":"2 Louse","floor":53.0,"turns":2.0},{"damage":0.0,"enemies":"Small Slimes","floor":54.0,"turns":3.0},{"damage":7.0,"enemies":"Looter","floor":56.0,"turns":3.0},{"damage":12.0,"enemies":"Gremlin Nob","floor":58.0,"turns":3.0},{"damage":8.0,"enemies":"Lagavulin","floor":61.0,"turns":5.0},{"damage":11.0,"enemies":"Nightmare_Alpha","floor":63.0,"turns":9.0},{"damage":108,"enemies":"Delirium","floor":67,"turns":7}],"seed_played":"5044751409176003874","potions_obtained":[{"floor":1.0,"key":"Dexterity Potion"},{"floor":6.0,"key":"blueLaboratory:RememoryPotion"},{"floor":23.0,"key":"blueLaboratory:TeslaPotion"},{"floor":29.0,"key":"blueLaboratory:FruitPunch"},{"floor":33.0,"key":"blueLaboratory:BottledHope"},{"floor":35.0,"key":"LiquidBronze"},{"floor":38.0,"key":"Fire Potion"},{"floor":39.0,"key":"Elixir"},{"floor":47.0,"key":"Swift Potion"},{"floor":52.0,"key":"PowerPotion"},{"floor":58.0,"key":"blueLaboratory:FruitPunch"}],"is_trial":false,"path_per_floor":["M","$","M","?","M","E","R","M","T","?","$","?","R","E","R_BF","B",null,"M","?","?","M","$","E","R","M","T","M","R","M","M","?","R_BF","B",null,"M","?","?","M","?","R","$","R","T","NM","M","$","E","?","R","B",null,"M","M","M","$","M","R","E","R","T","E","?","NM","R","?","R_BF","B"],"character_chosen":"DEFECT","items_purchased":["MerchantsRug","Golden Egg","MerchantsRug","Defragment","DataDisk","BookOfRevelations","The Bomb","Sling"],"campfire_rested":0,"item_purchase_floors":[0,2,22,22,41,41,46,55],"current_hp_per_floor":[65,65,65,65,64,59,59,54,54,57,57,39,39,42,42,55,92,88,88,88,95,94,96,96,98,98,100,100,88,95,89,104,85,106,106,108,108,110,112,112,112,112,112,96,69,84,90,90,90,86,118,120,122,124,124,125,125,121,121,121,125,125,122,122,95,95,0,0],"gold":188,"neow_bonus":"","is_daily":false,"chose_seed":false,"campfire_upgraded":10,"win_rate":0.0,"timestamp":1609971111,"path_taken":["M","$","M","?","M","E","R","M","T","?","$","?","R","E","R_BF","BOSS","M","?","?","M","$","E","R","M","T","M","R","M","M","?","R_BF","BOSS","M","?","?","M","?","R","$","R","T","NM","M","$","E","?","R","BOSS","M","?","M","$","M","R","E","R","T","E","?","NM","R","?","R_BF","BOSS"],"items_purchased_type":["Relic","Relic","Relic","Card","Relic","Relic","Card","Relic"],"build_version":"2020-12-22","purchased_purges":4,"victory":false,"max_hp_per_floor":[75,75,75,75,75,78,78,81,81,84,84,87,87,90,90,92,92,94,94,94,96,96,96,96,98,98,100,100,102,104,104,104,106,106,106,108,108,110,112,112,112,112,112,114,116,116,116,116,116,118,118,120,122,124,124,126,126,128,128,128,134,134,136,136,136,136,136,136],"card_choices":[{"not_picked":[],"picked":"EpicFetus","floor":0.0},{"not_picked":["Beam Cell","Chaos","BasicCrystalCard"],"picked":"SKIP","floor":1.0},{"not_picked":["Sweeping Beam","Leap"],"picked":"Coolheaded","floor":3.0},{"not_picked":["Beam Cell","Ball Lightning"],"picked":"Bomb","floor":5.0},{"not_picked":["Ball Lightning","Gash"],"picked":"Defragment","floor":6.0},{"not_picked":["Redo","Consume"],"picked":"Bomb","floor":8.0},{"not_picked":["infinitespire:Fortify","infinitespire:UltimateForm"],"picked":"infinitespire:SevenWalls","floor":12.0},{"not_picked":["Hologram","Static Discharge"],"picked":"Bomb","floor":14.0},{"not_picked":["Rainbow","All For One","Reboot"],"picked":"Singing Bowl","floor":16.0},{"not_picked":["Gash","Reinforced Body","Tempest"],"picked":"Singing Bowl","floor":18.0},{"not_picked":["Redo+1","Leap","Glacier"],"picked":"Singing Bowl","floor":21.0},{"not_picked":["Auto Shields","Reinforced Body+1"],"picked":"Capacitor+1","floor":23.0},{"not_picked":["Leap","Rebound+1","Storm+1"],"picked":"Singing Bowl","floor":25.0},{"not_picked":["Stack","Fusion","Streamline+1"],"picked":"Singing Bowl","floor":27.0},{"not_picked":["Ball Lightning","Loop","Go for the Eyes+1"],"picked":"Singing Bowl","floor":29.0},{"not_picked":["Stack","Rebound","Sweeping Beam"],"picked":"Singing Bowl","floor":30.0},{"not_picked":["Seek","Electrodynamics"],"picked":"Echo Form","floor":33.0},{"not_picked":["Self Repair","Panic Button"],"picked":"Defragment","floor":35.0},{"not_picked":["Rip and Tear","Crystallizer","Genetic Algorithm"],"picked":"Singing Bowl","floor":36.0},{"not_picked":["Compile Driver+1","ReplayTheSpireMod:Repulse","Glacier+1"],"picked":"Singing Bowl","floor":38.0},{"not_picked":["Go for the Eyes","Leap","Compile Driver+1"],"picked":"Singing Bowl","floor":39.0},{"not_picked":["Hello World","Hologram","Go for the Eyes+1"],"picked":"Singing Bowl","floor":44.0},{"not_picked":["Hello World","Hologram","Streamline+1"],"picked":"Singing Bowl","floor":45.0},{"not_picked":["Compile Driver","Thunder Strike"],"picked":"ReplayTheSpireMod:Calculation Training","floor":47.0},{"not_picked":["Core Surge","Electrodynamics","Reboot"],"picked":"Singing Bowl","floor":50.0},{"not_picked":["Compile Driver","Go for the Eyes","Sweeping Beam"],"picked":"Singing Bowl","floor":52.0},{"not_picked":["Recycle","Force Field","Sunder"],"picked":"Singing Bowl","floor":53.0},{"not_picked":["Darkness","Ball Lightning","Recycle"],"picked":"Singing Bowl","floor":54.0},{"not_picked":["Conserve Battery","Beam Cell","Cancel"],"picked":"Singing Bowl","floor":56.0},{"not_picked":["Ball Lightning","Turbo","Distribution"],"picked":"Singing Bowl","floor":58.0},{"not_picked":["Conserve Battery","Undo","Hologram"],"picked":"Singing Bowl","floor":61.0},{"not_picked":["infinitespire:Collect","infinitespire:Oblivion"],"picked":"infinitespire:UltimateForm","floor":63.0},{"not_picked":["Barrage+1","Cancel","Heatsinks"],"picked":"Singing Bowl","floor":63.0}],"player_experience":464007,"relics_obtained":[{"floor":6.0,"key":"Replay:Ringing Soul"},{"floor":9.0,"key":"Leech"},{"floor":14.0,"key":"StoneCalendar"},{"floor":15.0,"key":"Replay:Accelerometer"},{"floor":23.0,"key":"Replay:Kaleidoscope"},{"floor":26.0,"key":"Simple Rune"},{"floor":43.0,"key":"Ancient Tea Set"},{"floor":44.0,"key":"MealTicket"},{"floor":47.0,"key":"Replay:Antivirus Software"},{"floor":58.0,"key":"Blue Doll"},{"floor":60.0,"key":"Molten Egg 2"},{"floor":61.0,"key":"Golden Egg"},{"floor":63.0,"key":"Thread and Needle"}],"event_choices":[{"damage_healed":0.0,"max_hp_gain":0.0,"max_hp_loss":0.0,"gold_gain":0.0,"event_name":"FaceTrader","player_choice":"Trade","floor":4.0,"gold_loss":0.0,"damage_taken":0.0,"relics_obtained":["CultistMask"]},{"damage_healed":0.0,"max_hp_gain":0.0,"max_hp_loss":0.0,"gold_gain":0.0,"event_name":"Big Fish","player_choice":"Box","floor":10.0,"gold_loss":0.0,"damage_taken":0.0,"relics_obtained":["D4"],"cards_obtained":["Regret"]},{"damage_healed":0.0,"max_hp_gain":0.0,"max_hp_loss":0.0,"gold_gain":99.0,"event_name":"Nest","player_choice":"Stole From Cult","floor":19.0,"gold_loss":0.0,"damage_taken":0.0},{"damage_healed":0.0,"max_hp_gain":0.0,"max_hp_loss":0.0,"gold_gain":0.0,"event_name":"Knowing Skull","player_choice":"","floor":31.0,"potions_obtained":[],"gold_loss":0.0,"damage_taken":6.0,"cards_obtained":[]},{"cards_removed":["Strike_B"],"damage_healed":0.0,"max_hp_gain":0.0,"max_hp_loss":0.0,"gold_gain":0.0,"event_name":"Falling","player_choice":"Removed Attack","floor":37.0,"gold_loss":0.0,"damage_taken":0.0},{"damage_healed":0.0,"max_hp_gain":0.0,"max_hp_loss":0.0,"gold_gain":0.0,"event_name":"Accursed Blacksmith","player_choice":"Rummage","floor":62.0,"gold_loss":0.0,"damage_taken":0.0,"relics_obtained":["WarpedTongs"],"cards_obtained":["Pain"]},{"damage_healed":0.0,"max_hp_gain":0.0,"max_hp_loss":0.0,"gold_gain":0.0,"event_name":"Shining Light","player_choice":"Entered Light","floor":65.0,"gold_loss":0.0,"damage_taken":27.0,"cards_upgraded":["Strike_B","Strike_B"]}],"is_beta":false,"boss_relics":[{"not_picked":["ReplayTheSpireMod:DimensionalGlitch","energizedSpire:OldTV"],"picked":"Nuclear Battery"},{"not_picked":[]},{"not_picked":["Kintsugi","Replay:Grab Bag"],"picked":"Empty Cage"},{"not_picked":[]},{"not_picked":["Pandora\u0027s Box","Ring of Chaos"],"picked":"SacredBark"},{"not_picked":[]}],"items_purged_floors":[2,11,41,46],"is_endless":true,"potions_floor_spawned":[1,6,23,29,33,35,38,47,52,58],"killed_by":"Delirium","ascension_level":4}}