{"host":"yiit85oc4oi3nqs8","time":1609942411,"event":{"mods":["AchievementEnabler","BaseMod","Better Third Choice","Block Reminder","DeckTracker","Highlight Path","Keyboard Shortcuts","Minty Spire (QoL Compilation)","MonsterHotkey","Quick Restart","Random Character Button","Relic Stats","StSLib"],"gold_per_floor":[112,132,132,151,151,151,178,178,188,188,217,217,217,217,227,227,247,247,247,10,10,10,10,38,63,63,63,141,141,155,170,170,188,188,188,204,204,235,235,253,253,253,280,307,307,324,304,304,204,254,268,318,350,367,379,379,379,379,455,455,466,466,483,483,483,535,535,535,535,535,410,410,410,460,460,460,505,530,530,530,530,541,566,591,591,441,266,266,266,266,266,266,20,50,50],"floor_reached":96,"playtime":3806,"items_purged":["Strike_B","Defend_B+1","Zap+1","Defend_B+1","Defend_B+1"],"score":2672,"play_id":"2fd7b060-5fdb-4e4f-bb66-c12a0bec8230","local_time":"20210106231331","is_ascension_mode":true,"campfire_choices":[{"floor":8.0,"key":"REST"},{"data":"Streamline","floor":10.0,"key":"SMITH"},{"floor":14.0,"key":"REST"},{"data":"Glacier","floor":16.0,"key":"SMITH"},{"data":"Echo Form","floor":18.0,"key":"SMITH"},{"data":"Zap","floor":21.0,"key":"SMITH"},{"data":"Defend_B","floor":22.0,"key":"SMITH"},{"data":"Hologram","floor":26.0,"key":"SMITH"},{"data":"Defend_B","floor":27.0,"key":"SMITH"},{"data":"Skim","floor":37,"key":"SMITH"},{"data":"Defend_B","floor":39,"key":"SMITH"},{"data":"Defend_B","floor":41,"key":"SMITH"},{"floor":42,"key":"RECALL"},{"data":"Defragment","floor":56,"key":"SMITH"},{"data":"Capacitor","floor":57,"key":"SMITH"},{"data":"Gash","floor":58,"key":"SMITH"},{"data":"Madness","floor":70,"key":"SMITH"},{"data":"Flash of Steel","floor":72,"key":"SMITH"}],"circlet_count":0,"master_deck":["AscendersBane","Streamline+1","Glacier+1","Echo Form+1","Hologram+1","Skim+1","Gash+1","Defragment+1","Capacitor+1","Madness+1","Madness+1","Flash of Steel+1","Gash+1","Echo Form","Machine Learning"],"relics":["Cracked Core","NeowsBlessing","InkBottle","Mango","Pocketwatch","Turnip","Juzu Bracelet","Blue Candle","TungstenRod","MealTicket","Coffee Dripper","Ice Cream","Omamori","Potion Belt","Strawberry","SlaversCollar","Calipers","Blood Vial","Bronze Scales","Pen Nib","Emotion Chip","Mummified Hand","Unceasing Top","Membership Card","Oddly Smooth Stone"],"acts_visited":["Exordium","TheCity","TheBeyond","TheEnding"],"potions_floor_usage":[36,36,46,51,59,82,95],"damage_taken":[{"damage":0.0,"enemies":"2 Louse","floor":1.0,"turns":1.0},{"damage":0.0,"enemies":"Cultist","floor":2.0,"turns":1.0},{"damage":0.0,"enemies":"Jaw Worm","floor":4.0,"turns":1.0},{"damage":32.0,"enemies":"Gremlin Nob","floor":7.0,"turns":4.0},{"damage":9.0,"enemies":"Red Slaver","floor":9.0,"turns":2.0},{"damage":20.0,"enemies":"Lagavulin","floor":11.0,"turns":5.0},{"damage":4.0,"enemies":"Exordium Thugs","floor":15.0,"turns":5.0},{"damage":0.0,"enemies":"2 Fungi Beasts","floor":17.0,"turns":3.0},{"damage":0.0,"enemies":"Gremlin Nob","floor":24.0,"turns":3.0},{"damage":4.0,"enemies":"The Guardian","floor":28.0,"turns":9.0},{"damage":7.0,"enemies":"2 Thieves","floor":30.0,"turns":4.0},{"damage":3.0,"enemies":"3 Byrds","floor":31.0,"turns":5.0},{"damage":0.0,"enemies":"Centurion and Healer","floor":33.0,"turns":6.0},{"damage":16,"enemies":"Snake Plant","floor":36,"turns":2},{"damage":19,"enemies":"Book of Stabbing","floor":38,"turns":5},{"damage":0,"enemies":"Snecko","floor":40,"turns":5},{"damage":1,"enemies":"Shelled Parasite and Fungi","floor":46,"turns":4},{"damage":8,"enemies":"Chosen and Byrds","floor":51,"turns":5},{"damage":23,"enemies":"Gremlin Leader","floor":53,"turns":5},{"damage":21,"enemies":"Cultist and Chosen","floor":54,"turns":7},{"damage":0,"enemies":"Snecko","floor":55,"turns":6},{"damage":12,"enemies":"Champ","floor":59,"turns":9},{"damage":17,"enemies":"3 Darklings","floor":61,"turns":5},{"damage":5,"enemies":"Orb Walker","floor":63,"turns":4},{"damage":24,"enemies":"2 Orb Walkers","floor":66,"turns":6},{"damage":0,"enemies":"3 Darklings","floor":82,"turns":3},{"damage":9,"enemies":"Nemesis","floor":83,"turns":5},{"damage":0,"enemies":"Mind Bloom Boss Battle","floor":84,"turns":5},{"damage":22,"enemies":"Donu and Deca","floor":89,"turns":3},{"damage":8,"enemies":"Shield and Spear","floor":94,"turns":4},{"damage":23,"enemies":"The Heart","floor":95,"turns":6}],"seed_played":"8529150118684536580","potions_obtained":[{"floor":1.0,"key":"SkillPotion"},{"floor":17.0,"key":"Regen Potion"},{"floor":28.0,"key":"AttackPotion"},{"floor":31.0,"key":"SpeedPotion"},{"floor":33.0,"key":"FearPotion"},{"floor":38,"key":"Energy Potion"},{"floor":46,"key":"Swift Potion"},{"floor":55,"key":"SkillPotion"},{"floor":59,"key":"PotionOfCapacity"},{"floor":66,"key":"GamblersBrew"}],"is_trial":false,"path_per_floor":["M","M","?","M","?","?","E","R","M","R","E","T","T","R","M","R","M","R","$","?","R","R","T","E","?","R","R","B",null,"M","M","?","M","$","?","M","R","E","R","M","R","R","T","T","?","M","?","$","?","?","M","?","E","M","M","R","R","R","B",null,"M","?","M","?","?","?","?","?","$","R","$","R","?","T","R","R","T","T","T","?","?","M","E","?","R","$","?","R","B",null,"R","$","$","E","B",null],"character_chosen":"DEFECT","items_purchased":["Juzu Bracelet","Membership Card","Echo Form"],"campfire_rested":2,"item_purchase_floors":[20,93,93],"current_hp_per_floor":[64,64,64,64,43,36,18,43,34,34,14,14,14,39,35,35,35,35,35,35,35,35,35,35,35,35,35,46,75,68,65,65,65,80,80,64,64,45,45,45,45,45,45,45,45,44,44,59,74,74,66,59,43,22,22,22,22,22,10,72,55,39,34,34,34,10,10,10,25,25,40,40,40,40,40,40,40,40,40,75,75,75,66,68,68,75,75,75,53,70,70,75,75,67,46],"gold":50,"neow_bonus":"THREE_ENEMY_KILL","is_daily":false,"chose_seed":false,"campfire_upgraded":15,"win_rate":0.0,"timestamp":1609942411,"path_taken":["M","M","?","?","?","?","E","R","M","R","E","T","T","R","M","R","?","R","?","?","R","R","?","E","?","R","R","BOSS","M","M","?","M","?","?","M","R","E","R","M","R","R","T","T","?","M","?","?","?","?","M","?","E","M","M","R","R","R","BOSS","M","?","M","?","?","?","?","?","?","R","$","R","?","?","R","R","T","T","T","?","?","M","E","?","R","?","?","R","BOSS","R","$","$","E","BOSS"],"items_purchased_type":["Relic","Relic","Card"],"build_version":"2020-12-22","purchased_purges":5,"victory":true,"max_hp_per_floor":[71,71,71,71,71,71,85,85,85,85,85,85,85,85,85,85,85,85,85,85,85,85,85,85,85,85,85,85,85,85,85,85,85,85,85,85,85,85,85,85,85,85,85,85,85,85,85,85,85,85,85,85,92,92,92,92,92,92,92,92,92,92,92,92,92,92,92,92,92,92,92,92,92,92,92,92,92,92,92,75,75,75,75,75,75,75,75,75,75,75,75,75,75,75,75],"relic_stats":{"counters":[31,138],"Blue Candle":[1],"Pen Nib":[17],"Juzu Bracelet":7,"Blood Vial":4,"Emotion Chip":[23,5,18,0,0],"Mummified Hand":[19],"Bronze Scales":[141],"MealTicket":87,"Turnip":[10],"obtain_stats":[{"Ice Cream":38,"Calipers":66,"Mango":7,"Juzu Bracelet":20,"Blood Vial":74,"Emotion Chip":79,"Mummified Hand":83,"Strawberry":53,"MealTicket":25,"Cracked Core":0,"InkBottle":3,"Potion Belt":44,"NeowsBlessing":0,"Blue Candle":23,"Oddly Smooth Stone":94,"Pen Nib":78,"Omamori":43,"SlaversCollar":60,"Bronze Scales":77,"Turnip":12,"Coffee Dripper":29,"Membership Card":93,"TungstenRod":24,"Unceasing Top":84,"Pocketwatch":11},{"Ice Cream":15,"Calipers":25,"Mango":4,"Juzu Bracelet":8,"Blood Vial":25,"Emotion Chip":25,"Mummified Hand":27,"Strawberry":19,"MealTicket":9,"Cracked Core":0,"InkBottle":2,"Potion Belt":16,"NeowsBlessing":0,"Blue Candle":8,"Oddly Smooth Stone":30,"Pen Nib":25,"Omamori":16,"SlaversCollar":22,"Bronze Scales":25,"Turnip":6,"Coffee Dripper":10,"Membership Card":29,"TungstenRod":9,"Unceasing Top":28,"Pocketwatch":6},{"Ice Cream":56,"Calipers":112,"Mango":7,"Juzu Bracelet":22,"Blood Vial":112,"Emotion Chip":112,"Mummified Hand":120,"Strawberry":75,"MealTicket":25,"Cracked Core":0,"InkBottle":2,"Potion Belt":61,"NeowsBlessing":0,"Blue Candle":22,"Oddly Smooth Stone":132,"Pen Nib":112,"Omamori":61,"SlaversCollar":97,"Bronze Scales":112,"Turnip":14,"Coffee Dripper":34,"Membership Card":128,"TungstenRod":25,"Unceasing Top":125,"Pocketwatch":14}],"InkBottle":[77],"TungstenRod":64,"Unceasing Top":[4],"Pocketwatch":[93]},"card_choices":[{"not_picked":["Heatsinks","Rip and Tear","Fusion"],"picked":"SKIP","floor":1.0},{"not_picked":["Rebound","Hologram"],"picked":"Streamline","floor":2.0},{"not_picked":["Chaos","Hologram","Ball Lightning"],"picked":"SKIP","floor":4.0},{"not_picked":["Loop","Double Energy","Steam"],"picked":"SKIP","floor":7.0},{"not_picked":["Redo","Sunder","Static Discharge"],"picked":"SKIP","floor":9.0},{"not_picked":["Beam Cell","Leap"],"picked":"Glacier","floor":11.0},{"not_picked":["Sweeping Beam","Rip and Tear","Rebound"],"picked":"SKIP","floor":15.0},{"not_picked":["Barrage","Coolheaded"],"picked":"Echo Form","floor":17.0},{"not_picked":["Rainbow","Lockon"],"picked":"Hologram","floor":24.0},{"not_picked":["Static Discharge","Lockon","Streamline"],"picked":"SKIP","floor":30.0},{"not_picked":["Undo","Turbo","Fusion"],"picked":"SKIP","floor":31.0},{"not_picked":["Storm","Genetic Algorithm","Stack"],"picked":"SKIP","floor":33.0},{"not_picked":["Barrage","Leap","Steam+1"],"picked":"SKIP","floor":36},{"not_picked":["Streamline","Compile Driver","Rebound"],"picked":"SKIP","floor":38},{"not_picked":["Hologram","Sunder","Barrage+1"],"picked":"SKIP","floor":40},{"not_picked":["Skim+1","Hologram+1"],"picked":"Gash","floor":46},{"not_picked":["Barrage","Ball Lightning","Rebound"],"picked":"SKIP","floor":51},{"not_picked":["Biased Cognition","Hello World","Beam Cell"],"picked":"SKIP","floor":53},{"not_picked":["Force Field","Barrage"],"picked":"Defragment","floor":54},{"not_picked":["Fusion","Rebound"],"picked":"Capacitor","floor":55},{"not_picked":["Cold Snap+1","Conserve Battery","Compile Driver"],"picked":"SKIP","floor":61},{"not_picked":["Barrage","Streamline","Stack+1"],"picked":"SKIP","floor":63},{"not_picked":["Trip","Apotheosis"],"picked":"Flash of Steel","floor":64},{"not_picked":["Steam+1","Coolheaded+1","Genetic Algorithm"],"picked":"SKIP","floor":82},{"not_picked":["Hello World","Hologram","Lockon"],"picked":"SKIP","floor":83},{"not_picked":["Beam Cell","Hologram"],"picked":"Machine Learning","floor":94}],"player_experience":489578,"relics_obtained":[{"floor":7.0,"key":"Mango"},{"floor":11.0,"key":"Pocketwatch"},{"floor":12.0,"key":"Turnip"},{"floor":23.0,"key":"Blue Candle"},{"floor":24.0,"key":"TungstenRod"},{"floor":25.0,"key":"MealTicket"},{"floor":38,"key":"Ice Cream"},{"floor":43,"key":"Omamori"},{"floor":44,"key":"Potion Belt"},{"floor":53,"key":"Strawberry"},{"floor":66,"key":"Calipers"},{"floor":74,"key":"Blood Vial"},{"floor":77,"key":"Bronze Scales"},{"floor":78,"key":"Pen Nib"},{"floor":79,"key":"Emotion Chip"},{"floor":83,"key":"Mummified Hand"},{"floor":84,"key":"Unceasing Top"},{"floor":94,"key":"Oddly Smooth Stone"}],"event_choices":[{"damage_healed":0.0,"max_hp_gain":0.0,"max_hp_loss":0.0,"gold_gain":0.0,"event_name":"WeMeetAgain","player_choice":"Gave Potion","floor":3.0,"gold_loss":0.0,"damage_taken":0.0,"relics_obtained":["InkBottle"]},{"damage_healed":64.0,"max_hp_gain":0.0,"max_hp_loss":71.0,"gold_gain":0.0,"event_name":"betterThird:BetterShining","player_choice":"Upgrade","floor":5.0,"gold_loss":0.0,"damage_taken":21.0,"cards_upgraded":["Dualcast","Strike_B"]},{"cards_removed":["Strike_B"],"damage_healed":0.0,"max_hp_gain":0.0,"max_hp_loss":0.0,"gold_gain":0.0,"event_name":"Golden Wing","player_choice":"Card Removal","floor":6.0,"gold_loss":0.0,"damage_taken":7.0},{"damage_healed":0.0,"max_hp_gain":0.0,"max_hp_loss":0.0,"gold_gain":0.0,"cards_transformed":["Strike_B"],"event_name":"Transmorgrifier","player_choice":"Transformed","floor":32.0,"gold_loss":0.0,"damage_taken":0.0,"cards_obtained":["Skim"]},{"damage_healed":0,"gold_gain":0,"player_choice":"Ignored","damage_taken":0,"max_hp_gain":0,"max_hp_loss":0,"event_name":"Cursed Tome","floor":35,"gold_loss":0},{"cards_removed":["Strike_B"],"damage_healed":0,"gold_gain":0,"player_choice":"Card Removal","damage_taken":0,"max_hp_gain":0,"max_hp_loss":0,"event_name":"Wheel of Change","floor":45,"gold_loss":0},{"damage_healed":0,"gold_gain":0,"player_choice":"Bought 1 Potion","damage_taken":0,"max_hp_gain":0,"max_hp_loss":0,"event_name":"The Woman in Blue","floor":47,"gold_loss":0},{"damage_healed":0,"gold_gain":50,"player_choice":"Pray","damage_taken":0,"max_hp_gain":0,"max_hp_loss":0,"event_name":"Golden Shrine","floor":50,"gold_loss":0},{"damage_healed":0,"gold_gain":50,"player_choice":"Touch","damage_taken":8,"max_hp_gain":0,"max_hp_loss":0,"event_name":"FaceTrader","floor":52,"gold_loss":0},{"damage_healed":0,"gold_gain":0,"player_choice":"Embrace Madness","damage_taken":17,"max_hp_gain":0,"max_hp_loss":0,"event_name":"Winding Halls","floor":62,"gold_loss":0,"cards_obtained":["Madness","Madness"]},{"damage_healed":0,"gold_gain":0,"player_choice":"Memory 1","damage_taken":0,"max_hp_gain":0,"max_hp_loss":0,"event_name":"SensoryStone","floor":64,"gold_loss":0},{"cards_removed":["Dualcast"],"damage_healed":0,"gold_gain":0,"player_choice":"Removed Skill","damage_taken":0,"max_hp_gain":0,"max_hp_loss":0,"event_name":"Falling","floor":65,"gold_loss":0},{"damage_healed":0,"gold_gain":0,"player_choice":"Fight","damage_taken":0,"max_hp_gain":0,"max_hp_loss":0,"event_name":"Mysterious Sphere","floor":66,"gold_loss":0},{"damage_healed":0,"gold_gain":0,"player_choice":"Upgraded","damage_taken":0,"max_hp_gain":0,"max_hp_loss":0,"event_name":"Upgrade Shrine","floor":67,"gold_loss":0,"cards_upgraded":["Madness"]},{"cards_removed":["Defend_B"],"damage_healed":0,"gold_gain":0,"player_choice":"Offered Basic","damage_taken":0,"max_hp_gain":0,"max_hp_loss":0,"event_name":"Bonfire Elementals","floor":68,"gold_loss":0},{"damage_healed":0,"gold_gain":0,"player_choice":"Copied","damage_taken":0,"max_hp_gain":0,"max_hp_loss":0,"event_name":"Duplicator","floor":73,"gold_loss":0,"cards_obtained":["Gash"]},{"damage_healed":75,"gold_gain":0,"player_choice":"Heal","damage_taken":0,"max_hp_gain":0,"max_hp_loss":17,"event_name":"The Moai Head","floor":80,"gold_loss":0},{"damage_healed":0,"gold_gain":0,"player_choice":"Ignored","damage_taken":0,"max_hp_gain":0,"max_hp_loss":0,"event_name":"Tomb of Lord Red Mask","floor":81,"gold_loss":0},{"damage_healed":0,"gold_gain":0,"player_choice":"Fight","damage_taken":0,"max_hp_gain":0,"max_hp_loss":0,"event_name":"MindBloom","floor":84,"gold_loss":0}],"is_beta":false,"boss_relics":[{"not_picked":["Inserter","Sozu"],"picked":"Coffee Dripper"},{"not_picked":["Pandora\u0027s Box","Calling Bell"],"picked":"SlaversCollar"}],"items_purged_floors":[20,49,71,86,87],"is_endless":false,"potions_floor_spawned":[1,17,28,31,33,38,46,55,59,66],"ascension_level":19}}