{"host":"9ndbo4kgsfoemf7y","time":1609926886,"event":{"mods":["AchievementEnabler","BaseMod","Colored Map","DeckTracker","Keyboard Shortcuts","Minty Spire (QoL Compilation)","Permanent Neow","Quick Restart","Relic Stats","StSLib","SuperFastMode"],"gold_per_floor":[115,126,142,68,86,99,99,99,99,99,24,58,74,34,34,134,134,152,152,152,152],"floor_reached":20,"playtime":759,"items_purged":["Regret"],"score":218,"play_id":"d9b46e35-0283-47ad-8576-33646f53d927","local_time":"20210106185446","is_ascension_mode":true,"campfire_choices":[{"floor":7.0,"key":"REST"},{"data":"Hologram","floor":10.0,"key":"SMITH"},{"floor":15.0,"key":"REST"}],"circlet_count":0,"master_deck":["Strike_B","Strike_B","Strike_B","Strike_B","Defend_B","Defend_B","Defend_B","Defend_B","Zap","Dualcast","Mayhem+1","Conserve Battery","Stack","FTL","Hologram+1","Streamline","Buffer","Self Repair","Lockon","Seek","Beam Cell"],"relics":["Cracked Core","Pen Nib","Bag of Marbles","Runic Pyramid"],"acts_visited":["Exordium","TheCity"],"potions_floor_usage":[20],"damage_taken":[{"damage":9.0,"enemies":"Jaw Worm","floor":1.0,"turns":4.0},{"damage":4.0,"enemies":"Cultist","floor":2.0,"turns":4.0},{"damage":11.0,"enemies":"Small Slimes","floor":3.0,"turns":4.0},{"damage":30.0,"enemies":"3 Louse","floor":5.0,"turns":5.0},{"damage":9.0,"enemies":"Looter","floor":6.0,"turns":4.0},{"damage":12.0,"enemies":"3 Sentries","floor":12.0,"turns":7.0},{"damage":7.0,"enemies":"Exordium Wildlife","floor":13.0,"turns":4.0},{"damage":19.0,"enemies":"The Guardian","floor":16.0,"turns":10.0},{"damage":48.0,"enemies":"2 Thieves","floor":18.0,"turns":5.0},{"damage":12,"enemies":"3 Byrds","floor":20,"turns":4}],"seed_played":"7729364843623249109","potions_obtained":[{"floor":1.0,"key":"SpeedPotion"},{"floor":3.0,"key":"Explosive Potion"},{"floor":12.0,"key":"FearPotion"}],"is_trial":false,"path_per_floor":["M","M","M","$","M","M","R","?","T","R","$","E","M","$","R","B",null,"M","?","M"],"character_chosen":"DEFECT","items_purchased":["FTL","Lockon"],"campfire_rested":2,"item_purchase_floors":[4,14],"current_hp_per_floor":[66,62,51,51,21,12,34,34,34,34,34,22,15,15,37,25,63,22,8,0,0],"gold":152,"neow_bonus":"RANDOM_COLORLESS_2","is_daily":false,"chose_seed":false,"campfire_upgraded":1,"win_rate":0.0,"timestamp":1609926886,"path_taken":["M","M","M","$","M","M","R","?","T","R","$","E","M","?","R","BOSS","M","?","M"],"items_purchased_type":["Card","Card"],"build_version":"2020-12-22","purchased_purges":1,"victory":false,"max_hp_per_floor":[75,75,75,75,75,75,75,75,75,75,75,75,75,75,75,75,75,75,80,80,80],"relic_stats":{"counters":[10,51],"Pen Nib":[4],"obtain_stats":[{"Pen Nib":9,"Bag of Marbles":12,"Cracked Core":0,"Runic Pyramid":17},{"Pen Nib":5,"Bag of Marbles":6,"Cracked Core":0,"Runic Pyramid":8},{"Pen Nib":21,"Bag of Marbles":28,"Cracked Core":0,"Runic Pyramid":42}]},"card_choices":[{"not_picked":["Metamorphosis","Violence"],"picked":"Mayhem","floor":0.0},{"not_picked":["White Noise","Turbo"],"picked":"Conserve Battery","floor":1.0},{"not_picked":["Fusion","Tempest","Rebound"],"picked":"SKIP","floor":2.0},{"not_picked":["Gash","Turbo"],"picked":"Stack","floor":3.0},{"not_picked":["Go for the Eyes","Leap"],"picked":"Hologram","floor":5.0},{"not_picked":["Beam Cell","Storm"],"picked":"Streamline","floor":6.0},{"not_picked":["Steam Power","Consume"],"picked":"Buffer","floor":12.0},{"not_picked":["Conserve Battery","Barrage"],"picked":"Self Repair","floor":13.0},{"not_picked":["Core Surge","Biased Cognition"],"picked":"Seek","floor":16.0},{"not_picked":["Stack+1","Ball Lightning"],"picked":"Beam Cell","floor":18.0}],"player_experience":780432,"relics_obtained":[{"floor":9.0,"key":"Pen Nib"},{"floor":12.0,"key":"Bag of Marbles"}],"event_choices":[{"damage_healed":0.0,"max_hp_gain":0.0,"max_hp_loss":0.0,"gold_gain":0.0,"event_name":"Upgrade Shrine","player_choice":"Upgraded","floor":8.0,"gold_loss":0.0,"damage_taken":0.0,"cards_upgraded":["Mayhem"]},{"damage_healed":0.0,"max_hp_gain":5.0,"max_hp_loss":0.0,"gold_gain":0.0,"event_name":"Forgotten Altar","player_choice":"Shed Blood","floor":19.0,"gold_loss":0.0,"damage_taken":19.0}],"is_beta":false,"boss_relics":[{"not_picked":["Empty Cage","Calling Bell"],"picked":"Runic Pyramid"}],"items_purged_floors":[11],"is_endless":false,"potions_floor_spawned":[1,3,12],"killed_by":"3 Byrds","ascension_level":5}}