{"host":"tom9euzqew4po1rs","time":1609909242,"event":{"mods":["BaseMod","Minty Spire (QoL Compilation)","Quick Restart","Rare Cards Sparkle","Replay The Spire","StSLib","The Animator","The Cursed"],"gold_per_floor":[114,131,14,32,45,45,59,59,59,77,37,37,37,48,48,143,143,131,150,44,61,61,1,36,36,83,83,101,101,112,130,130,231,231,251,251,268,42,42,42,59,78,102,26,26,26,26,26],"floor_reached":47,"playtime":2851,"items_purged":[],"score":464,"play_id":"535341c4-7e9a-4bee-8f6b-96a9bd610752","local_time":"20210106000042","is_ascension_mode":false,"campfire_choices":[{"floor":6,"key":"RECALL"},{"data":"Noxious Fumes","floor":8,"key":"SMITH"},{"data":"Outmaneuver","floor":12,"key":"SMITH"},{"data":"Footwork","floor":15,"key":"SMITH"},{"floor":27,"key":"REST"},{"data":"Infinite Blades","floor":29,"key":"SMITH"},{"floor":32,"key":"REST"},{"data":"Infinite Blades","floor":40,"key":"SMITH"}],"circlet_count":0,"master_deck":["Strike_G","Strike_G","Strike_G","Strike_G","Strike_G","Defend_G","Defend_G","Defend_G","Defend_G","Defend_G","Survivor","Neutralize","Crippling Poison","Catalyst","Blade Dance","Noxious Fumes+1","Deflect","Blade Dance","Outmaneuver+1","Footwork+1","Blade Dance","Tools of the Trade","Footwork+1","Backflip","Infinite Blades+1","Infinite Blades+1","Slice+1","Draining Mist","Cloak And Dagger+1","Accuracy","ReplayTheSpireMod:Necrogeddon","Deflect","Accuracy","Deadly Poison","Swift Strike"],"relics":["Ring of the Snake","Busted Crown","Eternal Feather","ReplayTheSpireMod:Lightbulb","Replay:Bronze Core","Happy Flower","Pet Ghost"],"acts_visited":["Exordium","TheCity","TheBeyond"],"potions_floor_usage":[5,5,14,19,28,31,41,42],"damage_taken":[{"damage":0,"enemies":"Cultist","floor":1,"turns":4},{"damage":2,"enemies":"Small Slimes","floor":2,"turns":4},{"damage":2,"enemies":"2 Louse","floor":4,"turns":3},{"damage":3,"enemies":"Gremlin Gang","floor":5,"turns":4},{"damage":0,"enemies":"Red Slaver","floor":7,"turns":4},{"damage":0,"enemies":"Looter","floor":10,"turns":3},{"damage":7,"enemies":"Exordium Thugs","floor":14,"turns":4},{"damage":34,"enemies":"Fading Forest","floor":16,"turns":11},{"damage":6,"enemies":"2 Thieves","floor":18,"turns":4},{"damage":10,"enemies":"Shell Parasite","floor":19,"turns":6},{"damage":8,"enemies":"Snecko","floor":21,"turns":5},{"damage":30,"enemies":"Gremlin Leader","floor":24,"turns":8},{"damage":24,"enemies":"Cultist and Chosen","floor":28,"turns":7},{"damage":19,"enemies":"Centurion and Healer","floor":30,"turns":7},{"damage":15,"enemies":"Snecko","floor":31,"turns":5},{"damage":39,"enemies":"Automaton","floor":33,"turns":11},{"damage":24,"enemies":"3 Darklings","floor":35,"turns":9},{"damage":20,"enemies":"3 Shapes","floor":37,"turns":4},{"damage":25,"enemies":"Transient","floor":41,"turns":5},{"damage":11,"enemies":"3 Darklings","floor":42,"turns":4},{"damage":26,"enemies":"Nemesis","floor":47,"turns":3}],"seed_played":"-189610985833539614","potions_obtained":[{"floor":1,"key":"GhostInAJar"},{"floor":4,"key":"Energy Potion"},{"floor":7,"key":"Explosive Potion"},{"floor":18,"key":"Regen Potion"},{"floor":24,"key":"BlessingOfTheForge"},{"floor":28,"key":"Swift Potion"},{"floor":37,"key":"Death Potion"},{"floor":41,"key":"GhostInAJar"}],"is_trial":false,"path_per_floor":["M","M","$","M","M","R","M","R","T","M","$","R","$","M","R","B",null,"M","M","$","M","$","?","E","?","T","R","M","R","M","M","R","B",null,"M","?","M","$","?","R","M","M","T","$","?","$","E"],"character_chosen":"THE_SILENT","items_purchased":["Blade Dance","Noxious Fumes","Footwork","Backflip","Infinite Blades","Happy Flower","Accuracy","Accuracy"],"campfire_rested":2,"item_purchase_floors":[3,3,11,20,20,38,38,44],"current_hp_per_floor":[63,61,61,59,56,56,56,56,56,56,56,56,56,49,49,25,84,78,77,77,69,69,69,39,39,39,79,55,70,51,36,76,37,84,60,57,37,37,37,55,30,19,19,19,19,19,0,0],"gold":26,"neow_bonus":"TWENTY_PERCENT_HP_BONUS","is_daily":false,"chose_seed":false,"campfire_upgraded":5,"win_rate":0.0,"timestamp":1609909242,"path_taken":["M","M","$","M","M","R","M","R","T","M","$","R","$","?","R","BOSS","M","M","$","M","$","?","E","?","T","R","M","R","M","M","R","BOSS","M","?","?","?","?","R","M","?","T","$","?","$","E"],"items_purchased_type":["Card","Card","Card","Card","Card","Relic","Card","Card"],"build_version":"2020-12-22","purchased_purges":0,"victory":false,"max_hp_per_floor":[84,84,84,84,84,84,84,84,84,84,84,84,84,84,84,84,84,84,84,84,84,84,84,84,84,84,84,84,84,84,84,84,84,84,84,84,84,84,84,84,84,84,84,84,84,84,84,84],"card_choices":[{"not_picked":["Bane","Choke"],"picked":"Crippling Poison","floor":1},{"not_picked":["Outmaneuver","Underhanded Strike"],"picked":"Catalyst","floor":2},{"not_picked":["Underhanded Strike","ReplayTheSpireMod:The Works"],"picked":"Deflect","floor":4},{"not_picked":["Riddle With Holes","Endless Agony"],"picked":"Blade Dance","floor":5},{"not_picked":["Heel Hook","Dagger Spray","Underhanded Strike"],"picked":"SKIP","floor":7},{"not_picked":["Escape Plan","Bane"],"picked":"Outmaneuver","floor":10},{"not_picked":["Draining Mist","Deadly Poison"],"picked":"Blade Dance","floor":14},{"not_picked":["Bullet Time","Corpse Explosion"],"picked":"Tools of the Trade","floor":16},{"not_picked":[],"picked":"Footwork+1","floor":18},{"not_picked":["ReplayTheSpireMod:Exploit Weakness"],"picked":"SKIP","floor":19},{"not_picked":["Skewer+1"],"picked":"SKIP","floor":21},{"not_picked":["ReplayTheSpireMod:Exploit Weakness"],"picked":"SKIP","floor":24},{"not_picked":[],"picked":"Slice+1","floor":28},{"not_picked":["Terror"],"picked":"SKIP","floor":30},{"not_picked":["Heel Hook+1"],"picked":"SKIP","floor":31},{"not_picked":[],"picked":"Draining Mist","floor":35},{"not_picked":[],"picked":"Cloak And Dagger+1","floor":37},{"not_picked":[],"picked":"ReplayTheSpireMod:Necrogeddon","floor":39},{"not_picked":["Heel Hook+1"],"picked":"SKIP","floor":41},{"not_picked":[],"picked":"Deflect","floor":42}],"player_experience":61028,"relics_obtained":[{"floor":24,"key":"Eternal Feather"},{"floor":26,"key":"ReplayTheSpireMod:Lightbulb"},{"floor":43,"key":"Pet Ghost"}],"event_choices":[{"damage_healed":0,"gold_gain":0,"player_choice":"Punched","damage_taken":3,"max_hp_gain":0,"max_hp_loss":0,"event_name":"Designer","floor":36,"gold_loss":0},{"damage_healed":0,"gold_gain":0,"player_choice":"Memory 1","damage_taken":0,"max_hp_gain":0,"max_hp_loss":0,"event_name":"SensoryStone","floor":39,"gold_loss":0},{"damage_healed":0,"gold_gain":0,"player_choice":"2 cards matched","damage_taken":0,"max_hp_gain":0,"max_hp_loss":0,"event_name":"Match and Keep!","floor":45,"gold_loss":0,"cards_obtained":["Deadly Poison","Swift Strike"]}],"is_beta":false,"boss_relics":[{"not_picked":["Runic Dome","Fusion Hammer"],"picked":"Busted Crown"},{"not_picked":["Honey Jar","Replay:Drink Me"],"picked":"Replay:Bronze Core"}],"items_purged_floors":[],"is_endless":false,"potions_floor_spawned":[1,4,7,18,24,28,37,41],"killed_by":"Nemesis","ascension_level":0}}