{"host":"h2zaclyrd1q1i31f","time":1609891687,"event":{"mods":["BaseMod","Colored Map","Downfall","Hermit","Minty Spire (QoL Compilation)","Permanent Neow","StSLib","SuperFastMode","The Cursed","The Hierophant","The Mystic","The Servant 0.9.4"],"gold_per_floor":[116,116,116,116,41,55,55,130,130,130,165,165,198,233,233,303,303,339,367,422,422,337,337,371,422,497,535,306,362,362,407,407,409,409],"floor_reached":33,"playtime":1830,"items_purged":["hierophant:Defend_Hierophant"],"score":294,"play_id":"5d303756-a0f1-4337-8603-bcacf01458bd","local_time":"20210105180807","is_ascension_mode":false,"campfire_choices":[{"data":"hierophant:Endure","floor":7,"key":"SMITH"},{"data":"hierophant:MirrorShield","floor":10,"key":"SMITH"},{"data":"hierophant:CoinFling","floor":12,"key":"SMITH"},{"data":"hierophant:ChurchCoffers","floor":15,"key":"SMITH"},{"data":"hierophant:Batter","floor":23,"key":"SMITH"},{"floor":32,"key":"REST"}],"circlet_count":0,"master_deck":["hierophant:Strike_Hierophant","hierophant:Strike_Hierophant+1","hierophant:Strike_Hierophant","hierophant:Strike_Hierophant+1","hierophant:Punish+1","hierophant:Defend_Hierophant","hierophant:Defend_Hierophant","hierophant:Defend_Hierophant","hierophant:ChurchCoffers+1","hierophant:Endure+1","hierophant:MirrorShield+1","hierophant:Racketeering","hierophant:Doubloon","hierophant:CoinFling+1","hierophant:Doubloon","hierophant:HammerAndAnvil","hierophant:Batter+1","hierophant:SecretStash","hierophant:RepressedViolence","hierophant:ThreeLashes+1","hierophant:Embezzle","hierophant:Bribe+1"],"relics":["hierophant:PropheticMaskRelic","Whetstone","Dream Catcher","Velvet Choker","White Beast Statue","Pear","Bag of Marbles","Strawberry"],"acts_visited":["Exordium","TheCity"],"potions_floor_usage":[16,25,29,29,29,33,33,33],"damage_taken":[{"damage":0,"enemies":"Small Slimes","floor":1,"turns":3},{"damage":0,"enemies":"2 Louse","floor":4,"turns":2},{"damage":1,"enemies":"Cultist","floor":6,"turns":4},{"damage":23,"enemies":"Lagavulin","floor":11,"turns":8},{"damage":0,"enemies":"Looter","floor":13,"turns":3},{"damage":6,"enemies":"Exordium Wildlife","floor":14,"turns":3},{"damage":30,"enemies":"Hexaghost","floor":16,"turns":10},{"damage":0,"enemies":"Spheric Guardian","floor":18,"turns":2},{"damage":5,"enemies":"3 Byrds","floor":19,"turns":3},{"damage":29,"enemies":"Centurion and Healer","floor":20,"turns":6},{"damage":6,"enemies":"Chosen and Byrds","floor":24,"turns":4},{"damage":0,"enemies":"Shelled Parasite and Fungi","floor":25,"turns":2},{"damage":22,"enemies":"Cultist and Chosen","floor":27,"turns":6},{"damage":24,"enemies":"Slavers","floor":29,"turns":5},{"damage":7,"enemies":"3 Cultists","floor":31,"turns":5},{"damage":53,"enemies":"Collector","floor":33,"turns":7}],"seed_played":"1189608892975586985","potions_obtained":[{"floor":1,"key":"LiquidBronze"},{"floor":6,"key":"LiquidMemories"},{"floor":13,"key":"hexamod:EctoCoolerPotion"},{"floor":19,"key":"LiquidBronze"},{"floor":25,"key":"EntropicBrew"}],"is_trial":false,"path_per_floor":["M","?","?","M","$","M","R","?","T","R","E","R","M","M","R","B",null,"M","M","M","?","?","R","M","M","T","M","$","E","?","M","R","B"],"character_chosen":"HIEROPHANT","items_purchased":["hierophant:Racketeering","Bag of Marbles"],"campfire_rested":1,"item_purchase_floors":[5,28],"current_hp_per_floor":[82,87,87,87,87,86,86,75,75,75,52,52,52,46,46,16,87,87,82,53,53,53,53,47,47,57,35,35,18,18,11,42,0,0],"gold":409,"neow_bonus":"TEN_PERCENT_HP_BONUS","is_daily":false,"chose_seed":false,"campfire_upgraded":5,"win_rate":0.0,"timestamp":1609891687,"path_taken":["M","?","?","?","$","M","R","?","T","R","E","R","M","M","R","BOSS","M","M","M","?","?","R","M","M","T","M","?","E","?","?","R","BOSS"],"items_purchased_type":["Card","Relic"],"build_version":"2020-12-22","purchased_purges":1,"victory":false,"max_hp_per_floor":[82,87,87,87,87,87,87,87,87,87,87,87,87,87,87,87,87,87,87,87,87,87,87,87,87,97,97,97,104,104,104,104,104,104],"card_choices":[{"not_picked":["hierophant:Purify","hierophant:FieryStrike"],"picked":"hierophant:Endure","floor":1},{"not_picked":["hierophant:FlamingChariot","hierophant:DisplayOfPower"],"picked":"hierophant:MirrorShield","floor":4},{"not_picked":["hierophant:Refuge","hierophant:HolyVerse"],"picked":"hierophant:CoinFling","floor":6},{"not_picked":["hierophant:AuricForm","hierophant:Bribe"],"picked":"hierophant:Doubloon","floor":11},{"not_picked":["hierophant:OrnateBuckler","hierophant:Endure","hierophant:Encroach"],"picked":"SKIP","floor":13},{"not_picked":["hierophant:AuricShield","hierophant:ArchangelShield"],"picked":"hierophant:HammerAndAnvil","floor":14},{"not_picked":["hierophant:WrathOfGod","hierophant:Levitation"],"picked":"hierophant:Batter","floor":16},{"not_picked":["hierophant:FieryStrike","hierophant:AuricBeam+1","hierophant:Sermon"],"picked":"SKIP","floor":18},{"not_picked":["hierophant:FlamingChariot","hierophant:SealAway"],"picked":"hierophant:SecretStash","floor":19},{"not_picked":["hierophant:Alms","hierophant:OrnateBuckler"],"picked":"hierophant:RepressedViolence","floor":20},{"not_picked":["hierophant:Smite","hierophant:Remorse+1","hierophant:CoinFling"],"picked":"SKIP","floor":24},{"not_picked":["hierophant:SealAway","hierophant:RepressedViolence+1"],"picked":"hierophant:ThreeLashes+1","floor":25},{"not_picked":["hierophant:FlamingChariot+1","hierophant:HammerAndAnvil"],"picked":"hierophant:Embezzle","floor":27},{"not_picked":["hierophant:Doubloon","hierophant:Purify","hierophant:Encroach"],"picked":"SKIP","floor":29},{"not_picked":["hierophant:FlamingChariot","hierophant:Batter"],"picked":"hierophant:Bribe+1","floor":31}],"player_experience":134499,"relics_obtained":[{"floor":9,"key":"Whetstone"},{"floor":11,"key":"Dream Catcher"},{"floor":26,"key":"Pear"},{"floor":29,"key":"Strawberry"}],"event_choices":[{"damage_healed":0,"gold_gain":0,"player_choice":"Donut","damage_taken":0,"max_hp_gain":5,"max_hp_loss":0,"event_name":"Big Fish","floor":2,"gold_loss":0},{"damage_healed":0,"gold_gain":0,"player_choice":"Upgraded","damage_taken":0,"max_hp_gain":0,"max_hp_loss":0,"event_name":"Upgrade Shrine","floor":3,"gold_loss":0,"cards_upgraded":["hierophant:Punish"]},{"damage_healed":0,"gold_gain":75,"player_choice":"Gather Gold","damage_taken":11,"max_hp_gain":0,"max_hp_loss":0,"event_name":"World of Goop","floor":8,"gold_loss":0},{"damage_healed":0,"gold_gain":0,"player_choice":"Ignored","damage_taken":0,"max_hp_gain":0,"max_hp_loss":0,"event_name":"Cursed Tome","floor":21,"gold_loss":0},{"damage_healed":0,"gold_gain":0,"player_choice":"Obtained Relic","damage_taken":0,"relics_obtained":["White Beast Statue"],"max_hp_gain":0,"max_hp_loss":0,"event_name":"Addict","floor":22,"gold_loss":85},{"damage_healed":0,"gold_gain":0,"player_choice":"Ignored","damage_taken":0,"max_hp_gain":0,"max_hp_loss":0,"event_name":"NoteForYourself","floor":30,"gold_loss":0}],"is_beta":false,"boss_relics":[{"not_picked":["Astrolabe","Coffee Dripper"],"picked":"Velvet Choker"}],"items_purged_floors":[28],"is_endless":false,"potions_floor_spawned":[1,6,13,14,19,24,25,27,31],"killed_by":"Collector","ascension_level":0}}