{"host":"jm9833yuloeli2yd","time":1609958116,"event":{"mods":["BaseMod","Better Altar","Better Match","Better Note","Better Sensory Stone","Better Skull","Better Third Choice","Better Vampires","BetterRewards","Colored Map","Colored Powertips","DeckTracker","Minty Spire (QoL Compilation)","Permanent Neow","Quick Restart","StSLib","SuperFastMode"],"gold_per_floor":[110,124,138,149,169,196,209,38,38,38,70,70,97,115,115,193,193,203,203,93,13,30,30,30],"floor_reached":23,"playtime":776,"items_purged":[],"score":526,"play_id":"bb8fe06a-c34b-4ef6-b7c3-6cc069087013","local_time":"20210106133516","is_ascension_mode":true,"campfire_choices":[{"floor":12,"key":"REST"},{"data":"Finisher","floor":15,"key":"SMITH"}],"circlet_count":0,"master_deck":["AscendersBane","Strike_G+1","Strike_G","Defend_G","Defend_G","Defend_G+1","Defend_G","Defend_G+1","Survivor","Neutralize","Dark Shackles","Blade Dance","Flying Knee","All Out Attack","Sucker Punch","Endless Agony","Finisher+1","Expertise","Finisher","Corpse Explosion","Masterful Stab","Footwork","Backflip","Slice"],"relics":["Ring of the Snake","Sundial","Lee\u0027s Waffle","Matryoshka","The Specimen","Peace Pipe","Empty Cage"],"acts_visited":["Exordium","TheCity"],"potions_floor_usage":[6,14,16,16],"damage_taken":[{"damage":1,"enemies":"Small Slimes","floor":1,"turns":8},{"damage":2,"enemies":"Jaw Worm","floor":2,"turns":6},{"damage":0,"enemies":"Cultist","floor":3,"turns":3},{"damage":20,"enemies":"Exordium Thugs","floor":4,"turns":6},{"damage":6,"enemies":"Exordium Wildlife","floor":5,"turns":4},{"damage":26,"enemies":"3 Sentries","floor":6,"turns":9},{"damage":0,"enemies":"3 Louse","floor":7,"turns":2},{"damage":27,"enemies":"Lagavulin","floor":11,"turns":8},{"damage":8,"enemies":"Gremlin Nob","floor":13,"turns":3},{"damage":0,"enemies":"Large Slime","floor":14,"turns":4},{"damage":0,"enemies":"Slime Boss","floor":16,"turns":1},{"damage":7,"enemies":"Chosen","floor":18,"turns":6},{"damage":7,"enemies":"2 Thieves","floor":22,"turns":4},{"damage":50,"enemies":"Book of Stabbing","floor":23,"turns":4}],"seed_played":"2363558868485240615","potions_obtained":[{"floor":1,"key":"DuplicationPotion"},{"floor":7,"key":"Explosive Potion"},{"floor":13,"key":"Energy Potion"},{"floor":14,"key":"Strength Potion"}],"is_trial":false,"path_per_floor":["M","M","M","M","M","E","M","$","T","?","E","R","E","M","R","B",null,"M","?","?","$","M","E"],"character_chosen":"THE_SILENT","items_purchased":["Lee\u0027s Waffle","Backflip","Slice"],"campfire_rested":1,"item_purchase_floors":[8,21,21],"current_hp_per_floor":[58,56,56,36,30,4,4,73,73,51,24,45,37,37,37,37,64,57,57,57,57,50,0,0],"gold":30,"neow_bonus":"RANDOM_COLORLESS","is_daily":false,"chose_seed":false,"campfire_upgraded":1,"win_rate":0.0,"timestamp":1609958116,"path_taken":["M","M","M","M","M","E","M","$","T","?","E","R","E","M","R","BOSS","M","?","?","$","?","E"],"items_purchased_type":["Relic","Card","Card"],"build_version":"2020-12-22","purchased_purges":0,"victory":false,"max_hp_per_floor":[66,66,66,66,66,66,66,73,73,73,73,73,73,73,73,73,73,73,73,73,73,73,73,73],"card_choices":[{"not_picked":["Blind","Purity"],"picked":"Dark Shackles","floor":0},{"not_picked":["Prepared","Deflect"],"picked":"Blade Dance","floor":1},{"not_picked":["Blade Dance","Backflip"],"picked":"Flying Knee","floor":2},{"not_picked":["Slice","Caltrops"],"picked":"All Out Attack","floor":3},{"not_picked":["Blade Dance","Quick Slash"],"picked":"Sucker Punch","floor":4},{"not_picked":["Sucker Punch","Reflex"],"picked":"Endless Agony","floor":5},{"not_picked":["Blur","Deadly Poison"],"picked":"Finisher","floor":6},{"not_picked":["Night Terror","Calculated Gamble","Cloak And Dagger"],"picked":"SKIP","floor":7},{"not_picked":["Choke","Flying Knee"],"picked":"Expertise","floor":11},{"not_picked":["Slice","Underhanded Strike"],"picked":"Finisher","floor":13},{"not_picked":["Quick Slash","Acrobatics","Underhanded Strike"],"picked":"SKIP","floor":14},{"not_picked":["Burst","Phantasmal Killer"],"picked":"Corpse Explosion","floor":16},{"not_picked":["All Out Attack","Underhanded Strike"],"picked":"Masterful Stab","floor":18},{"not_picked":["Poisoned Stab","Skewer","Expertise"],"picked":"SKIP","floor":22}],"player_experience":1268840,"relics_obtained":[{"floor":6,"key":"Sundial"},{"floor":9,"key":"Matryoshka"},{"floor":11,"key":"The Specimen"},{"floor":13,"key":"Peace Pipe"}],"event_choices":[{"damage_healed":73,"gold_gain":0,"player_choice":"Upgrade","damage_taken":22,"max_hp_gain":0,"max_hp_loss":73,"event_name":"betterThird:BetterShining","floor":10,"gold_loss":0,"cards_upgraded":["Strike_G","Defend_G"]},{"damage_healed":0,"gold_gain":0,"player_choice":"Read","damage_taken":0,"max_hp_gain":0,"max_hp_loss":0,"event_name":"The Library","floor":19,"gold_loss":0,"cards_obtained":["Footwork"]},{"cards_removed":["Strike_G"],"damage_healed":0,"gold_gain":0,"player_choice":"Upgrade and Remove","damage_taken":0,"max_hp_gain":0,"max_hp_loss":0,"event_name":"Designer","floor":20,"gold_loss":110,"cards_upgraded":["Defend_G"]}],"is_beta":false,"boss_relics":[{"not_picked":["Calling Bell","Pandora\u0027s Box"],"picked":"Empty Cage"}],"items_purged_floors":[],"is_endless":false,"potions_floor_spawned":[1,7,13,14],"killed_by":"Book of Stabbing","ascension_level":20}}