{"host":"1a3cjta80tad0aqj","time":1609935619,"event":{"mods":["2.2 Compatiblity","AchievementEnabler","BaseMod","Colored Map","DeckTracker","KOR Keyword Fix","Keyboard Shortcuts","Minty Spire (QoL Compilation)","Permanent Neow","Quick Restart","Random Character Button","StSLib","SuperFastMode","everything is the same but u backflip on backflip"],"gold_per_floor":[117,130,142,217,230,230,258,269,269,269,287,300,300,329,329,428,428,441,176,188,62,78,78,107,107,132,47,47,79,79,97,97,201,201,220,85,85,10,23,23,34,34,85,102,113,161,214,229,229,229],"floor_reached":51,"playtime":3280,"items_purged":["Defend_B","Strike_B","Zap","Darkness"],"score":724,"play_id":"33d3f201-1f04-4baf-a4e7-4c8e90c78253","local_time":"20210106212019","is_ascension_mode":false,"campfire_choices":[{"data":"Sunder","floor":6.0,"key":"SMITH"},{"data":"Compile Driver","floor":10.0,"key":"SMITH"},{"data":"Rebound","floor":15.0,"key":"SMITH"},{"data":"Meteor Strike","floor":23.0,"key":"SMITH"},{"data":"Reinforced Body","floor":28.0,"key":"SMITH"},{"data":"Buffer","floor":32.0,"key":"SMITH"},{"data":"Beam Cell","floor":49.0,"key":"SMITH"}],"circlet_count":0,"master_deck":["Dualcast+1","Sunder+1","Compile Driver+1","Turbo+1","Conserve Battery+1","FTL+1","Leap+1","Steam+1","Meteor Strike+1","Chill+1","Melter+1","Sunder+1","Reinforced Body+1","Buffer+1","Core Surge+1","Hello World+1","Rip and Tear+1","Scrape+1","Cold Snap+1","Barrage+1","Aggregate+1","Hologram+1","Aggregate","Beam Cell+1"],"relics":["Cracked Core","FossilizedHelix","Lantern","CaptainsWheel","Gambling Chip","Mango","Philosopher\u0027s Stone","Membership Card","Bag of Marbles","Orichalcum","Pen Nib","Eternal Feather","StrikeDummy","Pandora\u0027s Box","HandDrill","Mark of the Bloom","Potion Belt","Turnip","Akabeko"],"acts_visited":["Exordium","TheCity","TheBeyond"],"potions_floor_usage":[50,50,50,50,50],"damage_taken":[{"damage":0.0,"enemies":"Jaw Worm","floor":1.0,"turns":3.0},{"damage":0.0,"enemies":"Small Slimes","floor":2.0,"turns":2.0},{"damage":0.0,"enemies":"2 Louse","floor":3.0,"turns":2.0},{"damage":0.0,"enemies":"2 Fungi Beasts","floor":5.0,"turns":3.0},{"damage":13.0,"enemies":"3 Sentries","floor":7.0,"turns":8.0},{"damage":0.0,"enemies":"Blue Slaver","floor":8.0,"turns":3.0},{"damage":0.0,"enemies":"Large Slime","floor":11.0,"turns":4.0},{"damage":0.0,"enemies":"3 Louse","floor":12.0,"turns":3.0},{"damage":0.0,"enemies":"Lagavulin","floor":14.0,"turns":5.0},{"damage":48.0,"enemies":"The Guardian","floor":16.0,"turns":11.0},{"damage":0.0,"enemies":"2 Thieves","floor":18.0,"turns":3.0},{"damage":14.0,"enemies":"3 Byrds","floor":20.0,"turns":5.0},{"damage":0.0,"enemies":"3 Cultists","floor":22.0,"turns":4.0},{"damage":0.0,"enemies":"Slavers","floor":24.0,"turns":5.0},{"damage":20.0,"enemies":"Gremlin Leader","floor":29.0,"turns":5.0},{"damage":0.0,"enemies":"Shelled Parasite and Fungi","floor":31.0,"turns":2.0},{"damage":56.0,"enemies":"Automaton","floor":33.0,"turns":12.0},{"damage":0.0,"enemies":"Orb Walker","floor":35.0,"turns":3.0},{"damage":5.0,"enemies":"3 Shapes","floor":39.0,"turns":2.0},{"damage":0.0,"enemies":"Sphere and 2 Shapes","floor":41.0,"turns":2.0},{"damage":0.0,"enemies":"Jaw Worm Horde","floor":44.0,"turns":3.0},{"damage":0.0,"enemies":"4 Shapes","floor":45.0,"turns":5.0},{"damage":0.0,"enemies":"2 Orb Walkers","floor":46.0,"turns":3.0},{"damage":0.0,"enemies":"Maw","floor":48.0,"turns":5.0},{"damage":49,"enemies":"Time Eater","floor":50,"turns":6}],"seed_played":"8010900525862990249","potions_obtained":[{"floor":1.0,"key":"SkillPotion"},{"floor":5.0,"key":"SneckoOil"},{"floor":7.0,"key":"DistilledChaos"},{"floor":14.0,"key":"Dexterity Potion"},{"floor":16.0,"key":"DistilledChaos"},{"floor":18.0,"key":"PotionOfCapacity"},{"floor":22.0,"key":"ColorlessPotion"},{"floor":33.0,"key":"AttackPotion"},{"floor":39.0,"key":"Ancient Potion"},{"floor":41.0,"key":"SteroidPotion"},{"floor":46.0,"key":"SkillPotion"},{"floor":48.0,"key":"Dexterity Potion"}],"is_trial":false,"path_per_floor":["M","M","M","?","M","R","E","M","T","R","M","M","?","E","R","B",null,"M","$","M","$","M","R","E","?","T","?","R","E","?","M","R","B",null,"M","$","?","$","M","?","M","?","T","M","M","?","T","M","R","B",null],"character_chosen":"DEFECT","items_purchased":["Melter","Membership Card","Bag of Marbles","HandDrill"],"campfire_rested":0,"item_purchase_floors":[19,19,21,36],"current_hp_per_floor":[68,68,68,57,57,57,44,44,44,44,44,44,37,51,51,3,82,82,82,68,68,68,68,68,68,68,68,80,60,60,60,72,16,82,82,82,78,78,73,73,73,73,73,73,73,73,73,73,73,24],"gold":229,"neow_bonus":"ONE_RARE_RELIC","is_daily":false,"chose_seed":true,"campfire_upgraded":7,"win_rate":0.0,"timestamp":1609935619,"path_taken":["M","M","M","?","M","R","E","M","T","R","M","M","?","E","R","BOSS","M","$","M","$","M","R","E","?","T","?","R","E","?","M","R","BOSS","M","$","?","$","M","?","M","?","T","M","M","?","?","M","R","BOSS"],"items_purchased_type":["Card","Relic","Relic","Relic"],"build_version":"2020-12-22","purchased_purges":4,"victory":true,"max_hp_per_floor":[68,68,68,68,68,68,68,68,68,68,68,68,68,82,82,82,82,82,82,82,82,82,82,82,82,82,82,82,82,82,82,82,82,82,82,82,78,78,78,78,78,78,78,78,78,78,78,78,78,78],"card_choices":[{"not_picked":["Steam Power","Go for the Eyes"],"picked":"Sunder","floor":1.0},{"not_picked":["Stack","Ball Lightning"],"picked":"Compile Driver","floor":2.0},{"not_picked":["Doom and Gloom","Heatsinks"],"picked":"Turbo","floor":3.0},{"not_picked":["Loop","Rebound"],"picked":"Conserve Battery","floor":5.0},{"not_picked":["Tempest","Force Field"],"picked":"FTL","floor":7.0},{"not_picked":["Streamline","Rainbow"],"picked":"Leap","floor":8.0},{"not_picked":["Redo","Barrage"],"picked":"Rebound","floor":11.0},{"not_picked":["Scrape","Defragment"],"picked":"Steam","floor":12.0},{"not_picked":["Rebound","Steam","Redo"],"picked":"SKIP","floor":14.0},{"not_picked":["Rainbow","Biased Cognition"],"picked":"Meteor Strike","floor":16.0},{"not_picked":["Compile Driver","Hello World"],"picked":"Chill+1","floor":18.0},{"not_picked":["Ball Lightning","Chaos","Recycle"],"picked":"SKIP","floor":20.0},{"not_picked":["Compile Driver","Turbo","Conserve Battery"],"picked":"SKIP","floor":22.0},{"not_picked":["Coolheaded","Beam Cell+1"],"picked":"Sunder+1","floor":24.0},{"not_picked":["Sunder","Tempest","Redo+1"],"picked":"SKIP","floor":29.0},{"not_picked":["Streamline","Sunder"],"picked":"Buffer","floor":31.0},{"not_picked":["Electrodynamics","Fission"],"picked":"Core Surge","floor":33.0},{"not_picked":["Redo","Rebound"],"picked":"Aggregate+1","floor":35.0},{"not_picked":["Gash","Streamline"],"picked":"Hologram","floor":39.0},{"not_picked":["Streamline","Storm"],"picked":"Aggregate","floor":41.0},{"not_picked":["Turbo","Cold Snap+1","Sweeping Beam"],"picked":"SKIP","floor":44.0},{"not_picked":["Heatsinks","Redo+1","Steam+1"],"picked":"SKIP","floor":45.0},{"not_picked":["Storm","Double Energy"],"picked":"Beam Cell","floor":46.0},{"not_picked":["Leap+1","Darkness+1","Loop"],"picked":"SKIP","floor":48.0}],"player_experience":143321,"relics_obtained":[{"floor":7.0,"key":"Lantern"},{"floor":9.0,"key":"CaptainsWheel"},{"floor":14.0,"key":"Mango"},{"floor":24.0,"key":"Orichalcum"},{"floor":26.0,"key":"Pen Nib"},{"floor":29.0,"key":"StrikeDummy"},{"floor":43.0,"key":"Potion Belt"},{"floor":46.0,"key":"Turnip"},{"floor":47.0,"key":"Akabeko"}],"event_choices":[{"damage_healed":0.0,"max_hp_gain":0.0,"max_hp_loss":0.0,"gold_gain":75.0,"event_name":"World of Goop","player_choice":"Gather Gold","floor":4.0,"gold_loss":0.0,"damage_taken":11.0},{"damage_healed":0.0,"max_hp_gain":0.0,"max_hp_loss":0.0,"gold_gain":0.0,"event_name":"Scrap Ooze","player_choice":"Success","floor":13.0,"gold_loss":0.0,"damage_taken":7.0,"relics_obtained":["Gambling Chip"]},{"damage_healed":0.0,"max_hp_gain":0.0,"max_hp_loss":0.0,"gold_gain":0.0,"event_name":"The Library","player_choice":"Read","floor":25.0,"gold_loss":0.0,"damage_taken":0.0,"cards_obtained":["Reinforced Body"]},{"damage_healed":0.0,"max_hp_gain":0.0,"max_hp_loss":0.0,"gold_gain":0.0,"event_name":"Addict","player_choice":"Obtained Relic","floor":27.0,"gold_loss":85.0,"damage_taken":0.0,"relics_obtained":["Eternal Feather"]},{"damage_healed":0.0,"max_hp_gain":0.0,"max_hp_loss":0.0,"gold_gain":0.0,"event_name":"Ghosts","player_choice":"Ignored","floor":30.0,"gold_loss":0.0,"damage_taken":0.0},{"damage_healed":0.0,"max_hp_gain":0.0,"max_hp_loss":4.0,"gold_gain":0.0,"event_name":"Winding Halls","player_choice":"Max HP","floor":37.0,"gold_loss":0.0,"damage_taken":0.0},{"damage_healed":0.0,"max_hp_gain":0.0,"max_hp_loss":0.0,"gold_gain":0.0,"event_name":"MindBloom","player_choice":"Upgrade","floor":40.0,"gold_loss":0.0,"damage_taken":0.0,"cards_upgraded":["Dualcast","Turbo","Conserve Battery","FTL","Leap","Steam","Melter","Core Surge","Hello World","Rip and Tear","Scrape","Cold Snap","Barrage","Hologram"],"relics_obtained":["Mark of the Bloom"]},{"cards_removed":["Rebound"],"damage_healed":0.0,"max_hp_gain":0.0,"max_hp_loss":0.0,"gold_gain":0.0,"event_name":"Falling","player_choice":"Removed Attack","floor":42.0,"gold_loss":0.0,"damage_taken":0.0},{"damage_healed":0.0,"max_hp_gain":0.0,"max_hp_loss":0.0,"gold_gain":0.0,"event_name":"Mysterious Sphere","player_choice":"Fight","floor":46.0,"gold_loss":0.0,"damage_taken":0.0}],"is_beta":false,"boss_relics":[{"not_picked":["Black Star","Fusion Hammer"],"picked":"Philosopher\u0027s Stone"},{"not_picked":["Sozu","Runic Pyramid"],"picked":"Pandora\u0027s Box"}],"items_purged_floors":[19,21,36,38],"is_endless":false,"potions_floor_spawned":[1,5,7,14,16,18,22,33,39,41,46,48],"ascension_level":0}}