{"host":"c97twqu0op5dg8i4","time":1609974208,"event":{"mods":["BaseMod","Minty Spire (QoL Compilation)"],"gold_per_floor":[117,42,61,61,76,26,55,67,67,67,67,67,67,84,84,186,186,206,206,222,137,37,37,37,37],"floor_reached":24,"playtime":874,"items_purged":["Strike_P","Strike_P"],"score":223,"play_id":"48bf4a48-20e7-4e71-84d9-d95e01225c85","local_time":"20210106180328","is_ascension_mode":true,"campfire_choices":[{"floor":10,"key":"REST"},{"data":"LikeWater","floor":12,"key":"SMITH"},{"data":"Eruption","floor":15,"key":"SMITH"},{"data":"Devotion","floor":23,"key":"SMITH"}],"circlet_count":0,"master_deck":["Defend_P","Defend_P","Defend_P","Eruption+1","Vigilance+1","FlyingSleeves","WreathOfFlame","LikeWater+1","Vault+1","FollowUp","Swivel+1","Devotion+1","Protect+1","LessonLearned","PathToVictory+1"],"relics":["PureWater","Damaru","Toxic Egg 2","Yang","TeardropLocket","Mummified Hand","Cursed Key","Strawberry"],"acts_visited":["Exordium","TheCity"],"potions_floor_usage":[8,16,20,24],"damage_taken":[{"damage":0,"enemies":"Small Slimes","floor":1,"turns":3},{"damage":4,"enemies":"Jaw Worm","floor":3,"turns":3},{"damage":6,"enemies":"2 Louse","floor":5,"turns":2},{"damage":17,"enemies":"Lagavulin","floor":7,"turns":5},{"damage":0,"enemies":"2 Fungi Beasts","floor":8,"turns":2},{"damage":0,"enemies":"Blue Slaver","floor":14,"turns":2},{"damage":32,"enemies":"Slime Boss","floor":16,"turns":13},{"damage":4,"enemies":"Spheric Guardian","floor":18,"turns":4},{"damage":11,"enemies":"2 Thieves","floor":20,"turns":5},{"damage":25,"enemies":"Gremlin Leader","floor":24,"turns":7}],"seed_played":"-3193444513044499912","potions_obtained":[{"floor":1,"key":"LiquidMemories"},{"floor":8,"key":"SteroidPotion"},{"floor":16,"key":"DuplicationPotion"},{"floor":18,"key":"DistilledChaos"}],"is_trial":false,"path_per_floor":["M","$","M","?","M","?","E","M","T","R","T","R","$","M","R","B",null,"M","?","M","?","$","R","E"],"character_chosen":"WATCHER","items_purchased":[],"campfire_rested":1,"item_purchase_floors":[],"current_hp_per_floor":[72,72,68,50,44,44,27,27,27,48,48,48,48,48,48,16,72,68,68,57,64,64,64,39,39],"gold":37,"neow_bonus":"RANDOM_COMMON_RELIC","is_daily":false,"chose_seed":false,"campfire_upgraded":3,"win_rate":0.0,"timestamp":1609974208,"path_taken":["M","$","M","?","M","?","E","M","T","R","?","R","?","M","R","BOSS","M","?","M","?","$","R","E"],"items_purchased_type":[],"build_version":"2020-12-22","purchased_purges":2,"victory":false,"max_hp_per_floor":[72,72,72,72,72,72,72,72,72,72,72,72,72,72,72,72,72,72,72,72,79,79,79,79,79],"card_choices":[{"not_picked":["SashWhip","Adaptation"],"picked":"FlyingSleeves","floor":1},{"not_picked":["Evaluate","ClearTheMind"],"picked":"WreathOfFlame","floor":3},{"not_picked":["CrushJoints","SashWhip"],"picked":"LikeWater","floor":5},{"not_picked":["CutThroughFate","EmptyFist"],"picked":"Vault+1","floor":7},{"not_picked":["SashWhip","Evaluate+1"],"picked":"FollowUp","floor":8},{"not_picked":["Collect+1","EmptyBody+1"],"picked":"Swivel+1","floor":14},{"not_picked":["Wish+1","Establishment"],"picked":"Devotion","floor":16},{"not_picked":["Crescendo+1","JustLucky","Tantrum"],"picked":"SKIP","floor":18},{"not_picked":["Conclude","Nirvana"],"picked":"PathToVictory+1","floor":20}],"player_experience":241142,"relics_obtained":[{"floor":7,"key":"Yang"},{"floor":9,"key":"TeardropLocket"},{"floor":11,"key":"Mummified Hand"}],"event_choices":[{"damage_healed":0,"gold_gain":0,"player_choice":"Success","damage_taken":18,"relics_obtained":["Toxic Egg 2"],"max_hp_gain":0,"max_hp_loss":0,"event_name":"Scrap Ooze","floor":4,"gold_loss":0},{"cards_removed":["Strike_P"],"damage_healed":0,"gold_gain":0,"player_choice":"Card Removal","damage_taken":0,"max_hp_gain":0,"max_hp_loss":0,"event_name":"The Cleric","floor":6,"gold_loss":50},{"damage_healed":0,"gold_gain":0,"cards_transformed":["Defend_P","Strike_P"],"player_choice":"Became Test Subject","damage_taken":0,"max_hp_gain":0,"max_hp_loss":0,"event_name":"Drug Dealer","floor":19,"gold_loss":0,"cards_obtained":["Protect","LessonLearned"]},{"damage_healed":0,"gold_gain":0,"player_choice":"Obtained Relic","damage_taken":0,"relics_obtained":["Strawberry"],"max_hp_gain":0,"max_hp_loss":0,"event_name":"Addict","floor":21,"gold_loss":85}],"is_beta":false,"boss_relics":[{"not_picked":["Velvet Choker","Ectoplasm"],"picked":"Cursed Key"}],"items_purged_floors":[2,22],"is_endless":false,"potions_floor_spawned":[1,8,16,18],"killed_by":"Gremlin Leader","ascension_level":3}}