{"host":"f8lbor5qtgiy08rh","time":1609918348,"event":{"mods":["Aspiration","BaseMod","Better Match","Card Forge","Colored Map","Downfall","GifTheSpireLib","Hermit","Infinite Spire","Jedi Mod","Minty Spire (QoL Compilation)","Rare Cards Sparkle","Replay The Spire","StSLib","Stuff the Spire","The Construct","The Cursed","Unceasing Turn Reminder"],"gold_per_floor":[118,134,134,147,165,200,200,200,200,216,239,255,9,43,43,144,144,158,158,240,201,219,248,248,248,248,274,274,274,327,342,342,438,438,453,466,485,497,497,529,547,547,596,596,596,596,621,634,634,634],"floor_reached":51,"playtime":3953,"items_purged":[],"score":800,"play_id":"cbfee02c-4cd0-49a0-aa85-d93fcb2f6f56","local_time":"20210106023228","is_ascension_mode":false,"campfire_choices":[{"floor":7,"key":"REST"},{"floor":15,"key":"DIG"},{"data":"jedi:BurstLightning","floor":25,"key":"SMITH"},{"floor":32,"key":"DIG"},{"floor":42,"key":"REST"},{"floor":46,"key":"REST"},{"data":"jedi:BurstFrost","floor":49,"key":"SMITH"}],"circlet_count":0,"master_deck":["Strike_B+1","Strike_B+1","Strike_B+1","Strike_B+1","Defend_B+1","Defend_B+1","Defend_B+1","Defend_B+1","Zap+1","Dualcast+1","Capacitor+1","BasicCrystalCard+1","Defragment+1","Crystallizer+1","Echo Form+1","Electrodynamics+1","Defragment+1","Consume+1","Capacitor+1","Cold Snap+1","jedi:hex+1","StuffTheSpire:Coldhearted","Ball Lightning+1","jedi:BurstFrost+1","Leap+1","Creative AI+1","jedi:bruteforce+1","jedi:BurstLightning+1","StuffTheSpire:LoadUp","Genetic Algorithm","Conserve Battery","Chill","Voices","Parasite","Blizzard+1","Conserve Battery+1","jedi:overflow+1"],"relics":["Cracked Core","Hammer of Thor","Seething Fire","Anvil of the Gods","NeowsBlessing","StuffTheSpire:Experiment12","infinitespire:PuzzleCube","infinitespire:ShieldingShard","Regal Pillow","Question Card","ReplayTheSpireMod:TigerMarble","Replay:Wax Seal","Astrolabe","infinitespire:Lucky Rock","Ring of Fury","Ring of Panic","Replay:Accelerometer","StuffTheSpire:GrapeVine","construct:WeddingRing","Pantograph","aspiration:HiddenCompartment","infinitespire:Satchel","aspiration:BursterCore","StuffTheSpire:Nightcore","Centennial Puzzle","aspiration:EnhancedActuators"],"acts_visited":["Exordium","TheCity","TheBeyond"],"potions_floor_usage":[37,50],"damage_taken":[{"damage":0,"enemies":"Jaw Worm","floor":1,"turns":1},{"damage":0,"enemies":"2 Louse","floor":2,"turns":1},{"damage":0,"enemies":"Cultist","floor":4,"turns":1},{"damage":0,"enemies":"Exordium Thugs","floor":5,"turns":4},{"damage":11,"enemies":"Replay:BlueRogue","floor":6,"turns":4},{"damage":14,"enemies":"Exordium Wildlife","floor":10,"turns":4},{"damage":3,"enemies":"Red Slaver","floor":12,"turns":3},{"damage":2,"enemies":"Gremlin Nob","floor":14,"turns":4},{"damage":0,"enemies":"Fading Forest","floor":16,"turns":10},{"damage":2,"enemies":"Spheric Guardian","floor":18,"turns":3},{"damage":0,"enemies":"Chosen","floor":22,"turns":4},{"damage":1,"enemies":"Nightmare","floor":23,"turns":7},{"damage":9,"enemies":"Replay:Snechameleon","floor":27,"turns":4},{"damage":0,"enemies":"Snake Plant","floor":31,"turns":4},{"damage":12,"enemies":"Automaton","floor":33,"turns":8},{"damage":0,"enemies":"Orb Walker","floor":35,"turns":4},{"damage":7,"enemies":"3 Shapes","floor":36,"turns":2},{"damage":1,"enemies":"Writhing Mass","floor":37,"turns":6},{"damage":4,"enemies":"Spire Growth","floor":38,"turns":5},{"damage":46,"enemies":"Nightmare","floor":40,"turns":9},{"damage":0,"enemies":"Transient","floor":41,"turns":5},{"damage":0,"enemies":"4 Shapes","floor":48,"turns":2},{"damage":31,"enemies":"Awakened One","floor":50,"turns":10}],"seed_played":"7839789405631919846","potions_obtained":[{"floor":5,"key":"jedi:hoardpotion"},{"floor":6,"key":"Block Potion"},{"floor":10,"key":"LifebloodPotion"},{"floor":23,"key":"jedi:mysterypotion"},{"floor":37,"key":"Energy Potion"}],"is_trial":false,"path_per_floor":["M","M","?","M","M","E","R","?","T","M","T","M","$","E","R_BF","B",null,"M","?","?","$","M","NM","?","R","T","E","$","AVR","T","M","R_BF","B",null,"M","M","M","M","$","NM","M","R","T","?","$","R","T","M","R","B",null],"character_chosen":"DEFECT","items_purchased":["Question Card","Genetic Algorithm"],"campfire_rested":3,"item_purchase_floors":[13,21],"current_hp_per_floor":[75,75,57,57,57,46,68,68,68,54,54,51,51,49,49,69,75,73,73,73,73,73,72,72,72,72,63,63,63,63,63,63,63,75,75,68,67,63,63,17,17,54,54,54,54,75,75,75,75,44],"gold":634,"neow_bonus":"THREE_ENEMY_KILL","is_daily":false,"chose_seed":false,"campfire_upgraded":2,"win_rate":0.0,"timestamp":1609918348,"path_taken":["M","M","?","M","M","E","R","?","T","M","?","M","$","E","R_BF","BOSS","M","?","?","$","?","NM","?","R","T","E","?","AVR","?","?","R_BF","BOSS","M","M","M","M","$","NM","M","R","T","?","$","R","?","?","R","BOSS"],"items_purchased_type":["Relic","Card"],"build_version":"2020-12-22","purchased_purges":0,"victory":true,"max_hp_per_floor":[75,75,75,75,75,75,75,75,75,75,75,75,75,75,75,75,75,75,75,75,75,75,75,75,75,75,75,75,75,75,75,75,75,75,75,75,75,75,75,75,75,75,75,75,75,75,75,75,75,75],"card_choices":[{"not_picked":["Sunder","White Noise"],"picked":"Cold Snap","floor":1},{"not_picked":["Coolheaded","jedi:reiji"],"picked":"jedi:hex","floor":2},{"not_picked":["Darkness","Stack"],"picked":"StuffTheSpire:Coldhearted","floor":4},{"not_picked":["Sunder","Streamline"],"picked":"Lockon","floor":5},{"not_picked":["Barrage","Turbo"],"picked":"Ball Lightning","floor":6},{"not_picked":["Self Repair","FIFO Queue"],"picked":"jedi:BurstFrost","floor":10},{"not_picked":["Sweeping Beam","Doom and Gloom"],"picked":"jedi:reiji","floor":12},{"not_picked":["Glacier","Fission","Beam Cell","ReplayTheSpireMod:Calculation Training"],"picked":"SKIP","floor":14},{"not_picked":["Creative AI","jedi:meditation","Hyperbeam"],"picked":"Multi-Cast","floor":16},{"not_picked":["Beam Cell","Coolheaded","Recycle+1","Gash"],"picked":"SKIP","floor":18},{"not_picked":["ReplayGash+1","jedi:reiji+1","BasicCrystalCard"],"picked":"jedi:BurstLightning","floor":20},{"not_picked":["jedi:BurstLightning","ReplaySolidLightProjector","Recycle"],"picked":"StuffTheSpire:LoadUp","floor":20},{"not_picked":["Steam","StuffTheSpire:NuclearReactor+1","Hologram"],"picked":"Conserve Battery","floor":22},{"not_picked":["Steam","Aggregate","ReplayRNGCard"],"picked":"Chill","floor":23},{"not_picked":["Sweeping Beam","Go for the Eyes+1","Storm","Rip and Tear"],"picked":"SKIP","floor":27},{"not_picked":["Sweeping Beam","jedi:blockon","Stack+1","BasicCrystalCard"],"picked":"SKIP","floor":31},{"not_picked":["Turbo+1","Ball Lightning","Glacier+1","Conserve Battery"],"picked":"SKIP","floor":35},{"not_picked":["StuffTheSpire:Rend+1","jedi:BurstLightning","Gash+1","Go for the Eyes+1"],"picked":"SKIP","floor":36},{"not_picked":["Rebound+1","StuffTheSpire:LoadUp","StuffTheSpire:ShieldGenerator+1","Stack+1"],"picked":"SKIP","floor":37},{"not_picked":["Hologram+1","StuffTheSpire:Plugnplay","Rainbow","Lockon"],"picked":"SKIP","floor":38},{"not_picked":["Cold Snap+1","jedi:overflow","Static Discharge"],"picked":"Blizzard","floor":40},{"not_picked":["Hologram","Blizzard","Hello World"],"picked":"Conserve Battery+1","floor":41},{"not_picked":["Steam","Go for the Eyes+1","jedi:BurstDark"],"picked":"jedi:overflow+1","floor":48}],"player_experience":125084,"relics_obtained":[{"floor":6,"key":"infinitespire:PuzzleCube"},{"floor":9,"key":"infinitespire:ShieldingShard"},{"floor":11,"key":"Regal Pillow"},{"floor":14,"key":"ReplayTheSpireMod:TigerMarble"},{"floor":15,"key":"Replay:Wax Seal"},{"floor":23,"key":"infinitespire:Lucky Rock"},{"floor":24,"key":"Ring of Fury"},{"floor":24,"key":"Ring of Panic"},{"floor":26,"key":"Replay:Accelerometer"},{"floor":27,"key":"StuffTheSpire:GrapeVine"},{"floor":30,"key":"aspiration:HiddenCompartment"},{"floor":32,"key":"infinitespire:Satchel"},{"floor":40,"key":"StuffTheSpire:Nightcore"},{"floor":43,"key":"Centennial Puzzle"},{"floor":47,"key":"aspiration:EnhancedActuators"}],"event_choices":[{"damage_healed":0,"gold_gain":0,"player_choice":"Success","damage_taken":18,"relics_obtained":["StuffTheSpire:Experiment12"],"max_hp_gain":0,"max_hp_loss":0,"event_name":"Scrap Ooze","floor":3,"gold_loss":0},{"damage_healed":0,"gold_gain":0,"player_choice":"Ignored","damage_taken":0,"max_hp_gain":0,"max_hp_loss":0,"event_name":"Tomb of Lord Red Mask","floor":44,"gold_loss":0}],"is_beta":false,"boss_relics":[{"not_picked":["Velvet Choker","aspiration:RunicSpoon"],"picked":"Astrolabe"},{"not_picked":["Honey Jar","jedi:battlestandard"],"picked":"aspiration:BursterCore"}],"items_purged_floors":[],"is_endless":false,"potions_floor_spawned":[5,6,10,12,16,18,23,27,31,35,37,41,48],"ascension_level":0}}