{"host":"2d8l43s0fl0kdlnt","time":1609919283,"event":{"mods":["2.2 Compatiblity","BaseMod","Colored Powertips","Custom Start","Halation","Minty Spire (QoL Compilation)","Rare Cards Sparkle","SIMod","StSLib","UnlockEverythingMod"],"gold_per_floor":[366,366,382,16,35,35,68,18,41,116,150,176,188,218,230,340,352,380,53,69,84,98,98,124,124,124,124,150,168,199,211,211,311,311,323,323,339,614,110,144,163,181,250,270,280,227,227,258,258,258,258,258,14,42,42],"floor_reached":56,"playtime":5578,"items_purged":["Decay","Strike_RD","Regret","Strike_RR"],"score":1555,"play_id":"7d5e89e2-623b-4049-bc86-4613ee22cc45","local_time":"20210106014803","is_ascension_mode":true,"campfire_choices":[{"data":"RushToSky","floor":6.0,"key":"SMITH"},{"data":"BatchProduction","floor":13.0,"key":"SMITH"},{"data":"Generousity","floor":15.0,"key":"SMITH"},{"data":"Honesty","floor":23.0,"key":"SMITH"},{"data":"TenInstruments","floor":25.0,"key":"SMITH"},{"data":"MessyAndOrderly","floor":27.0,"key":"SMITH"},{"data":"Batlization","floor":32.0,"key":"SMITH"},{"floor":47.0,"key":"RECALL"},{"data":"AllByMyself","floor":49.0,"key":"SMITH"},{"data":"HarmonyForm","floor":52,"key":"SMITH"}],"circlet_count":0,"master_deck":["Defend_TS","Defend_PP","Defend_FS","Defend_AJ","ConcertedEfforts","HarmonyShield","RushToSky+1","Charge","Batlization+1","Honesty+1","BatchProduction+1","HideCarefully","TakeTheLead","Generousity+1","Stare","MessyAndOrderly+1","Stare","CleanLibrary+1","Good Instincts","Generousity","ThunderCloud+1","Whining+1","TenInstruments+1","Charge+1","Tornado+1","ServeMeal+1","FriendOfNature+1","PartyCana+1","HarmonyForm+1","TenInstruments+1","FarmExpert","Purity","FarmExpert+1","AllByMyself+1","Anxiousness+1","Magic","Return_To_Past","TasteRainbow+1"],"relics":["The_element_of_harmony","Singing Bowl","Akabeko","Pen Nib","MawBank","halation:PinkAlligatorPlush","Vajra","Strawberry","Gambling Chip","Molten Egg 2","Gremlin Horn","SlaversCollar","Dead Branch","Happy Flower","Oddly Smooth Stone","Turnip"],"acts_visited":["Exordium","TheCity","TheBeyond","TheEnding"],"potions_floor_usage":[],"damage_taken":[{"damage":7.0,"enemies":"Small Slimes","floor":1.0,"turns":6.0},{"damage":2.0,"enemies":"2 Louse","floor":3.0,"turns":3.0},{"damage":6.0,"enemies":"Jaw Worm","floor":5.0,"turns":2.0},{"damage":3.0,"enemies":"Gremlin Nob","floor":7.0,"turns":4.0},{"damage":6.0,"enemies":"3 Sentries","floor":11.0,"turns":8.0},{"damage":0.0,"enemies":"Looter","floor":12.0,"turns":2.0},{"damage":8.0,"enemies":"Gremlin Gang","floor":14.0,"turns":3.0},{"damage":42.0,"enemies":"Hexaghost","floor":16.0,"turns":15.0},{"damage":24.0,"enemies":"Shell Parasite","floor":18.0,"turns":9.0},{"damage":14.0,"enemies":"Chosen","floor":20.0,"turns":6.0},{"damage":34.0,"enemies":"3 Cultists","floor":21.0,"turns":7.0},{"damage":20.0,"enemies":"Cultist and Chosen","floor":22.0,"turns":4.0},{"damage":8.0,"enemies":"Book of Stabbing","floor":24.0,"turns":2.0},{"damage":24.0,"enemies":"Slavers","floor":28.0,"turns":8.0},{"damage":4.0,"enemies":"Centurion and Healer","floor":29.0,"turns":5.0},{"damage":15.0,"enemies":"Gremlin Leader","floor":30.0,"turns":4.0},{"damage":0.0,"enemies":"3 Cultists","floor":31.0,"turns":2.0},{"damage":98.0,"enemies":"Collector","floor":33.0,"turns":5.0},{"damage":11.0,"enemies":"Orb Walker","floor":35.0,"turns":3.0},{"damage":0.0,"enemies":"3 Darklings","floor":37.0,"turns":1.0},{"damage":53.0,"enemies":"Nemesis","floor":40.0,"turns":13.0},{"damage":2.0,"enemies":"Jaw Worm Horde","floor":41.0,"turns":1.0},{"damage":39.0,"enemies":"Writhing Mass","floor":42.0,"turns":8.0},{"damage":68.0,"enemies":"Transient","floor":44.0,"turns":5.0},{"damage":18.0,"enemies":"4 Shapes","floor":45.0,"turns":3.0},{"damage":35.0,"enemies":"Reptomancer","floor":48.0,"turns":5.0},{"damage":84,"enemies":"Time Eater","floor":50,"turns":8},{"damage":12,"enemies":"Shield and Spear","floor":54,"turns":6},{"damage":54,"enemies":"The Heart","floor":55,"turns":6}],"seed_played":"2341721260236352029","potions_obtained":[{"floor":3.0,"key":"Explosive Potion"},{"floor":5.0,"key":"GamblersBrew"},{"floor":11.0,"key":"Dexterity Potion"},{"floor":16.0,"key":"PowerPotion"},{"floor":21.0,"key":"LiquidBronze"},{"floor":29.0,"key":"Block Potion"},{"floor":40.0,"key":"CultistPotion"},{"floor":45.0,"key":"LiquidMemories"}],"is_trial":false,"path_per_floor":["M","?","M","$","M","R","E","?","T","?","E","M","R","M","R","B",null,"M","$","M","M","M","R","E","R","T","R","E","M","E","M","R","B",null,"M","?","M","?","$","E","M","M","T","M","M","$","R","E","R","B",null,"R","$","E","B",null],"character_chosen":"TWI_CLASS","items_purchased":["Singing Bowl","Fire Potion","Vajra","Good Instincts","Dead Branch","Purity","Anxiousness+1","Magic","Return_To_Past"],"campfire_rested":0,"item_purchase_floors":[4,4,19,19,39,39,46,53,53],"current_hp_per_floor":[75,75,73,73,67,67,68,68,68,57,53,57,57,49,49,7,92,70,70,58,26,6,6,107,107,107,107,85,83,72,74,74,117,117,108,108,110,110,110,70,70,39,39,133,119,119,119,100,100,16,141,141,141,137,87],"gold":42,"neow_bonus":"TWO_FIFTY_GOLD","is_daily":false,"chose_seed":false,"campfire_upgraded":9,"win_rate":0.0,"timestamp":1609919283,"path_taken":["M","?","M","$","M","R","E","?","T","?","E","M","R","M","R","BOSS","M","$","M","M","M","R","E","R","T","R","E","M","E","M","R","BOSS","M","?","M","?","$","E","M","M","T","?","M","?","R","E","R","BOSS","R","$","E","BOSS"],"items_purchased_type":["Relic","Potion","Relic","Card","Relic","Card","Card","Card","Card"],"build_version":"2020-12-22","purchased_purges":4,"victory":true,"max_hp_per_floor":[82,82,82,82,82,82,86,86,86,86,88,92,92,92,92,92,92,94,94,96,98,98,98,107,107,107,107,109,111,115,117,117,117,117,119,119,121,121,121,125,127,129,129,133,137,137,137,141,141,141,141,141,141,143,143],"card_choices":[{"not_picked":["FollowTherRainbow"],"picked":"RushToSky","floor":1.0},{"not_picked":["RunningOfTheLeaves"],"picked":"Charge","floor":1.0},{"not_picked":["ThunderCloud"],"picked":"Honesty","floor":3.0},{"not_picked":["TenInstruments","KillingWithKindness"],"picked":"SKIP","floor":3.0},{"not_picked":["Whining"],"picked":"BatchProduction","floor":5.0},{"not_picked":["FriendOfNature"],"picked":"HideCarefully","floor":5.0},{"not_picked":["ThrowingApples","SwiftKick"],"picked":"Singing Bowl","floor":7.0},{"not_picked":["Mischief","RunningOfTheLeaves"],"picked":"Singing Bowl","floor":7.0},{"not_picked":["KillingWithKindness","Return_To_Past"],"picked":"Singing Bowl","floor":11.0},{"not_picked":["Return_To_Past"],"picked":"TakeTheLead","floor":11.0},{"not_picked":["BehindTheScene","Whining"],"picked":"Singing Bowl","floor":12.0},{"not_picked":["FriendOfNature","RushToSky"],"picked":"Singing Bowl","floor":12.0},{"not_picked":["BatchProduction"],"picked":"Generousity","floor":14.0},{"not_picked":["Perfectionism"],"picked":"Stare","floor":14.0},{"not_picked":["SonicRainbow"],"picked":"MessyAndOrderly","floor":16.0},{"not_picked":["TakeTheLead"],"picked":"Stare","floor":16.0},{"not_picked":["AppleFeast"],"picked":"CleanLibrary+1","floor":18.0},{"not_picked":["ThrowingApples+1","BigDeal"],"picked":"Singing Bowl","floor":18.0},{"not_picked":["Yay"],"picked":"Generousity","floor":20.0},{"not_picked":["Whining","CheerUp+1"],"picked":"Singing Bowl","floor":20.0},{"not_picked":["FarmExpert"],"picked":"ThunderCloud+1","floor":21.0},{"not_picked":["Smile+1","ReinventMyself"],"picked":"Singing Bowl","floor":21.0},{"not_picked":["CheerUp+1"],"picked":"Whining+1","floor":22.0},{"not_picked":["Smile"],"picked":"TenInstruments","floor":22.0},{"not_picked":["RunningOfTheLeaves"],"picked":"Charge+1","floor":24.0},{"not_picked":["AppleFeast","KillingWithKindness"],"picked":"Singing Bowl","floor":24.0},{"not_picked":["ReinventMyself"],"picked":"Tornado+1","floor":28.0},{"not_picked":["FriendOfNature+1","Magictrain"],"picked":"Singing Bowl","floor":28.0},{"not_picked":["CheerUp","TwentyPercentcooler"],"picked":"Singing Bowl","floor":29.0},{"not_picked":["RashStunts"],"picked":"ServeMeal+1","floor":29.0},{"not_picked":["ReinventMyself","Boundary"],"picked":"Singing Bowl","floor":30.0},{"not_picked":["ReinventMyself","Mischief+1"],"picked":"Singing Bowl","floor":30.0},{"not_picked":["RashStunts","Perfectionism"],"picked":"Singing Bowl","floor":31.0},{"not_picked":["RunningOfTheLeaves"],"picked":"FriendOfNature+1","floor":31.0},{"not_picked":["Stare"],"picked":"PartyCana+1","floor":33.0},{"not_picked":["BeautySensation"],"picked":"HarmonyForm","floor":33.0},{"not_picked":["Return_To_Past"],"picked":"TenInstruments+1","floor":35.0},{"not_picked":["Honesty","Return_To_Past"],"picked":"Singing Bowl","floor":35.0},{"not_picked":["ThrowingApples+1"],"picked":"FarmExpert","floor":37.0},{"not_picked":["ThrowingApples+1","Batlization"],"picked":"Singing Bowl","floor":37.0},{"not_picked":["Harmanyblast+1","Louder+1"],"picked":"Singing Bowl","floor":40.0},{"not_picked":["Mischief","Tornado+1"],"picked":"Singing Bowl","floor":40.0},{"not_picked":["Mischief+1","Magictrain+1"],"picked":"Singing Bowl","floor":41.0},{"not_picked":["Smile"],"picked":"FarmExpert+1","floor":41.0},{"not_picked":["TenInstruments+1","Mischief"],"picked":"Singing Bowl","floor":42.0},{"not_picked":["CleanLibrary"],"picked":"AllByMyself","floor":42.0},{"not_picked":["FollowTherRainbow","Charge+1"],"picked":"Singing Bowl","floor":44.0},{"not_picked":["Charge+1","AlloutStrike+1"],"picked":"Singing Bowl","floor":44.0},{"not_picked":["ReinventMyself+1","LoveMe+1"],"picked":"Singing Bowl","floor":45.0},{"not_picked":["RashStunts","AlloutStrike+1"],"picked":"Singing Bowl","floor":45.0},{"not_picked":["Tornado+1","Generousity"],"picked":"Singing Bowl","floor":48.0},{"not_picked":["SonicRainbow+1","Magictrain"],"picked":"Singing Bowl","floor":48.0},{"not_picked":["BigDeal","CowboySkills"],"picked":"Singing Bowl","floor":54},{"not_picked":["Honesty"],"picked":"TasteRainbow+1","floor":54}],"player_experience":104969,"relics_obtained":[{"floor":7.0,"key":"Akabeko"},{"floor":9.0,"key":"Pen Nib"},{"floor":11.0,"key":"MawBank"},{"floor":24.0,"key":"Strawberry"},{"floor":26.0,"key":"Gambling Chip"},{"floor":28.0,"key":"Molten Egg 2"},{"floor":30.0,"key":"Gremlin Horn"},{"floor":40.0,"key":"Happy Flower"},{"floor":48.0,"key":"Oddly Smooth Stone"},{"floor":54,"key":"Turnip"}],"event_choices":[{"damage_healed":0.0,"max_hp_gain":0.0,"max_hp_loss":0.0,"gold_gain":0.0,"cards_transformed":["Strike_TS"],"event_name":"Living Wall","player_choice":"Change","floor":2.0,"gold_loss":0.0,"damage_taken":0.0,"cards_obtained":["Batlization"]},{"cards_removed":["Strike_AJ"],"damage_healed":0.0,"max_hp_gain":0.0,"max_hp_loss":0.0,"gold_gain":0.0,"event_name":"The Cleric","player_choice":"Card Removal","floor":8.0,"gold_loss":50.0,"damage_taken":0.0},{"damage_healed":0.0,"max_hp_gain":0.0,"max_hp_loss":0.0,"gold_gain":75.0,"event_name":"World of Goop","player_choice":"Gather Gold","floor":10.0,"gold_loss":0.0,"damage_taken":11.0},{"damage_healed":0.0,"max_hp_gain":0.0,"max_hp_loss":0.0,"gold_gain":0.0,"event_name":"Tomb of Lord Red Mask","player_choice":"Ignored","floor":36.0,"gold_loss":0.0,"damage_taken":0.0},{"damage_healed":0.0,"max_hp_gain":0.0,"max_hp_loss":0.0,"gold_gain":275.0,"event_name":"Golden Shrine","player_choice":"Desecrate","floor":38.0,"gold_loss":0.0,"damage_taken":0.0,"cards_obtained":["Regret"]}],"is_beta":false,"boss_relics":[{"not_picked":["halation:PlatinumPhoenix","Coffee Dripper"],"picked":"halation:PinkAlligatorPlush"},{"not_picked":["halation:HeavySnake","Fusion Hammer"],"picked":"SlaversCollar"}],"items_purged_floors":[4,19,39,53],"is_endless":false,"potions_floor_spawned":[3,5,11,16,21,22,24,29,40,41,44,45,48],"ascension_level":4}}