{"host":"dgf4n6lo35jtjz0c","time":1609911701,"event":{"mods":["AchievementEnabler","BaseMod","Bestiary","Colored Powertips","Minty Spire (QoL Compilation)"],"gold_per_floor":[138,138,177,213,22,115,214,256,256,256,256,346,346,140,140,455,455,494,494,272,329,329,329,329,329,354,354,456,501,329,309,309,615,687,720,777,554,554,239,239,344,344,394,394,433,433,433,520,520,520],"floor_reached":51,"playtime":1292,"items_purged":[],"score":1335,"play_id":"f8f576e9-22cc-4483-b5e4-6bb5a2db4514","local_time":"20210106164141","daily_mods":["Hoarder","Specialized","Vintage","Heirloom","Time Dilation","Flight","DeadlyEvents","Elite Swarm","Lethality","Midas"],"is_ascension_mode":false,"campfire_choices":[{"floor":10.0,"key":"DIG"},{"floor":11.0,"key":"DIG"},{"floor":13.0,"key":"DIG"},{"floor":15.0,"key":"DIG"},{"floor":23.0,"key":"DIG"},{"floor":24.0,"key":"DIG"},{"floor":25.0,"key":"DIG"},{"floor":27.0,"key":"DIG"},{"floor":32.0,"key":"DIG"},{"floor":40,"key":"DIG"},{"floor":42,"key":"DIG"},{"floor":44,"key":"DIG"},{"floor":46,"key":"DIG"},{"floor":47,"key":"DIG"},{"floor":49,"key":"DIG"}],"circlet_count":0,"master_deck":["Demon Form","Wraith Form v2","Echo Form","DevaForm+1","Zap","Dualcast","Storm","Storm","Storm","Storm","Storm","Storm","Storm","Storm","Storm","Storm","Storm","Storm","Storm","Storm","Storm","Creative AI+1","Creative AI+1","Creative AI+1","Thunder Strike+1","Thunder Strike+1","Thunder Strike+1","Amplify","Amplify","Amplify","Conserve Battery","Conserve Battery","Conserve Battery","Biased Cognition+1","Biased Cognition+1","Biased Cognition+1","Defragment+1","Defragment+1","Defragment+1","Thunder Strike+1","Thunder Strike+1","Thunder Strike+1","Mayhem+1","Mayhem+1","Mayhem+1","Echo Form+1","Echo Form+1","Echo Form+1","Reboot","Reboot","Reboot","Static Discharge+1","Static Discharge+1","Static Discharge+1","Rainbow","Rainbow","Rainbow","Reboot","Reboot","Reboot","Sunder+1","Sunder+1","Sunder+1","Meteor Strike+1","Meteor Strike+1","Meteor Strike+1","Thunder Strike+1","Thunder Strike+1","Thunder Strike+1","Storm+1","Storm+1","Storm+1","Storm+1","Storm+1","Storm+1","Mind Blast+1","Mind Blast+1","Mind Blast+1","Mayhem+1","Mayhem+1","Mayhem+1","Echo Form+1","Echo Form+1","Echo Form+1","Electrodynamics+1","Electrodynamics+1","Electrodynamics+1"],"relics":["Unceasing Top","Shovel","Mummified Hand","Eternal Feather","Frozen Egg 2","Bag of Marbles","Meat on the Bone","Molten Egg 2","Kunai","Darkstone Periapt","Ginger","Emotion Chip","HornCleat","Orichalcum","Runic Capacitor","Strawberry","Fusion Hammer","Thread and Needle","Dead Branch","OrangePellets","Blue Candle","Gremlin Horn","Ornamental Fan","MealTicket","PreservedInsect","Question Card","CeramicFish","Nunchaku","Letter Opener","Pandora\u0027s Box","Mercury Hourglass","Oddly Smooth Stone","Vajra","Peace Pipe","Turnip","Happy Flower","Akabeko","Omamori","Mango","Bottled Tornado","Bronze Scales","Toxic Egg 2","Toy Ornithopter"],"acts_visited":["Exordium","TheCity","TheBeyond"],"potions_floor_usage":[],"damage_taken":[{"damage":14.0,"enemies":"Jaw Worm","floor":1.0,"turns":2.0},{"damage":0.0,"enemies":"Cultist","floor":3.0,"turns":2.0},{"damage":0.0,"enemies":"2 Louse","floor":4.0,"turns":1.0},{"damage":0.0,"enemies":"Lagavulin","floor":6.0,"turns":2.0},{"damage":7.0,"enemies":"3 Sentries","floor":7.0,"turns":2.0},{"damage":11.0,"enemies":"Red Slaver","floor":8.0,"turns":2.0},{"damage":0.0,"enemies":"Lagavulin","floor":12.0,"turns":2.0},{"damage":0.0,"enemies":"Slime Boss","floor":16.0,"turns":3.0},{"damage":11.0,"enemies":"Shell Parasite","floor":18.0,"turns":2.0},{"damage":6.0,"enemies":"Chosen","floor":21.0,"turns":2.0},{"damage":2.0,"enemies":"Slavers","floor":28.0,"turns":2.0},{"damage":4.0,"enemies":"Centurion and Healer","floor":29.0,"turns":2.0},{"damage":0.0,"enemies":"Collector","floor":33.0,"turns":2.0},{"damage":0,"enemies":"3 Shapes","floor":35,"turns":1},{"damage":0,"enemies":"Orb Walker","floor":36,"turns":1},{"damage":0,"enemies":"Reptomancer","floor":41,"turns":1},{"damage":0,"enemies":"Sphere and 2 Shapes","floor":45,"turns":1},{"damage":0,"enemies":"Giant Head","floor":48,"turns":1},{"damage":0,"enemies":"Donu and Deca","floor":50,"turns":1}],"seed_played":"-8195903130592368135","potions_obtained":[{"floor":1.0,"key":"LiquidMemories"},{"floor":6.0,"key":"SkillPotion"},{"floor":7.0,"key":"AttackPotion"},{"floor":16.0,"key":"DuplicationPotion"},{"floor":31.0,"key":"Swift Potion"},{"floor":36,"key":"Weak Potion"}],"is_trial":true,"path_per_floor":["M","?","M","M","$","E","E","M","T","R","R","E","R","$","R","B",null,"M","T","$","M","$","R","R","R","T","R","E","M","$","?","R","B",null,"M","M","$","?","$","R","E","R","T","R","M","R","R","E","R","B",null],"character_chosen":"DEFECT","items_purchased":["Bag of Marbles","Block Potion","Runic Capacitor","Conserve Battery","Defragment+1","OrangePellets","Mayhem+1","Storm+1","LiquidMemories","Mind Blast+1","Mayhem+1","Vajra"],"campfire_rested":0,"item_purchase_floors":[5,5,14,14,20,20,30,37,37,37,39,39],"current_hp_per_floor":[61,61,61,61,61,61,54,43,43,64,75,75,75,75,82,82,82,71,71,71,65,65,82,82,82,82,82,80,76,82,82,82,82,82,82,82,82,78,78,78,78,78,78,78,92,92,92,92,92,92],"gold":520,"neow_bonus":"","is_daily":false,"chose_seed":false,"campfire_upgraded":0,"win_rate":0.0,"timestamp":1609911701,"path_taken":["M","?","?","?","?","E","E","M","T","R","R","?","R","$","R","BOSS","M","?","$","M","$","R","R","R","T","R","?","?","$","?","R","BOSS","M","?","$","?","$","R","E","R","T","R","?","R","R","E","R","BOSS"],"items_purchased_type":["Relic","Potion","Relic","Card","Card","Relic","Card","Card","Potion","Card","Card","Relic"],"build_version":"2020-12-22","purchased_purges":0,"victory":true,"max_hp_per_floor":[75,75,75,75,75,75,75,75,75,75,75,75,75,75,82,82,82,82,82,82,82,82,82,82,82,82,82,82,82,82,82,82,82,82,82,82,82,78,78,78,78,78,78,78,92,92,92,92,92,92],"card_choices":[{"not_picked":["Multi-Cast","All For One"],"picked":"Creative AI+1","floor":6.0},{"not_picked":["Biased Cognition+1","Meteor Strike+1"],"picked":"Thunder Strike+1","floor":7.0},{"not_picked":["Fission","Rainbow"],"picked":"Amplify","floor":12.0},{"not_picked":["Machine Learning+1","Multi-Cast"],"picked":"Biased Cognition+1","floor":16.0},{"not_picked":["Amplify","Buffer+1","Multi-Cast"],"picked":"Thunder Strike+1","floor":28.0},{"not_picked":["Core Surge+1","Hyperbeam+1","Thunder Strike+1"],"picked":"Echo Form+1","floor":33.0},{"not_picked":["Amplify","Buffer+1","Seek"],"picked":"Echo Form+1","floor":41},{"not_picked":["Hyperbeam+1","Core Surge+1","All For One+1"],"picked":"Electrodynamics+1","floor":48}],"player_experience":96448,"relics_obtained":[{"floor":1.0,"key":"Mummified Hand"},{"floor":3.0,"key":"Eternal Feather"},{"floor":4.0,"key":"Frozen Egg 2"},{"floor":6.0,"key":"Meat on the Bone"},{"floor":7.0,"key":"Molten Egg 2"},{"floor":8.0,"key":"Kunai"},{"floor":9.0,"key":"Darkstone Periapt"},{"floor":10.0,"key":"Ginger"},{"floor":11.0,"key":"Emotion Chip"},{"floor":12.0,"key":"HornCleat"},{"floor":13.0,"key":"Orichalcum"},{"floor":15.0,"key":"Strawberry"},{"floor":18.0,"key":"Thread and Needle"},{"floor":19.0,"key":"Dead Branch"},{"floor":21.0,"key":"Blue Candle"},{"floor":23.0,"key":"Gremlin Horn"},{"floor":24.0,"key":"Ornamental Fan"},{"floor":25.0,"key":"MealTicket"},{"floor":26.0,"key":"PreservedInsect"},{"floor":27.0,"key":"Question Card"},{"floor":28.0,"key":"CeramicFish"},{"floor":29.0,"key":"Nunchaku"},{"floor":32.0,"key":"Letter Opener"},{"floor":35,"key":"Mercury Hourglass"},{"floor":36,"key":"Oddly Smooth Stone"},{"floor":40,"key":"Peace Pipe"},{"floor":41,"key":"Turnip"},{"floor":42,"key":"Happy Flower"},{"floor":43,"key":"Akabeko"},{"floor":44,"key":"Omamori"},{"floor":45,"key":"Mango"},{"floor":46,"key":"Bottled Tornado"},{"floor":47,"key":"Bronze Scales"},{"floor":48,"key":"Toxic Egg 2"},{"floor":49,"key":"Toy Ornithopter"}],"event_choices":[{"damage_healed":0.0,"max_hp_gain":0.0,"max_hp_loss":0.0,"gold_gain":0.0,"event_name":"Accursed Blacksmith","player_choice":"Forge","floor":2.0,"gold_loss":0.0,"damage_taken":0.0,"cards_upgraded":["DevaForm"]},{"damage_healed":0.0,"max_hp_gain":0.0,"max_hp_loss":0.0,"gold_gain":0.0,"event_name":"The Woman in Blue","player_choice":"Bought 1 Potion","floor":31.0,"gold_loss":0.0,"damage_taken":0.0},{"damage_healed":0,"gold_gain":0,"player_choice":"Max HP","damage_taken":0,"max_hp_gain":0,"max_hp_loss":4,"event_name":"Winding Halls","floor":38,"gold_loss":0}],"is_beta":false,"boss_relics":[{"not_picked":["Snecko Eye","Black Star"],"picked":"Fusion Hammer"},{"not_picked":["SacredBark","Tiny House"],"picked":"Pandora\u0027s Box"}],"items_purged_floors":[],"is_endless":false,"potions_floor_spawned":[1,6,7,8,16,18,21,36],"ascension_level":0}}