{"host":"wj90f2q0h2omert0","time":1609975956,"event":{"mods":["BaseMod","Beaked The Cultist","Better Third Choice","ChefMod","Clawfect","Colored Map","DeckTracker","Downfall","Hubris","JesterMod","Minty Spire (QoL Compilation)","Relic Stats","Robot Space Explorer","Shade Mod","StSLib","The Blackbeard","The Caster","The Dragon Tamer","The Druid"],"gold_per_floor":[112,287,287,301,319,319,319,336,404,404,417,188,188,188,188,284,284,270,270,170,183,193,193,221,221,266,266,70,70,81,41,41,41,41],"floor_reached":33,"playtime":2208,"items_purged":["jesterMod:Strike","Pain","Doubt"],"score":253,"play_id":"cefae8ef-5311-4e1e-8378-6632a19e33c1","local_time":"20210106183236","is_ascension_mode":false,"campfire_choices":[{"data":"jesterMod:LightTheWick","floor":6,"key":"SMITH"},{"data":"jesterMod:Haste","floor":10,"key":"SMITH"},{"floor":13,"key":"REST"},{"data":"jesterMod:Swiftness","floor":15,"key":"SMITH"},{"floor":23,"key":"REST"},{"floor":25,"key":"REST"},{"data":"jesterMod:LightTheWick","floor":32,"key":"SMITH"}],"circlet_count":0,"master_deck":["jesterMod:Strike+1","jesterMod:Strike","jesterMod:Strike","jesterMod:Sickle","jesterMod:Defend+1","jesterMod:Defend","jesterMod:Defend","jesterMod:Defend","jesterMod:Dodge","jesterMod:LightTheWick+1","jesterMod:Haste+1","jesterMod:Swiftness+1","jesterMod:Precipitation","jesterMod:Precipitation","jesterMod:DancingMad","jesterMod:Precipitation+1","jesterMod:Exasperation+1","jesterMod:LightTheWick+1","jesterMod:Contradiction","jesterMod:Exasperation"],"relics":["jesterMod:JesterCap","HornCleat","TheAbacus","hubris:Zylophone","jesterMod:LoadedDice","WarpedTongs","hubris:TenFootPole","Lantern","hubris:BottledHeart"],"acts_visited":["Exordium","TheCity"],"potions_floor_usage":[8,8,18,24,33,33,33],"damage_taken":[{"damage":5,"enemies":"Small Slimes","floor":1,"turns":6},{"damage":1,"enemies":"2 Louse","floor":4,"turns":5},{"damage":2,"enemies":"Cultist","floor":5,"turns":7},{"damage":3,"enemies":"Exordium Wildlife","floor":8,"turns":3},{"damage":4,"enemies":"3 Louse","floor":11,"turns":3},{"damage":41,"enemies":"Slime Boss","floor":16,"turns":11},{"damage":26,"enemies":"2 Thieves","floor":18,"turns":5},{"damage":12,"enemies":"Chosen","floor":21,"turns":6},{"damage":0,"enemies":"Snake Plant","floor":22,"turns":5},{"damage":31,"enemies":"Slavers","floor":24,"turns":5},{"damage":0,"enemies":"Snecko","floor":30,"turns":6},{"damage":3,"enemies":"hubris:MusketHawk","floor":33,"turns":6}],"seed_played":"-6730251478759180730","potions_obtained":[{"floor":4,"key":"Energy Potion"},{"floor":5,"key":"LiquidBronze"},{"floor":8,"key":"Ancient Potion"},{"floor":16,"key":"LiquidMemories"},{"floor":21,"key":"Ancient Potion"},{"floor":22,"key":"PowerPotion"},{"floor":30,"key":"Fire Potion"}],"is_trial":false,"path_per_floor":["M","?","?","M","M","R","?","M","T","R","M","$","R","T","R","B",null,"M","?","$","M","M","R","E","R","T","?","$","?","M","$","R","B"],"character_chosen":"THE_JESTER","items_purchased":["TheAbacus","jesterMod:LightTheWick","jesterMod:Exasperation"],"campfire_rested":3,"item_purchase_floors":[12,28,31],"current_hp_per_floor":[65,65,51,50,48,48,48,45,45,45,41,41,62,62,62,21,70,44,44,44,32,32,53,22,43,43,1,1,1,1,1,1,0,0],"gold":41,"neow_bonus":"THREE_CARDS","is_daily":false,"chose_seed":false,"campfire_upgraded":4,"win_rate":0.0,"timestamp":1609975956,"path_taken":["M","?","?","M","M","R","?","M","T","R","?","$","R","?","R","BOSS","M","?","$","M","?","R","E","R","T","?","$","?","?","$","R","BOSS"],"items_purchased_type":["Relic","Card","Card"],"build_version":"2020-12-22","purchased_purges":3,"victory":false,"max_hp_per_floor":[70,70,70,70,70,70,70,70,70,70,70,70,70,70,70,70,70,70,70,70,70,70,70,70,70,70,1,1,1,1,1,1,1,1],"relic_stats":{"TheAbacus":[102],"counters":[12,68],"obtain_stats":[{"hubris:Zylophone":14,"Lantern":26,"HornCleat":9,"TheAbacus":12,"jesterMod:LoadedDice":17,"hubris:BottledHeart":27,"jesterMod:JesterCap":0,"hubris:TenFootPole":24,"WarpedTongs":19},{"hubris:Zylophone":5,"Lantern":10,"HornCleat":4,"TheAbacus":5,"jesterMod:LoadedDice":6,"hubris:BottledHeart":10,"jesterMod:JesterCap":0,"hubris:TenFootPole":10,"WarpedTongs":7},{"hubris:Zylophone":24,"Lantern":56,"HornCleat":21,"TheAbacus":24,"jesterMod:LoadedDice":35,"hubris:BottledHeart":56,"jesterMod:JesterCap":0,"hubris:TenFootPole":56,"WarpedTongs":40}],"WarpedTongs":[28]},"card_choices":[{"not_picked":["jesterMod:ButterKnife","jesterMod:QuickStrike"],"picked":"jesterMod:LightTheWick","floor":0},{"not_picked":["jesterMod:TrickyDodge","jesterMod:QuickStrike"],"picked":"jesterMod:Haste","floor":1},{"not_picked":["jesterMod:Tinker","jesterMod:Rebuff"],"picked":"jesterMod:Swiftness","floor":4},{"not_picked":["jesterMod:BouncingKnife","jesterMod:JackInTheBox","jesterMod:Rebuff"],"picked":"SKIP","floor":5},{"not_picked":["jesterMod:Anticipation","jesterMod:Pause"],"picked":"jesterMod:Precipitation","floor":8},{"not_picked":["jesterMod:RecklessStrike","jesterMod:Unleash"],"picked":"jesterMod:DancingMad","floor":11},{"not_picked":["jesterMod:Anticipation","jesterMod:DancingMad"],"picked":"jesterMod:Precipitation+1","floor":18},{"not_picked":["jesterMod:Mending","jesterMod:Rebuff","jesterMod:Schizophrenia"],"picked":"SKIP","floor":21},{"not_picked":["jesterMod:Tinker","jesterMod:DancingMad+1","jesterMod:Hide"],"picked":"SKIP","floor":22},{"not_picked":["jesterMod:SelfMockery","jesterMod:QuickStrike"],"picked":"jesterMod:Exasperation+1","floor":24},{"not_picked":["jesterMod:Juggler","jesterMod:Discretion","jesterMod:Illness"],"picked":"SKIP","floor":30}],"player_experience":673234,"relics_obtained":[{"floor":9,"key":"HornCleat"},{"floor":14,"key":"hubris:Zylophone"},{"floor":24,"key":"hubris:TenFootPole"},{"floor":26,"key":"Lantern"}],"event_choices":[{"damage_healed":0,"gold_gain":175,"player_choice":"AGREE","damage_taken":112,"max_hp_gain":0,"max_hp_loss":0,"event_name":"betterThird:BetterSerpent","floor":2,"gold_loss":0},{"damage_healed":65,"gold_gain":0,"player_choice":"Upgrade","damage_taken":14,"max_hp_gain":0,"max_hp_loss":70,"event_name":"betterThird:BetterShining","floor":3,"gold_loss":0,"cards_upgraded":["jesterMod:Strike","jesterMod:Defend"]},{"damage_healed":0,"gold_gain":0,"player_choice":"1 cards matched","damage_taken":0,"max_hp_gain":0,"max_hp_loss":0,"event_name":"Match and Keep!","floor":7,"gold_loss":0,"cards_obtained":["jesterMod:Precipitation"]},{"damage_healed":0,"gold_gain":0,"player_choice":"Rummage","damage_taken":0,"relics_obtained":["WarpedTongs"],"max_hp_gain":0,"max_hp_loss":0,"event_name":"Accursed Blacksmith","floor":19,"gold_loss":0,"cards_obtained":["Pain"]},{"damage_healed":0,"gold_gain":0,"player_choice":"1 cards matched","damage_taken":0,"max_hp_gain":0,"max_hp_loss":0,"event_name":"Match and Keep!","floor":29,"gold_loss":0,"cards_obtained":["jesterMod:Contradiction"]}],"is_beta":false,"boss_relics":[{"not_picked":["Fusion Hammer","Cursed Key"],"picked":"jesterMod:LoadedDice"}],"items_purged_floors":[12,20,28],"is_endless":false,"potions_floor_spawned":[4,5,8,16,21,22,30],"killed_by":"hubris:MusketHawk","ascension_level":0}}