{"host":"ugys05tpep779cl6","time":1609952181,"event":{"mods":["AchievementEnabler","Aspiration","BaseMod","Beaked The Cultist","CatGirl Mod","Colored Powertips","HololiveMod","Lobotomy","Minty Spire (QoL Compilation)","Quick Restart","Replay The Spire","Spicy Shops","StSLib","The Druid","vexMod"],"gold_per_floor":[116,60,75,75,75,75,105,105,105,116,150,163,163,206,206,323,323,357,24,24,3,3],"floor_reached":21,"playtime":806,"items_purged":[],"score":351,"play_id":"21ce7c39-30bd-4afa-b146-9f773222b5ad","local_time":"20210106175621","is_ascension_mode":true,"campfire_choices":[{"data":"Cloak And Dagger","floor":6.0,"key":"SMITH"},{"data":"Neutralize","floor":8.0,"key":"SMITH"},{"data":"Catalyst","floor":13.0,"key":"SMITH"}],"circlet_count":0,"master_deck":["AscendersBane","Strike_G","Strike_G","Strike_G","Strike_G","Strike_G","Defend_G","Defend_G","Defend_G","Defend_G","Defend_G","Survivor","Neutralize+1","Infinite Blades","Cloak And Dagger+1","Replay:Poison Smokescreen","Footwork","Poison Darts","Catalyst+1","After Image","Terror+1","After Image","Heel Hook"],"relics":["Ring of the Snake","aspiration:Nostalgia","Burning Blood","aspiration:BabyByrd","vexMod:ConsolationPrize","vexMod:HeadHunter","aspiration:EmptySkull","vexMod:PlasmaPancake","Black Star","ReplayTheSpireMod:EnergyBall"],"acts_visited":["Exordium","TheCity"],"potions_floor_usage":[],"damage_taken":[{"damage":0.0,"enemies":"Small Slimes","floor":1.0,"turns":6.0},{"damage":0.0,"enemies":"Jaw Worm","floor":3.0,"turns":5.0},{"damage":7.0,"enemies":"Replay:BlueRogue","floor":7.0,"turns":8.0},{"damage":0.0,"enemies":"Cultist","floor":10.0,"turns":3.0},{"damage":2.0,"enemies":"Lagavulin","floor":11.0,"turns":8.0},{"damage":0.0,"enemies":"Large Slime","floor":12.0,"turns":6.0},{"damage":13.0,"enemies":"Gremlin Nob","floor":14.0,"turns":3.0},{"damage":40.0,"enemies":"Hexaghost","floor":16.0,"turns":11.0},{"damage":18.0,"enemies":"Spheric Guardian","floor":18.0,"turns":8.0},{"damage":3,"enemies":"2 Thieves","floor":21,"turns":2}],"seed_played":"-2405973163497745727","potions_obtained":[{"floor":1.0,"key":"Poison Potion"},{"floor":3.0,"key":"AttackPotion"},{"floor":11.0,"key":"PowerPotion"}],"is_trial":false,"path_per_floor":["M","$","M","?","?","R","E","R","T","M","E","M","R","E","R","B",null,"M","$","?","M"],"character_chosen":"THE_SILENT","items_purchased":["Cloak And Dagger","ReplayTheSpireMod:EnergyBall"],"campfire_rested":0,"item_purchase_floors":[2,19],"current_hp_per_floor":[65,65,66,66,66,66,65,65,65,66,66,66,66,65,72,38,64,52,52,52,49,49],"gold":3,"neow_bonus":"NOSTALGIA","is_daily":false,"chose_seed":false,"campfire_upgraded":3,"win_rate":0.0,"timestamp":1609952181,"path_taken":["M","$","M","?","?","R","E","R","T","M","E","M","R","E","R","BOSS","M","$","?","M"],"items_purchased_type":["Card","Relic"],"build_version":"2020-12-22","purchased_purges":0,"victory":false,"max_hp_per_floor":[66,66,66,66,66,66,66,66,66,66,66,66,66,72,72,72,72,72,72,72,72,72],"card_choices":[{"not_picked":["Dagger Spray","Blade Dance"],"picked":"Infinite Blades","floor":1.0},{"not_picked":["Finisher","Sucker Punch"],"picked":"Replay:Poison Smokescreen","floor":3.0},{"not_picked":["Cloak And Dagger","Riddle With Holes","Dagger Throw"],"picked":"SKIP","floor":7.0},{"not_picked":["Quick Slash","Masterful Stab"],"picked":"Footwork","floor":10.0},{"not_picked":["Burst","Grand Finale"],"picked":"Poison Darts","floor":11.0},{"not_picked":["Flechettes","Sucker Punch"],"picked":"Catalyst","floor":11.0},{"not_picked":["PiercingWail","Backflip","All Out Attack"],"picked":"SKIP","floor":12.0},{"not_picked":["Corpse Explosion","Adrenaline"],"picked":"After Image","floor":14.0},{"not_picked":["PiercingWail","Tactician"],"picked":"Terror","floor":14.0},{"not_picked":["Unload","Venomology"],"picked":"After Image","floor":16.0},{"not_picked":["Dagger Throw","Backflip"],"picked":"Heel Hook","floor":18.0}],"player_experience":1159293,"relics_obtained":[{"floor":7.0,"key":"vexMod:ConsolationPrize"},{"floor":9.0,"key":"vexMod:HeadHunter"},{"floor":11.0,"key":"aspiration:EmptySkull"},{"floor":14.0,"key":"vexMod:PlasmaPancake"}],"event_choices":[{"damage_healed":0.0,"max_hp_gain":0.0,"max_hp_loss":0.0,"gold_gain":0.0,"event_name":"Lab","player_choice":"Got Potions","floor":5.0,"gold_loss":0.0,"damage_taken":0.0},{"damage_healed":0,"gold_gain":0,"player_choice":"Ignored","damage_taken":0,"max_hp_gain":0,"max_hp_loss":0,"event_name":"Vampires","floor":20,"gold_loss":0}],"is_beta":false,"boss_relics":[{"not_picked":["Ectoplasm","vexMod:TanglingVine"],"picked":"Black Star"}],"items_purged_floors":[],"is_endless":false,"potions_floor_spawned":[1,3,11,12],"killed_by":"2 Thieves","ascension_level":16}}