{"host":"97k5lqmr6aaz1p9r","time":1609970805,"event":{"mods":["BaseMod","Colored Map","Downfall","Jorbs\u0027s Wanderer Trilogy","Minty Spire (QoL Compilation)","StSLib"],"gold_per_floor":[99,114,133,32,182,211,237,162,197,197,197,197,225,239,256,361,361,286,297,297,316,65,65,91,122,222,246,262,262,187,222,232,327,327,327,342,354,373,373,393,471,471,501,517,529,547,580,597,611,611,611,644,66,66,66],"floor_reached":56,"playtime":4172,"items_purged":["Slimebound:Icky"],"score":1447,"play_id":"e4ea2b13-6cca-4684-bf14-b2675caf35a2","local_time":"20210106220645","is_ascension_mode":true,"campfire_choices":[{"data":"champ:Execute","floor":1,"key":"SMITH"},{"data":"expansioncontent:TimeRipple","floor":8,"key":"SMITH"},{"floor":10,"key":"RECALL"},{"data":"champ:Haymaker","floor":12,"key":"SMITH"},{"data":"champ:EnGarde","floor":18,"key":"SMITH"},{"data":"champ:HoldFirm","floor":23,"key":"SMITH"},{"data":"champ:Taunt","floor":30,"key":"SMITH"},{"data":"champ:ShieldWall","floor":35,"key":"SMITH"},{"data":"champ:BladeFlurry","floor":42,"key":"SMITH"},{"data":"champ:Lariat","floor":54,"key":"SMITH"}],"circlet_count":0,"master_deck":["champ:Defend","champ:Defend","champ:Execute+1","champ:Taunt+1","champ:EnGarde+1","champ:Haymaker+1","champ:BerserkersShout","expansioncontent:TimeRipple+1","champ:IgnorePain","champ:BladeFlurry+1","champ:Haymaker+1","champ:GladiatorStyle","champ:MurderStrike+1","champ:SwordThrow+1","champ:StanceDance+1","champ:TornadoPunch+1","champ:SwordThrow+1","champ:DefensiveShout+1","champ:RecklessLeap+1","champ:HoldFirm+1","Mayhem","champ:ShieldWall+1","champ:GladiatorsShout","Slimebound:Tackle+1","Slimebound:Tackle+1","Slimebound:Tackle+1","champ:FlashCut+1","champ:CrookedStrike+1","champ:HeavySlash+1","champ:TornadoPunch+1","champ:BladeFlurry+1","champ:Balance+1","champ:FanOfKnives+1","champ:Lariat+1","champ:GutPunch+1","champ:RecklessLeap+1","champ:SteelEdge+1","expansioncontent:SuperHexaguard"],"relics":["Snecko Eye","Question Card","Orichalcum","downfall:HeartBlessingGreen","PreservedInsect","Molten Egg 2","Bag of Preparation","Astrolabe","downfall:HeartBlessingRed","ClockworkSouvenir","Regal Pillow","HornCleat","champ:BlackKnightHelmet","Pantograph","Art of War","downfall:HeartBlessingBlue","Bronze Scales","Coffee Dripper","InkBottle","Pear","Ornamental Fan","Letter Opener","Incense Burner","Chemical X"],"acts_visited":["Exordium","TheCity","TheBeyond","TheEnding"],"potions_floor_usage":[9,50,55,55,55],"damage_taken":[{"damage":13,"enemies":"Jaw Worm","floor":2,"turns":2},{"damage":5,"enemies":"Small Slimes","floor":3,"turns":3},{"damage":10,"enemies":"downfall:FleeingMerchant","floor":4,"turns":4},{"damage":31,"enemies":"3 Sentries","floor":6,"turns":7},{"damage":11,"enemies":"Gremlin Nob","floor":9,"turns":3},{"damage":16,"enemies":"Lagavulin","floor":13,"turns":3},{"damage":0,"enemies":"2 Louse","floor":14,"turns":1},{"damage":6,"enemies":"2 Fungi Beasts","floor":15,"turns":2},{"damage":23,"enemies":"downfall:Watcher","floor":16,"turns":8},{"damage":0,"enemies":"Spheric Guardian","floor":19,"turns":2},{"damage":5,"enemies":"3 Byrds","floor":21,"turns":4},{"damage":31,"enemies":"downfall:FleeingMerchant","floor":22,"turns":4},{"damage":0,"enemies":"Slavers","floor":25,"turns":2},{"damage":37,"enemies":"Slavers","floor":26,"turns":3},{"damage":6,"enemies":"Centurion and Healer","floor":28,"turns":2},{"damage":0,"enemies":"Gremlin Leader","floor":31,"turns":3},{"damage":20,"enemies":"Snake Plant","floor":32,"turns":1},{"damage":23,"enemies":"downfall:Defect","floor":33,"turns":5},{"damage":3,"enemies":"3 Darklings","floor":36,"turns":2},{"damage":20,"enemies":"3 Shapes","floor":37,"turns":2},{"damage":9,"enemies":"Spire Growth","floor":38,"turns":1},{"damage":9,"enemies":"Writhing Mass","floor":40,"turns":3},{"damage":0,"enemies":"Nemesis","floor":43,"turns":3},{"damage":6,"enemies":"3 Darklings","floor":44,"turns":2},{"damage":20,"enemies":"Maw","floor":45,"turns":2},{"damage":20,"enemies":"Transient","floor":46,"turns":5},{"damage":0,"enemies":"Reptomancer","floor":47,"turns":3},{"damage":0,"enemies":"Jaw Worm Horde","floor":48,"turns":1},{"damage":71,"enemies":"Writhing Mass","floor":49,"turns":2},{"damage":50,"enemies":"downfall:Ironclad","floor":50,"turns":4},{"damage":31,"enemies":"downfall:CharBossMerchant","floor":52,"turns":5},{"damage":96,"enemies":"downfall:NeowBoss","floor":55,"turns":15}],"seed_played":"-3649051200540684929","potions_obtained":[{"floor":6,"key":"AttackPotion"},{"floor":9,"key":"PowerPotion"},{"floor":15,"key":"champ:UltimateStancePotion"},{"floor":16,"key":"SmokeBomb"},{"floor":26,"key":"FairyPotion"},{"floor":31,"key":"AttackPotion"},{"floor":39,"key":"Strength Potion"}],"is_trial":false,"path_per_floor":["R","M","M","$","?","E","T","R","E","R","T","R","E","M","M","B",null,"R","M","?","M","$","R","T","E","?","T","M","?","R","E","M","B",null,"R","M","M","M","?","M","T","R","E","M","M","M","E","M","M","B",null,"E","$","R","B",null],"character_chosen":"THE_CHAMP","items_purchased":["expansioncontent:TimeRipple","Mayhem","ClockworkSouvenir","Regal Pillow","Incense Burner","Chemical X","expansioncontent:SuperHexaguard","Strength Potion"],"campfire_rested":0,"item_purchase_floors":[4,22,22,22,53,53,53,53],"current_hp_per_floor":[90,82,82,82,82,67,67,67,61,61,61,61,54,54,54,41,90,90,90,72,72,78,78,78,95,89,89,83,83,93,93,93,102,105,105,105,105,105,105,96,96,96,106,100,100,100,100,100,72,96,115,104,104,104,112],"gold":66,"neow_bonus":"BOSS_RELIC","is_daily":false,"chose_seed":false,"campfire_upgraded":9,"win_rate":0.0,"timestamp":1609970805,"path_taken":["R","M","M","$","?","E","T","R","E","R","?","R","E","M","M","BOSS","R","M","?","M","$","R","T","E","?","?","M","?","R","E","M","BOSS","R","M","M","M","?","M","T","R","E","M","M","?","E","M","M","BOSS","E","$","R","BOSS"],"items_purchased_type":["Card","Card","Relic","Relic","Relic","Relic","Card","Potion"],"build_version":"2020-12-22","purchased_purges":1,"victory":true,"max_hp_per_floor":[90,90,90,90,90,90,90,90,90,90,90,90,90,90,90,90,90,90,90,95,95,95,95,95,95,95,95,95,95,105,105,105,105,105,105,105,105,105,105,105,105,105,115,115,115,115,115,115,115,115,115,115,115,115,115],"card_choices":[{"not_picked":["champ:ShieldSigil","champ:SwordSigil"],"picked":"champ:EnGarde","floor":2},{"not_picked":["champ:GutPunch","champ:DefensiveShout"],"picked":"champ:Haymaker","floor":3},{"not_picked":["champ:FightOn","champ:RapidStrikes"],"picked":"champ:BerserkersShout","floor":4},{"not_picked":["champ:Riposte","champ:RageSigil"],"picked":"champ:IgnorePain","floor":6},{"not_picked":["champ:FocusedBerserking","champ:SkillfulDodge","champ:RageSigil"],"picked":"champ:BladeFlurry","floor":9},{"not_picked":["champ:Aggression","champ:RageSigil","champ:FalseCounter"],"picked":"champ:Haymaker+1","floor":13},{"not_picked":["champ:Circumvent","champ:Encircle+1","champ:FightOn"],"picked":"champ:GladiatorStyle","floor":14},{"not_picked":["champ:FalseCounter","champ:Encircle+1","champ:StanceDance"],"picked":"champ:MurderStrike+1","floor":15},{"not_picked":["champ:ShieldSlam+1","champ:DancingMaster","champ:IgnorePain"],"picked":"champ:SwordThrow+1","floor":16},{"not_picked":["champ:Balance","champ:RageSigil+1","champ:TornadoPunch+1"],"picked":"champ:DefensiveShout+1","floor":19},{"not_picked":["champ:ViciousMockery","champ:FocusedDefense","champ:AdrenalArmor+1"],"picked":"champ:RecklessLeap+1","floor":21},{"not_picked":["champ:SkillfulDodge","champ:TornadoPunch+1","champ:StanceDance"],"picked":"champ:HoldFirm","floor":22},{"not_picked":["champ:RageSigil+1","champ:Circumvent","champ:SkillfulDodge"],"picked":"champ:ShieldWall","floor":25},{"not_picked":["champ:ViciousMockery","champ:Backstep+1","champ:ShieldSlam+1"],"picked":"champ:GladiatorsShout","floor":28},{"not_picked":["champ:PreciseThrust+1","champ:RecklessLeap+1","champ:FanOfKnives+1"],"picked":"champ:FlashCut+1","floor":31},{"not_picked":["champ:Shatter+1","champ:FalseCounter+1","champ:HeartStrike+1"],"picked":"champ:CrookedStrike+1","floor":32},{"not_picked":["champ:SteelEdge+1","champ:VampiricStrike+1","champ:HoldFirm"],"picked":"champ:HeavySlash+1","floor":33},{"not_picked":["champ:CrookedStrike+1","champ:FlashCut+1","champ:RageSigil+1","champ:BerserkersShout"],"picked":"SKIP","floor":36},{"not_picked":["champ:GutPunch+1","champ:StanceDance+1","champ:RageSigil"],"picked":"champ:TornadoPunch+1","floor":37},{"not_picked":["champ:FocusedDefense+1","champ:Backstep+1","champ:GladiatorsShout+1","champ:StanceDance+1"],"picked":"SKIP","floor":38},{"not_picked":["champ:RageSigil","champ:Haymaker+1","champ:FocusedDefense"],"picked":"champ:BladeFlurry+1","floor":40},{"not_picked":["champ:Aggression","champ:FlashCut+1","champ:Shatter+1"],"picked":"champ:Balance+1","floor":43},{"not_picked":["champ:PreciseThrust+1","champ:SteelEdge+1","champ:GladiatorStyle+1"],"picked":"champ:FanOfKnives+1","floor":44},{"not_picked":["champ:GladiatorsShout+1","champ:Circumvent","champ:GutPunch+1"],"picked":"champ:Lariat","floor":45},{"not_picked":["champ:CrookedStrike+1","champ:GutPunch+1","champ:AdrenalArmor","champ:BringItOn+1"],"picked":"SKIP","floor":46},{"not_picked":["champ:SwordSigil","champ:FanOfKnives+1","champ:GladiatorStyle+1"],"picked":"champ:GutPunch+1","floor":47},{"not_picked":["champ:Circumvent+1","champ:TornadoPunch+1","champ:PerfectedStrike+1"],"picked":"champ:RecklessLeap+1","floor":48},{"not_picked":["champ:ShieldSigil+1","champ:FanOfKnives+1","champ:GladiatorsShout+1","champ:Balance"],"picked":"SKIP","floor":49},{"not_picked":["champ:Backstep","champ:BladeFlurry+1","champ:RageSigil"],"picked":"champ:SteelEdge+1","floor":52}],"player_experience":607693,"relics_obtained":[{"floor":6,"key":"Question Card"},{"floor":7,"key":"Orichalcum"},{"floor":9,"key":"PreservedInsect"},{"floor":11,"key":"Molten Egg 2"},{"floor":13,"key":"Bag of Preparation"},{"floor":25,"key":"HornCleat"},{"floor":26,"key":"champ:BlackKnightHelmet"},{"floor":26,"key":"Pantograph"},{"floor":27,"key":"Art of War"},{"floor":31,"key":"Bronze Scales"},{"floor":41,"key":"InkBottle"},{"floor":43,"key":"Pear"},{"floor":47,"key":"Ornamental Fan"},{"floor":52,"key":"Letter Opener"}],"event_choices":[{"damage_healed":0,"gold_gain":0,"player_choice":"Got Potions","damage_taken":0,"max_hp_gain":0,"max_hp_loss":0,"event_name":"Lab","floor":39,"gold_loss":0}],"is_beta":false,"boss_relics":[{"not_picked":["downfall:Hecktoplasm","SlaversCollar"],"picked":"Astrolabe"},{"not_picked":["Calling Bell","Empty Cage"],"picked":"Coffee Dripper"}],"items_purged_floors":[22],"is_endless":false,"potions_floor_spawned":[6,9,15,16,26,28,31,32,37,43,44,48],"ascension_level":1}}