{"host":"wha9hktbkslqvblg","time":1609907125,"event":{"mods":["BaseMod","Colored Map","Minty Spire (QoL Compilation)","Relic Stats","SuperFastMode","everything is the same but u backflip on backflip"],"gold_per_floor":[114,39,55,55,55,83,83,110,110,128,142,159,194,206,206,279,279,293,313,228,228,228,228,228,228],"floor_reached":24,"playtime":384,"items_purged":[],"score":582,"play_id":"56b221cf-b3e5-4620-9ba3-45a88d32e238","local_time":"20210106132525","is_ascension_mode":true,"campfire_choices":[{"data":"Carnage","floor":7,"key":"SMITH"},{"data":"Fire Breathing","floor":15,"key":"SMITH"},{"data":"Bloodletting","floor":23,"key":"SMITH"}],"circlet_count":0,"master_deck":["AscendersBane","Strike_R","Strike_R","Defend_R","Defend_R","Defend_R","Defend_R","Bash","Uppercut","Evolve","Carnage+1","Hemokinesis+1","Body Slam+1","Fire Breathing+1","Power Through","Barricade","Shrug It Off","Bloodletting+1"],"relics":["Burning Blood","NeowsBlessing","Blue Candle","Art of War","Anchor","Molten Egg 2","Akabeko","Empty Cage","Matryoshka"],"acts_visited":["Exordium","TheCity"],"potions_floor_usage":[16,18,19],"damage_taken":[{"damage":0,"enemies":"Small Slimes","floor":1,"turns":1},{"damage":0,"enemies":"2 Louse","floor":3,"turns":1},{"damage":0,"enemies":"3 Sentries","floor":6,"turns":2},{"damage":8,"enemies":"Gremlin Nob","floor":8,"turns":3},{"damage":1,"enemies":"Cultist","floor":10,"turns":4},{"damage":0,"enemies":"Gremlin Gang","floor":11,"turns":5},{"damage":4,"enemies":"Large Slime","floor":12,"turns":3},{"damage":17,"enemies":"3 Sentries","floor":13,"turns":5},{"damage":0,"enemies":"2 Fungi Beasts","floor":14,"turns":2},{"damage":0,"enemies":"Slime Boss","floor":16,"turns":6},{"damage":2,"enemies":"Spheric Guardian","floor":18,"turns":3},{"damage":26,"enemies":"Shell Parasite","floor":19,"turns":6},{"damage":26,"enemies":"Gremlin Leader","floor":24,"turns":4}],"seed_played":"6057281824873087264","potions_obtained":[{"floor":1,"key":"SkillPotion"},{"floor":3,"key":"LiquidMemories"},{"floor":11,"key":"SkillPotion"},{"floor":16,"key":"Strength Potion"},{"floor":18,"key":"Block Potion"}],"is_trial":false,"path_per_floor":["M","?","M","$","?","E","R","E","T","M","M","M","E","M","R","B",null,"M","M","?","?","?","R","E"],"character_chosen":"IRONCLAD","items_purchased":[],"campfire_rested":0,"item_purchase_floors":[],"current_hp_per_floor":[74,74,75,75,75,75,75,73,73,75,75,75,64,70,70,75,75,75,55,55,34,34,34,8,8],"gold":228,"neow_bonus":"THREE_ENEMY_KILL","is_daily":false,"chose_seed":false,"campfire_upgraded":3,"win_rate":0.0,"timestamp":1609907125,"path_taken":["M","?","M","$","?","E","R","E","T","M","?","M","E","M","R","BOSS","M","?","?","?","?","R","E"],"items_purchased_type":[],"build_version":"2020-12-22","purchased_purges":0,"victory":false,"max_hp_per_floor":[75,75,75,75,75,75,75,75,75,75,75,75,75,75,75,75,75,75,75,75,80,80,80,80,80],"relic_stats":{"counters":[13,45],"Blue Candle":[0],"Art of War":[0],"obtain_stats":[{"Anchor":8,"Matryoshka":20,"NeowsBlessing":0,"Blue Candle":5,"Molten Egg 2":9,"Art of War":6,"Empty Cage":17,"Burning Blood":0,"Akabeko":13},{"Anchor":4,"Matryoshka":12,"NeowsBlessing":0,"Blue Candle":2,"Molten Egg 2":4,"Art of War":3,"Empty Cage":10,"Burning Blood":0,"Akabeko":8},{"Anchor":7,"Matryoshka":41,"NeowsBlessing":0,"Blue Candle":2,"Molten Egg 2":7,"Art of War":4,"Empty Cage":32,"Burning Blood":0,"Akabeko":24}],"Burning Blood":45},"card_choices":[{"not_picked":["Dark Embrace","Rupture"],"picked":"Uppercut","floor":1},{"not_picked":["Headbutt","Clothesline"],"picked":"Evolve","floor":3},{"not_picked":["Iron Wave","Body Slam"],"picked":"Carnage","floor":6},{"not_picked":["Iron Wave","Sword Boomerang","Demon Form"],"picked":"SKIP","floor":8},{"not_picked":["Dropkick+1","Twin Strike+1"],"picked":"Hemokinesis+1","floor":10},{"not_picked":["Wild Strike+1","Anger+1"],"picked":"Body Slam+1","floor":11},{"not_picked":["Headbutt+1","Heavy Blade+1"],"picked":"Fire Breathing","floor":12},{"not_picked":["Sword Boomerang+1","Barricade"],"picked":"Power Through","floor":13},{"not_picked":["Flex","Armaments","Heavy Blade+1"],"picked":"SKIP","floor":14},{"not_picked":["Bludgeon+1","Impervious"],"picked":"Barricade","floor":16},{"not_picked":["Uppercut+1","Ghostly Armor","True Grit"],"picked":"SKIP","floor":18},{"not_picked":["Clothesline+1","Anger+1"],"picked":"Shrug It Off","floor":19}],"player_experience":939664,"relics_obtained":[{"floor":6,"key":"Art of War"},{"floor":8,"key":"Anchor"},{"floor":9,"key":"Molten Egg 2"},{"floor":13,"key":"Akabeko"}],"event_choices":[{"cards_removed":["Strike_R"],"damage_healed":0,"gold_gain":0,"player_choice":"Card Removal","damage_taken":0,"max_hp_gain":0,"max_hp_loss":0,"event_name":"The Cleric","floor":2,"gold_loss":75},{"damage_healed":0,"gold_gain":0,"player_choice":"Gave Potion","damage_taken":0,"relics_obtained":["Blue Candle"],"max_hp_gain":0,"max_hp_loss":0,"event_name":"WeMeetAgain","floor":5,"gold_loss":0},{"damage_healed":0,"gold_gain":0,"player_choice":"Obtained Relic","damage_taken":0,"relics_obtained":["Matryoshka"],"max_hp_gain":0,"max_hp_loss":0,"event_name":"Addict","floor":20,"gold_loss":85},{"damage_healed":0,"gold_gain":0,"player_choice":"Shed Blood","damage_taken":26,"max_hp_gain":5,"max_hp_loss":0,"event_name":"Forgotten Altar","floor":21,"gold_loss":0},{"damage_healed":0,"gold_gain":0,"player_choice":"Read","damage_taken":0,"max_hp_gain":0,"max_hp_loss":0,"event_name":"The Library","floor":22,"gold_loss":0,"cards_obtained":["Bloodletting"]}],"is_beta":false,"boss_relics":[{"not_picked":["SacredBark","Calling Bell"],"picked":"Empty Cage"}],"items_purged_floors":[],"is_endless":false,"potions_floor_spawned":[1,3,11,12,16,18],"killed_by":"Gremlin Leader","ascension_level":20}}