{"host":"dwyzfvnzfcqffr30","time":1609902359,"event":{"mods":["2.2 Compatiblity","Act Like it!","BaseMod","Beaked The Cultist","Better Altar","Better Match","Better Note","Better Sensory Stone","Better Skull","Better Third Choice","Clockwork Mod","Colored Map","Colored Powertips","Conspire","Downfall","Elementarium","GifTheSpireLib","Halation","Hermit","Hubris","Infinite Spire","Ironclad Rager","Jedi Mod","Menagerie","Mimic Mod","Minty Spire (QoL Compilation)","Permanent Neow","Random Character Button","Replay The Spire","Spicy Shops","StSLib","Stuff the Spire","The Construct","The Disciple","The Druid","The Marked","TheFirefly","Trackpad","vexMod"],"gold_per_floor":[332,372,372,407,407,407,549,549,588,588,65,201,201,354,354,454,454,502,502,913,838,828,828,828,828,828,828,835,835,835,835,835,966,966,1039,1126,367,411,411,550,550,550,550],"floor_reached":42,"playtime":9488,"items_purged":["Delirium","Clumsy"],"score":897,"play_id":"b79642db-fd43-4af3-92a2-d6777530bb7f","local_time":"20210105190559","is_ascension_mode":true,"campfire_choices":[{"floor":6,"key":"REST"},{"floor":10,"key":"RECALL"},{"floor":15,"key":"REST"},{"floor":24,"key":"REST"},{"floor":29,"key":"REST"}],"circlet_count":0,"master_deck":["AscendersBane","Bash+1","Twin Strike+1","Twin Strike+1","Twin Strike+1","Twin Strike+1","Twin Strike+1","Iron Wave+1","Iron Wave+1","Iron Wave+1","Iron Wave+1","MasterReality+1","Pummel+1","Demon Form+1","Infernal Blade+1","infinitespire:OneForAll+1","Flame Barrier+1","Life Link+1","Disarm+1","StuffTheSpire:TitanForm+1","infinitespire:UltimateForm+1","Elementarium:GildedEssence+1","Massacre+1","Replay:Undeath\u0027s Touch+1","Double Tap+1","expansioncontent:DecasProtection+1","StuffTheSpire:BrainWave"],"relics":["Burning Blood","StuffTheSpire:TintedRock","Toxic Egg 2","Molten Egg 2","Frozen Egg 2","Quantum Egg","Bottled Tornado","Juzu Bracelet","infinitespire:EvilPickle","trackpad:WindUpAutoDealer","jedi:crownofsimplicity","ClockworkSouvenir","halation:Komachan","trackpad:WritersBlock","halation:PenCase","Cursed Key","halation:EternalFortune","jedi:ominousloannote","trackpad:Coffee","conspire:GlowingRock","Elementarium:FlickeringLantern","Elementarium:ElementariumTrophy","conspire:SlowCooker","Replay:Baseball","Oddly Smooth Stone","BargainBundle","ReplayTheSpireMod:Spearhead","Toy Ornithopter","hubris:Towel","trackpad:AdjectivePendant"],"acts_visited":["Menagerie:Menagerie","Elementarium:Elementarium","TheBeyond"],"potions_floor_usage":[7,12,25,33,35,38],"damage_taken":[{"damage":2,"enemies":"Menagerie:StygianBoar","floor":1,"turns":2},{"damage":6,"enemies":"Menagerie:MonstrousExperiment","floor":2,"turns":3},{"damage":10,"enemies":"Menagerie:WhisperingWraith","floor":4,"turns":3},{"damage":12,"enemies":"Menagerie:MaskedSummoner","floor":7,"turns":3},{"damage":0,"enemies":"Menagerie:EntropyWarlock","floor":9,"turns":5},{"damage":14,"enemies":"Menagerie:VoidReaper","floor":12,"turns":3},{"damage":0,"enemies":"Menagerie:MaskedSummoner","floor":14,"turns":6},{"damage":11,"enemies":"Menagerie:AVATARS","floor":16,"turns":5},{"damage":1,"enemies":"Elementarium:Cyclone","floor":18,"turns":4},{"damage":11,"enemies":"Elementarium:WarGolem","floor":23,"turns":4},{"damage":21,"enemies":"Elementarium:ElementalPortal","floor":25,"turns":6},{"damage":2,"enemies":"Elementarium:2_ELEMENTALS","floor":26,"turns":4},{"damage":13,"enemies":"Elementarium:2_ELEMENTALS","floor":27,"turns":4},{"damage":16,"enemies":"Elementarium:PHOENIXES","floor":33,"turns":7},{"damage":22,"enemies":"3 Darklings","floor":35,"turns":5},{"damage":8,"enemies":"3 Shapes","floor":36,"turns":3},{"damage":25,"enemies":"Spire Growth","floor":38,"turns":3},{"damage":14,"enemies":"Reptomancer","floor":40,"turns":4},{"damage":67,"enemies":"Nemesis","floor":42,"turns":5}],"seed_played":"7460492191322293602","potions_obtained":[{"floor":2,"key":"hexamod:EctoCoolerPotion"},{"floor":4,"key":"Block Potion"},{"floor":14,"key":"Adrenaline Potion"},{"floor":16,"key":"Flashbang"},{"floor":32,"key":"BloodPotion"},{"floor":33,"key":"FearPotion"},{"floor":35,"key":"SteroidPotion"}],"is_trial":false,"path_per_floor":["M","M","?","M","?","R","E","?","MIM","R","$","E","?","E","R","B",null,"M","?","AVR","?","?","E","R","E","MIM","M","?","R","?","?","R_BF","B",null,"M","M","$","M","?","E","?","E"],"character_chosen":"IRONCLAD","items_purchased":["Flame Barrier+1","jedi:crownofsimplicity","ClockworkSouvenir","halation:Komachan","Replay:Baseball","Oddly Smooth Stone","BargainBundle","ReplayTheSpireMod:Spearhead","Toy Ornithopter","expansioncontent:DecasProtection+1"],"campfire_rested":4,"item_purchase_floors":[11,11,11,11,37,37,37,37,37,37],"current_hp_per_floor":[55,55,55,51,51,72,66,66,72,72,72,64,64,70,72,67,71,72,75,75,75,75,70,75,60,64,57,57,75,75,75,75,65,73,72,70,70,56,56,48,48,0,0],"gold":550,"neow_bonus":"IRONCLAD_BERSERKER","is_daily":false,"chose_seed":false,"campfire_upgraded":0,"win_rate":0.0,"timestamp":1609902359,"path_taken":["M","M","?","M","?","R","E","?","MIM","R","$","E","?","E","R","BOSS","M","?","AVR","?","?","E","R","E","MIM","M","?","R","?","?","R_BF","BOSS","M","M","$","M","?","E","?","E"],"items_purchased_type":["Card","Relic","Relic","Relic","Relic","Relic","Relic","Relic","Relic","Card"],"build_version":"2020-12-22","purchased_purges":2,"victory":false,"max_hp_per_floor":[72,72,72,72,72,72,72,72,72,72,72,72,72,72,72,72,72,72,75,75,75,75,75,75,75,75,75,75,75,75,75,75,75,75,75,75,75,75,75,75,68,68,68],"card_choices":[{"not_picked":["Massacre+1","StuffTheSpire:BloodClot+1"],"picked":"Pummel+1","floor":1},{"not_picked":["Run Through+1","Replay:Undeath\u0027s Touch+1"],"picked":"Demon Form+1","floor":2},{"not_picked":["True Grit+1","StuffTheSpire:Slingshot+1","conspire:Charge+1"],"picked":"SKIP","floor":4},{"not_picked":["jedi:MakeshiftSword+1","Anger+1"],"picked":"Infernal Blade+1","floor":7},{"not_picked":["conspire:ExplosiveBarrier+1","conspire:Charge+1"],"picked":"infinitespire:OneForAll+1","floor":9},{"not_picked":["ReplayTheSpireMod:LeadingStrike+1","Wild Strike+1"],"picked":"Life Link+1","floor":12},{"not_picked":["Searing Blow+1","Blood for Blood+1"],"picked":"Disarm+1","floor":14},{"not_picked":["conspire:Purge+1","conspire:HitWhereItHurts+1"],"picked":"StuffTheSpire:TitanForm+1","floor":16},{"not_picked":["Sword Boomerang+1","Clash+1","Heavy Blade+1"],"picked":"SKIP","floor":18},{"not_picked":["Clothesline+1","jedi:hate+1","Thunderclap+1"],"picked":"SKIP","floor":23},{"not_picked":["Pommel Strike+1","Spot Weakness+1"],"picked":"Massacre+1","floor":25},{"not_picked":["Armaments+1","StuffTheSpire:RagingBull+1"],"picked":"Replay:Undeath\u0027s Touch+1","floor":26},{"not_picked":["jedi:fear+1","StuffTheSpire:RockThrow+1","Cleave+1"],"picked":"SKIP","floor":27},{"not_picked":["Offering+1","Eclipse+1"],"picked":"Double Tap+1","floor":33},{"not_picked":["Searing Blow+1","Abandon+1","ReplayTheSpireMod:LeadingStrike+1"],"picked":"SKIP","floor":35},{"not_picked":["Shrug It Off+1","Clothesline+1","StuffTheSpire:RockThrow+1"],"picked":"SKIP","floor":36},{"not_picked":["StuffTheSpire:Slingshot+1","StuffTheSpire:Resist+1","True Grit+1"],"picked":"SKIP","floor":38},{"not_picked":["Impervious+1","Wild Strike+1","Intimidate+1"],"picked":"SKIP","floor":40}],"player_experience":2606019,"relics_obtained":[{"floor":7,"key":"trackpad:WindUpAutoDealer"},{"floor":12,"key":"trackpad:WritersBlock"},{"floor":14,"key":"halation:PenCase"},{"floor":25,"key":"conspire:GlowingRock"},{"floor":40,"key":"trackpad:AdjectivePendant"}],"event_choices":[{"damage_healed":0,"gold_gain":0,"player_choice":"Simplicity","damage_taken":0,"max_hp_gain":0,"max_hp_loss":9,"event_name":"betterThird:BetterWriting","floor":0,"gold_loss":0},{"damage_healed":0,"gold_gain":0,"player_choice":"Ignored","damage_taken":0,"max_hp_gain":0,"max_hp_loss":0,"event_name":"Menagerie:SpiderNest","floor":3,"gold_loss":0},{"damage_healed":0,"gold_gain":0,"player_choice":"Ignored","damage_taken":0,"max_hp_gain":0,"max_hp_loss":0,"event_name":"Menagerie:MagesHand","floor":8,"gold_loss":0},{"damage_healed":0,"gold_gain":0,"player_choice":"Leave","damage_taken":0,"max_hp_gain":0,"max_hp_loss":0,"event_name":"conspire:Investor","floor":13,"gold_loss":0},{"damage_healed":0,"gold_gain":0,"player_choice":"3","damage_taken":0,"max_hp_gain":0,"max_hp_loss":0,"event_name":"betterMatch:BetterMatch","floor":21,"gold_loss":0,"cards_obtained":[]},{"damage_healed":0,"gold_gain":0,"player_choice":"Toss","damage_taken":0,"max_hp_gain":0,"max_hp_loss":0,"event_name":"Elementarium:OnrushingOffering","floor":22,"gold_loss":10,"cards_obtained":["Elementarium:GildedEssence"]},{"damage_healed":0,"gold_gain":50,"player_choice":"Take","damage_taken":0,"max_hp_gain":0,"max_hp_loss":0,"event_name":"Elementarium:StickySituation","floor":28,"gold_loss":0},{"damage_healed":0,"gold_gain":0,"player_choice":"Take","damage_taken":0,"relics_obtained":["Elementarium:FlickeringLantern"],"max_hp_gain":0,"max_hp_loss":0,"event_name":"Elementarium:HeartOfTheVoid","floor":30,"gold_loss":0},{"cards_removed":["Slimebound:Icky"],"damage_healed":0,"gold_gain":0,"player_choice":"Burn","damage_taken":0,"max_hp_gain":0,"max_hp_loss":0,"event_name":"Elementarium:LostScrolls","floor":31,"gold_loss":0}],"is_beta":false,"boss_relics":[{"not_picked":["halation:Risk","conspire:RoyalGoblet"],"picked":"Cursed Key"},{"not_picked":["halation:LoveArrow","Sozu"],"picked":"conspire:SlowCooker"}],"items_purged_floors":[11,37],"is_endless":false,"potions_floor_spawned":[2,4,12,14,16,23,33,35,40],"killed_by":"Nemesis","ascension_level":13}}