{"host":"x205naxbihvu3p76","time":1609937875,"event":{"mods":["AchievementEnabler","BaseMod","Minty Spire (QoL Compilation)","StSLib","SuperFastMode"],"gold_per_floor":[112,37,55,55,205,231,231,231,277,297,308,340,340,355,355,355,355],"floor_reached":16,"playtime":249,"items_purged":[],"score":263,"play_id":"0d454b0c-2590-4126-ba95-1439ef5da68d","local_time":"20210106215755","is_ascension_mode":true,"campfire_choices":[{"data":"White Noise","floor":7,"key":"SMITH"},{"data":"Chaos","floor":13,"key":"SMITH"},{"floor":15,"key":"REST"}],"circlet_count":0,"master_deck":["AscendersBane","Strike_B","Strike_B","Strike_B","Defend_B","Defend_B","Defend_B+1","Defend_B","Zap","Dualcast+1","White Noise+1","Cold Snap","Doubt","Doom and Gloom","Glacier","Chaos+1"],"relics":["Cracked Core","NeowsBlessing","Smiling Mask","Blue Candle","War Paint","Girya"],"acts_visited":["Exordium"],"potions_floor_usage":[11],"damage_taken":[{"damage":0,"enemies":"Jaw Worm","floor":1,"turns":1},{"damage":0,"enemies":"2 Louse","floor":3,"turns":1},{"damage":0,"enemies":"3 Sentries","floor":6,"turns":1},{"damage":1,"enemies":"Cultist","floor":10,"turns":3},{"damage":11,"enemies":"Gremlin Gang","floor":11,"turns":4},{"damage":17,"enemies":"Lagavulin","floor":12,"turns":7},{"damage":23,"enemies":"Large Slime","floor":14,"turns":7},{"damage":42,"enemies":"The Guardian","floor":16,"turns":8}],"seed_played":"-1991129666621381454","potions_obtained":[{"floor":3,"key":"Swift Potion"},{"floor":6,"key":"Fire Potion"},{"floor":14,"key":"Weak Potion"}],"is_trial":false,"path_per_floor":["M","?","M","?","?","E","R","?","T","M","M","E","R","M","R","B"],"character_chosen":"DEFECT","items_purchased":[],"campfire_rested":1,"item_purchase_floors":[],"current_hp_per_floor":[64,64,64,71,71,71,71,71,71,70,59,42,42,19,40,0,0],"gold":355,"neow_bonus":"THREE_ENEMY_KILL","is_daily":false,"chose_seed":false,"campfire_upgraded":2,"win_rate":0.0,"timestamp":1609937875,"path_taken":["M","?","M","?","?","E","R","?","T","M","M","E","R","M","R","BOSS"],"items_purchased_type":[],"build_version":"2020-12-22","purchased_purges":0,"victory":false,"max_hp_per_floor":[71,71,71,71,71,71,71,71,71,71,71,71,71,71,71,71,71],"card_choices":[{"not_picked":["Go for the Eyes","Turbo"],"picked":"White Noise","floor":1},{"not_picked":["Go for the Eyes","Compile Driver"],"picked":"Cold Snap","floor":3},{"not_picked":["Steam","Ball Lightning"],"picked":"Doom and Gloom","floor":6},{"not_picked":["Sweeping Beam","Redo"],"picked":"Glacier","floor":10},{"not_picked":["Undo","Double Energy","Gash"],"picked":"SKIP","floor":11},{"not_picked":["Hyperbeam","Meteor Strike"],"picked":"Chaos","floor":12},{"not_picked":["Ball Lightning","Fusion","Sweeping Beam"],"picked":"SKIP","floor":14}],"player_experience":951262,"relics_obtained":[{"floor":6,"key":"Smiling Mask"},{"floor":9,"key":"War Paint"},{"floor":12,"key":"Girya"}],"event_choices":[{"cards_removed":["Strike_B"],"damage_healed":0,"gold_gain":0,"player_choice":"Card Removal","damage_taken":0,"max_hp_gain":0,"max_hp_loss":0,"event_name":"The Cleric","floor":2,"gold_loss":75},{"damage_healed":23,"gold_gain":0,"player_choice":"Banana","damage_taken":0,"max_hp_gain":0,"max_hp_loss":0,"event_name":"Big Fish","floor":4,"gold_loss":0},{"damage_healed":0,"gold_gain":150,"player_choice":"AGREE","damage_taken":0,"max_hp_gain":0,"max_hp_loss":0,"event_name":"Liars Game","floor":5,"gold_loss":0,"cards_obtained":["Doubt"]},{"damage_healed":0,"gold_gain":0,"player_choice":"Gave Potion","damage_taken":0,"relics_obtained":["Blue Candle"],"max_hp_gain":0,"max_hp_loss":0,"event_name":"WeMeetAgain","floor":8,"gold_loss":0}],"is_beta":false,"boss_relics":[],"items_purged_floors":[],"is_endless":false,"potions_floor_spawned":[3,6,14],"killed_by":"The Guardian","ascension_level":19}}