{"host":"0uumfqrc8aynrssa","time":1609918532,"event":{"mods":["AchievementEnabler","Act Like it!","Aspiration","Astrologer","BaseMod","Better Altar","Better Match","Better Note","Better Sensory Stone","Better Skull","Better Third Choice","Better Vampires","CapriCore","Colored Map","Colored Powertips","Conspire","Downfall","Energized Spire","Friendly Minions","Gensokyo","GifTheSpireLib","Hallownest","Hermit","Highlight Path","Hubris","Infinite Spire","Koishi","Marisa????????","Marked Mod","Minty Spire (QoL Compilation)","Pale of the Ancients","Permanent Neow","Potionbrewer","Random Character Button","Rare Cards Sparkle","Reimu??????","Relic Sorter","Remilia??????","Replay The Spire","Robot Space Explorer","Shop Mod","Somnambulant","Spicy Shops","Spikes Relics","StSLib","Stuff the Spire","The Animator","The Awakened One except there are too many feathers","The Bug Knight","The Cursed","The Hierophant","The Immortal","The Marked","The Problem Sleuth","The Runesmith","The Servant 0.9.4","TheBandit","TheFirefly","Trackpad","Wandering Minibosses","everything is the same but u backflip on backflip","slay the spire mod where everything is the same but ironclad has a cowboy hat","vexMod"],"gold_per_floor":[111,111,111,111,126,126,138,156,204,215,229,239,239,189,189,290,290,306,306,319,141,141,141],"floor_reached":22,"playtime":1250,"items_purged":["Strike_R"],"score":178,"play_id":"381e7c7f-991d-4a41-9bb7-f6e600c8a94b","local_time":"20210106023532","is_ascension_mode":false,"campfire_choices":[{"data":"Berserk","floor":6,"key":"SMITH"},{"data":"Armaments","floor":13,"key":"SMITH"}],"circlet_count":0,"master_deck":["Strike_R","Strike_R","Strike_R","Strike_R","Defend_R","Defend_R","Defend_R","Defend_R","Bash","Berserk+1","Iron Wave+1","Armaments+1","Offering+1","Rampage","Barricade","Body Slam","Strike_R","Strike_R","Strike_R","Defend_R","Defend_R","Defend_R","Defend_R","Bash","Berserk+1","Iron Wave+1","Armaments+1","Offering+1","Rampage","Barricade","Body Slam"],"relics":["Burning Blood"],"acts_visited":["Exordium","TheCity"],"potions_floor_usage":[8,8,16,21,22],"damage_taken":[{"damage":9,"enemies":"Cultist","floor":1,"turns":3},{"damage":2,"enemies":"Small Slimes","floor":5,"turns":4},{"damage":6,"enemies":"Jaw Worm","floor":7,"turns":3},{"damage":7,"enemies":"Lots of Slimes","floor":8,"turns":5},{"damage":0,"enemies":"Looter","floor":10,"turns":3},{"damage":10,"enemies":"Exordium Wildlife","floor":11,"turns":3},{"damage":22,"enemies":"Large Slime","floor":12,"turns":5},{"damage":66,"enemies":"The Guardian","floor":16,"turns":11},{"damage":25,"enemies":"2 Thieves","floor":18,"turns":4},{"damage":40,"enemies":"Shell Parasite","floor":20,"turns":6},{"damage":38,"enemies":"Cultist and Chosen","floor":22,"turns":6}],"seed_played":"-7715115481885107584","potions_obtained":[{"floor":1,"key":"sneckomod:MuddlingPotion"},{"floor":5,"key":"Adrenaline Potion"},{"floor":8,"key":"ElixirPotion"},{"floor":11,"key":"conspire:TimeTravelPotion"},{"floor":18,"key":"PowerPotion"}],"is_trial":false,"path_per_floor":["M","T","?","?","M","R","M","M","T","M","M","M","R","?","R_BF","B",null,"M","?","M","$","M"],"character_chosen":"IRONCLAD","items_purchased":["Fruit Juice"],"campfire_rested":0,"item_purchase_floors":[21],"current_hp_per_floor":[77,77,77,77,80,80,80,79,79,80,76,60,60,60,80,63,80,61,61,27,32,0,0],"gold":141,"neow_bonus":"ONE_RANDOM_RARE_CARD","is_daily":false,"chose_seed":false,"campfire_upgraded":2,"win_rate":0.0,"timestamp":1609918532,"path_taken":["M","?","?","?","M","R","?","M","T","?","M","M","R","?","R_BF","BOSS","M","?","M","$","M"],"items_purchased_type":["Potion"],"build_version":"2020-12-22","purchased_purges":1,"victory":false,"max_hp_per_floor":[80,80,80,80,80,80,80,80,80,80,80,80,80,80,80,80,80,80,80,80,85,85,85],"card_choices":[{"not_picked":["ReplayReversal","Clothesline"],"picked":"Iron Wave","floor":1},{"not_picked":["ReplayTheSpireMod:Strike From Hell","Warcry","StuffTheSpire:Slingshot"],"picked":"SKIP","floor":5},{"not_picked":["Warcry","hubris:ReadiedAction","Heavy Blade"],"picked":"SKIP","floor":7},{"not_picked":["Feel No Pain","Thunderclap"],"picked":"Armaments","floor":8},{"not_picked":["Evolve","Heavy Blade"],"picked":"Offering","floor":10},{"not_picked":["Cleave","Armaments"],"picked":"Rampage","floor":11},{"not_picked":["StuffTheSpire:RagingBull","Perfected Strike","ReplayTheSpireMod:Strike From Hell"],"picked":"SKIP","floor":12},{"not_picked":["Immolate","Hemogenesis"],"picked":"Barricade","floor":16},{"not_picked":["Iron Wave+1","ReplayTheSpireMod:Strike From Hell+1"],"picked":"Body Slam","floor":18},{"not_picked":["Sword Boomerang","Clash+1","hubris:ReadiedAction+1"],"picked":"SKIP","floor":20}],"player_experience":904631,"relics_obtained":[],"event_choices":[{"damage_healed":0,"gold_gain":0,"player_choice":"LEAVE","damage_taken":0,"max_hp_gain":0,"max_hp_loss":0,"event_name":"betterThird:BetterScrap","floor":3,"gold_loss":0,"cards_obtained":["StuffTheSpire:Incursion"]},{"cards_removed":["Strike_R"],"damage_healed":0,"gold_gain":0,"player_choice":"Card Removal","damage_taken":0,"max_hp_gain":0,"max_hp_loss":0,"event_name":"The Cleric","floor":14,"gold_loss":50}],"is_beta":false,"boss_relics":[{"not_picked":[]}],"items_purged_floors":[21],"is_endless":false,"potions_floor_spawned":[1,5,8,11,18],"killed_by":"Cultist and Chosen","ascension_level":0}}