{"host":"9l4mw5jqza9qz9hr","time":1609944624,"event":{"mods":["AchievementEnabler","Always Whale","BaseMod","Colored Map","Minty Spire (QoL Compilation)","StSLib","SuperFastMode"],"gold_per_floor":[118,193,212,229,20,20,52,52,52,67,67,81,111,23,23,121,121,136,136,155,56,67,93,93,93,93,93,110,123,142,142,142],"floor_reached":31,"playtime":885,"items_purged":["Strike_B","Strike_B","Defend_B"],"score":448,"play_id":"56480d41-4b66-4302-a2a9-aea5b1adf08f","local_time":"20210106235024","is_ascension_mode":true,"campfire_choices":[{"data":"Zap","floor":6,"key":"SMITH"},{"data":"Loop","floor":8,"key":"SMITH"},{"data":"Capacitor","floor":15,"key":"SMITH"},{"floor":24,"key":"REST"},{"data":"Creative AI","floor":27,"key":"SMITH"}],"circlet_count":0,"master_deck":["Defend_B","Defend_B","Zap+1","Dualcast","Coolheaded","Loop+1","Conserve Battery","Genetic Algorithm","Thunder Strike","Ball Lightning","Compile Driver","Capacitor+1","Creative AI+1","Go for the Eyes","Storm","Ghostly","Ghostly","Ghostly","Ghostly","Ghostly","Hologram","Defragment","White Noise+1"],"relics":["Cracked Core","NeowsBlessing","Membership Card","Pear","PreservedInsect","StrikeDummy","Ice Cream","Empty Cage","Darkstone Periapt","Dream Catcher"],"acts_visited":["Exordium","TheCity"],"potions_floor_usage":[13,20,23,30],"damage_taken":[{"damage":0.0,"enemies":"Jaw Worm","floor":1.0,"turns":1.0},{"damage":0,"enemies":"Cultist","floor":3,"turns":1},{"damage":0,"enemies":"Small Slimes","floor":4,"turns":1},{"damage":20,"enemies":"3 Sentries","floor":7,"turns":10},{"damage":7,"enemies":"3 Louse","floor":10,"turns":3},{"damage":4,"enemies":"Looter","floor":12,"turns":4},{"damage":0,"enemies":"Gremlin Nob","floor":13,"turns":2},{"damage":24,"enemies":"Hexaghost","floor":16,"turns":8},{"damage":17,"enemies":"Shell Parasite","floor":18,"turns":6},{"damage":20,"enemies":"Spheric Guardian","floor":20,"turns":6},{"damage":16,"enemies":"Snake Plant","floor":22,"turns":3},{"damage":22,"enemies":"Book of Stabbing","floor":23,"turns":6},{"damage":2,"enemies":"Centurion and Healer","floor":28,"turns":6},{"damage":17,"enemies":"3 Cultists","floor":29,"turns":5},{"damage":5,"enemies":"Shelled Parasite and Fungi","floor":30,"turns":9},{"damage":13,"enemies":"Slavers","floor":31,"turns":1}],"seed_played":"-854973194300808597","potions_obtained":[{"floor":4,"key":"DuplicationPotion"},{"floor":10,"key":"BlessingOfTheForge"},{"floor":12,"key":"SpeedPotion"},{"floor":18,"key":"Regen Potion"},{"floor":20,"key":"Energy Potion"},{"floor":29,"key":"SteroidPotion"}],"is_trial":false,"path_per_floor":["M","?","M","M","$","R","E","R","T","M","T","M","E","$","R","B",null,"M","?","M","$","M","E","R","?","T","R","M","M","M","E"],"character_chosen":"DEFECT","items_purchased":["Membership Card","Genetic Algorithm","Capacitor","Storm"],"campfire_rested":1,"item_purchase_floors":[5,5,14,21],"current_hp_per_floor":[68,61,61,61,61,61,51,51,51,44,44,40,40,40,40,16,68,51,51,45,45,29,7,32,32,32,32,30,13,8,0,0],"gold":142,"neow_bonus":"THREE_ENEMY_KILL","is_daily":false,"chose_seed":false,"campfire_upgraded":4,"win_rate":0.0,"timestamp":1609944624,"path_taken":["M","?","M","?","$","R","E","R","T","M","?","M","E","$","R","BOSS","M","?","M","$","M","E","R","?","T","R","M","M","M","E"],"items_purchased_type":["Relic","Card","Card","Card"],"build_version":"2020-12-22","purchased_purges":3,"victory":false,"max_hp_per_floor":[75,75,75,75,75,75,85,85,85,85,85,85,85,85,85,85,85,85,85,85,85,85,85,85,42,42,42,42,42,42,42,42],"card_choices":[{"not_picked":["Gash","Loop"],"picked":"Coolheaded","floor":1.0},{"not_picked":["Cold Snap","Streamline"],"picked":"Loop","floor":3},{"not_picked":["Scrape","Beam Cell"],"picked":"Conserve Battery","floor":4},{"not_picked":["Cold Snap","Coolheaded"],"picked":"Thunder Strike","floor":7},{"not_picked":["Darkness","Force Field"],"picked":"Ball Lightning","floor":10},{"not_picked":["Beam Cell","Barrage"],"picked":"Compile Driver","floor":12},{"not_picked":["Stack","Streamline","Consume"],"picked":"SKIP","floor":13},{"not_picked":["Machine Learning","Meteor Strike"],"picked":"Creative AI","floor":16},{"not_picked":["Double Energy","Barrage+1","Stack"],"picked":"SKIP","floor":18},{"not_picked":["Cold Snap","Rebound"],"picked":"Go for the Eyes","floor":20},{"not_picked":["Fusion","Ball Lightning","Reinforced Body"],"picked":"SKIP","floor":22},{"not_picked":["Stack","Hello World","Blizzard"],"picked":"SKIP","floor":23},{"not_picked":["Beam Cell","Undo"],"picked":"Hologram","floor":28},{"not_picked":["Barrage+1","Beam Cell"],"picked":"Defragment","floor":29},{"not_picked":["Steam Power","Steam"],"picked":"White Noise+1","floor":30}],"player_experience":190793,"relics_obtained":[{"floor":7,"key":"Pear"},{"floor":9,"key":"PreservedInsect"},{"floor":11,"key":"StrikeDummy"},{"floor":13,"key":"Ice Cream"},{"floor":23,"key":"Darkstone Periapt"},{"floor":26,"key":"Dream Catcher"}],"event_choices":[{"damage_healed":0,"gold_gain":75,"player_choice":"Touch","damage_taken":7,"max_hp_gain":0,"max_hp_loss":0,"event_name":"FaceTrader","floor":2,"gold_loss":0},{"cards_removed":["Strike_B"],"damage_healed":0,"gold_gain":0,"player_choice":"Elegance","damage_taken":0,"max_hp_gain":0,"max_hp_loss":0,"event_name":"Back to Basics","floor":19,"gold_loss":0},{"damage_healed":0,"gold_gain":0,"player_choice":"Became a Ghost","damage_taken":0,"max_hp_gain":0,"max_hp_loss":43,"event_name":"Ghosts","floor":25,"gold_loss":0,"cards_obtained":["Ghostly","Ghostly","Ghostly","Ghostly","Ghostly"]}],"is_beta":false,"boss_relics":[{"not_picked":["Coffee Dripper","Nuclear Battery"],"picked":"Empty Cage"}],"items_purged_floors":[5,14,21],"is_endless":false,"potions_floor_spawned":[4,10,12,18,20,29],"killed_by":"Slavers","ascension_level":9}}