{"host":"dyggtcpod2kd5hqt","time":1609954571,"event":{"mods":["2.2 Compatiblity","AchievementEnabler","BaseMod","Bestiary","Block Reminder","Colored Map","Colored Powertips","Minty Spire (QoL Compilation)","Quick Restart","Rare Cards Sparkle","Relic Stats","Unknown Chances"],"gold_per_floor":[116,116,116,191,191,221,239,239,239,264,282,282,9,19,19,114,114,149,191,191,235,264,299,299,22,22,22,121,121,6,47,47,149,149,191,231,32,82,82,82,124,138,206,206,235,2,2,63,63,63,63,63,0,28,28],"floor_reached":56,"playtime":2655,"items_purged":["Strike_P","Defend_P"],"score":1354,"play_id":"a7bb41db-2a87-49be-b8ef-ac2538c789da","local_time":"20210106123611","is_ascension_mode":false,"campfire_choices":[{"data":"Meditate","floor":8.0,"key":"SMITH"},{"floor":15.0,"key":"REST"},{"data":"Wish","floor":27.0,"key":"SMITH"},{"data":"ForeignInfluence","floor":29.0,"key":"SMITH"},{"data":"Devotion","floor":32.0,"key":"SMITH"},{"floor":40.0,"key":"REST"},{"floor":44.0,"key":"REST"},{"floor":49,"key":"RECALL"},{"data":"TalkToTheHand","floor":52,"key":"SMITH"}],"circlet_count":0,"master_deck":["Strike_P","Strike_P","Strike_P","Defend_P","Eruption+1","Vigilance","Halt","ForeignInfluence+1","Meditate+1","FlurryOfBlows","EmptyFist","Weave","JustLucky","DevaForm","Devotion+1","Wish+1","Worship","TalkToTheHand+1","CrushJoints+1","TalkToTheHand","Ghostly","Ghostly","Ghostly","Ghostly","Ghostly","TalkToTheHand","Wireheading","Prostrate","MentalFortress","BowlingBash","Devotion","BowlingBash+1","EmptyBody+1","Tantrum","ForeignInfluence","ThirdEye","CutThroughFate","Evaluate+1","TalkToTheHand","JustLucky"],"relics":["PureWater","NeowsBlessing","Nunchaku","Ornamental Fan","Shuriken","Busted Crown","Red Mask","Boot","Membership Card","Anchor","Sling","Runic Pyramid","Prayer Wheel","Peace Pipe","Juzu Bracelet","Incense Burner","DollysMirror","Pantograph","CaptainsWheel"],"acts_visited":["Exordium","TheCity","TheBeyond","TheEnding"],"potions_floor_usage":[55,55,55],"damage_taken":[{"damage":0.0,"enemies":"2 Louse","floor":1.0,"turns":1.0},{"damage":0.0,"enemies":"Gremlin Nob","floor":6.0,"turns":1.0},{"damage":0.0,"enemies":"Small Slimes","floor":7.0,"turns":2.0},{"damage":35.0,"enemies":"Lagavulin","floor":10.0,"turns":5.0},{"damage":0.0,"enemies":"Cultist","floor":11.0,"turns":2.0},{"damage":2.0,"enemies":"Blue Slaver","floor":14.0,"turns":2.0},{"damage":11.0,"enemies":"Hexaghost","floor":16.0,"turns":6.0},{"damage":8.0,"enemies":"Spheric Guardian","floor":18.0,"turns":4.0},{"damage":0.0,"enemies":"3 Byrds","floor":19.0,"turns":5.0},{"damage":3.0,"enemies":"Snecko","floor":21.0,"turns":5.0},{"damage":0.0,"enemies":"Masked Bandits","floor":22.0,"turns":2.0},{"damage":36.0,"enemies":"Slavers","floor":23.0,"turns":3.0},{"damage":0.0,"enemies":"Shelled Parasite and Fungi","floor":31.0,"turns":7.0},{"damage":46.0,"enemies":"Champ","floor":33.0,"turns":8.0},{"damage":21.0,"enemies":"3 Darklings","floor":35.0,"turns":4.0},{"damage":3.0,"enemies":"3 Shapes","floor":36.0,"turns":5.0},{"damage":5.0,"enemies":"Mind Bloom Boss Battle","floor":38.0,"turns":6.0},{"damage":1.0,"enemies":"Sphere and 2 Shapes","floor":41.0,"turns":6.0},{"damage":5.0,"enemies":"3 Darklings","floor":42.0,"turns":4.0},{"damage":0.0,"enemies":"Giant Head","floor":45.0,"turns":6.0},{"damage":1,"enemies":"Nemesis","floor":48,"turns":7},{"damage":34,"enemies":"Time Eater","floor":50,"turns":8},{"damage":4,"enemies":"Shield and Spear","floor":54,"turns":6},{"damage":9,"enemies":"The Heart","floor":55,"turns":8}],"seed_played":"8782581305976139057","potions_obtained":[{"floor":1.0,"key":"Fire Potion"},{"floor":10.0,"key":"Fire Potion"},{"floor":14.0,"key":"LiquidMemories"},{"floor":18.0,"key":"BottledMiracle"},{"floor":21.0,"key":"Ancient Potion"},{"floor":23.0,"key":"Fruit Juice"},{"floor":35.0,"key":"Dexterity Potion"},{"floor":38.0,"key":"Dexterity Potion"}],"is_trial":false,"path_per_floor":["M","?","?","?","?","E","M","R","T","E","M","?","$","M","R","B",null,"M","M","?","M","?","E","?","$","T","R","?","R","$","M","R","B",null,"M","M","$","?","?","R","M","M","T","R","E","$","?","E","R","B",null,"R","$","E","B",null],"character_chosen":"WATCHER","items_purchased":["Weave","JustLucky","DevaForm","Membership Card","TalkToTheHand","Wireheading","Prostrate","FairyPotion","MentalFortress","Sling","Tantrum","Prayer Wheel","ForeignInfluence","Incense Burner","DollysMirror","JustLucky"],"campfire_rested":3,"item_purchase_floors":[13,13,13,25,25,25,25,25,30,30,37,37,37,46,46,53],"current_hp_per_floor":[72,65,65,54,54,54,54,54,54,19,19,19,19,17,38,27,72,64,64,64,61,61,30,30,30,30,30,30,30,30,30,30,11,38,17,14,14,9,9,20,19,14,14,25,25,25,25,24,24,2,36,36,36,32,27],"gold":28,"neow_bonus":"THREE_ENEMY_KILL","is_daily":false,"chose_seed":false,"campfire_upgraded":5,"win_rate":0.0,"timestamp":1609954571,"path_taken":["M","?","?","?","?","E","?","R","T","E","M","?","$","M","R","BOSS","M","M","?","M","?","E","?","$","T","R","?","R","$","M","R","BOSS","M","M","$","?","?","R","M","M","T","R","E","$","?","E","R","BOSS","R","$","E","BOSS"],"items_purchased_type":["Card","Card","Card","Relic","Card","Card","Card","Potion","Card","Relic","Card","Relic","Card","Relic","Relic","Card"],"build_version":"2020-12-22","purchased_purges":2,"victory":true,"max_hp_per_floor":[72,72,72,72,72,72,72,72,72,72,72,72,72,72,72,72,72,72,72,72,72,72,77,38,38,38,38,38,38,38,38,38,38,38,38,38,38,38,38,38,38,38,38,38,38,38,36,36,36,36,36,36,36,36,36],"relic_stats":{"Peace Pipe":0,"Nunchaku":[31],"Busted Crown":36,"counters":[24,113],"Ornamental Fan":[280],"Shuriken":[69],"Pantograph":16,"Prayer Wheel":2,"Juzu Bracelet":0,"Boot":[57],"obtain_stats":[{"NeowsBlessing":0,"Juzu Bracelet":45,"Incense Burner":46,"Boot":23,"Sling":30,"Peace Pipe":38,"Nunchaku":6,"Anchor":26,"CaptainsWheel":54,"Busted Crown":17,"Ornamental Fan":9,"Shuriken":10,"DollysMirror":46,"Pantograph":48,"Prayer Wheel":37,"Red Mask":22,"Membership Card":25,"PureWater":0,"Runic Pyramid":34},{"NeowsBlessing":0,"Juzu Bracelet":20,"Incense Burner":20,"Boot":12,"Sling":12,"Peace Pipe":17,"Nunchaku":2,"Anchor":12,"CaptainsWheel":23,"Busted Crown":7,"Ornamental Fan":3,"Shuriken":4,"DollysMirror":20,"Pantograph":21,"Prayer Wheel":16,"Red Mask":11,"Membership Card":12,"PureWater":0,"Runic Pyramid":14},{"NeowsBlessing":0,"Juzu Bracelet":84,"Incense Burner":84,"Boot":38,"Sling":38,"Peace Pipe":68,"Nunchaku":2,"Anchor":38,"CaptainsWheel":105,"Busted Crown":19,"Ornamental Fan":4,"Shuriken":9,"DollysMirror":84,"Pantograph":91,"Prayer Wheel":62,"Red Mask":35,"Membership Card":38,"PureWater":0,"Runic Pyramid":53}]},"card_choices":[{"not_picked":["Perseverance","Protect"],"picked":"Halt","floor":1.0},{"not_picked":["Evaluate","CrushJoints"],"picked":"ForeignInfluence","floor":6.0},{"not_picked":["Vengeance","EmptyBody"],"picked":"Meditate","floor":7.0},{"not_picked":["FollowUp","EmptyFist"],"picked":"FlurryOfBlows","floor":10.0},{"not_picked":["CutThroughFate","SashWhip"],"picked":"EmptyFist","floor":11.0},{"not_picked":["EmptyFist","CutThroughFate"],"picked":"Devotion","floor":14.0},{"not_picked":["ConjureBlade","Vault"],"picked":"Wish","floor":16.0},{"not_picked":[],"picked":"Worship","floor":18.0},{"not_picked":["Worship"],"picked":"SKIP","floor":19.0},{"not_picked":[],"picked":"CrushJoints+1","floor":21.0},{"not_picked":[],"picked":"TalkToTheHand","floor":23.0},{"not_picked":[],"picked":"BowlingBash","floor":31.0},{"not_picked":[],"picked":"Devotion","floor":33.0},{"not_picked":[],"picked":"BowlingBash+1","floor":35.0},{"not_picked":[],"picked":"EmptyBody+1","floor":36.0},{"not_picked":[],"picked":"ThirdEye","floor":38.0},{"not_picked":["SashWhip+1"],"picked":"SKIP","floor":41.0},{"not_picked":["BowlingBash+1"],"picked":"SKIP","floor":41.0},{"not_picked":[],"picked":"CutThroughFate","floor":42.0},{"not_picked":["Prostrate"],"picked":"SKIP","floor":42.0},{"not_picked":[],"picked":"Evaluate+1","floor":45.0},{"not_picked":["Protect"],"picked":"SKIP","floor":48},{"not_picked":["LikeWater"],"picked":"SKIP","floor":54}],"player_experience":511250,"relics_obtained":[{"floor":6.0,"key":"Nunchaku"},{"floor":9.0,"key":"Ornamental Fan"},{"floor":10.0,"key":"Shuriken"},{"floor":22.0,"key":"Red Mask"},{"floor":23.0,"key":"Boot"},{"floor":26.0,"key":"Anchor"},{"floor":38.0,"key":"Peace Pipe"},{"floor":45.0,"key":"Juzu Bracelet"},{"floor":48,"key":"Pantograph"},{"floor":54,"key":"CaptainsWheel"}],"event_choices":[{"cards_removed":["Defend_P"],"damage_healed":0.0,"max_hp_gain":0.0,"max_hp_loss":0.0,"gold_gain":0.0,"event_name":"Golden Wing","player_choice":"Card Removal","floor":2.0,"gold_loss":0.0,"damage_taken":7.0},{"damage_healed":0.0,"max_hp_gain":0.0,"max_hp_loss":0.0,"gold_gain":0.0,"event_name":"Living Wall","player_choice":"Grow","floor":3.0,"gold_loss":0.0,"damage_taken":0.0,"cards_upgraded":["Eruption"]},{"damage_healed":0.0,"max_hp_gain":0.0,"max_hp_loss":0.0,"gold_gain":75.0,"event_name":"World of Goop","player_choice":"Gather Gold","floor":4.0,"gold_loss":0.0,"damage_taken":11.0},{"damage_healed":0.0,"max_hp_gain":0.0,"max_hp_loss":0.0,"gold_gain":0.0,"event_name":"NoteForYourself","player_choice":"Ignored","floor":5.0,"gold_loss":0.0,"damage_taken":0.0},{"cards_removed":["Defend_P"],"damage_healed":0.0,"max_hp_gain":0.0,"max_hp_loss":0.0,"gold_gain":0.0,"event_name":"Bonfire Elementals","player_choice":"Offered Basic","floor":12.0,"gold_loss":0.0,"damage_taken":0.0},{"damage_healed":0.0,"max_hp_gain":0.0,"max_hp_loss":0.0,"gold_gain":0.0,"event_name":"The Library","player_choice":"Read","floor":20.0,"gold_loss":0.0,"damage_taken":0.0,"cards_obtained":["TalkToTheHand"]},{"damage_healed":0.0,"max_hp_gain":0.0,"max_hp_loss":0.0,"gold_gain":0.0,"event_name":"Masked Bandits","player_choice":"Fought Bandits","floor":22.0,"gold_loss":0.0,"damage_taken":0.0},{"damage_healed":0.0,"max_hp_gain":0.0,"max_hp_loss":39.0,"gold_gain":0.0,"event_name":"Ghosts","player_choice":"Became a Ghost","floor":24.0,"gold_loss":0.0,"damage_taken":0.0,"cards_obtained":["Ghostly","Ghostly","Ghostly","Ghostly","Ghostly"]},{"damage_healed":0.0,"max_hp_gain":0.0,"max_hp_loss":0.0,"gold_gain":99.0,"event_name":"Nest","player_choice":"Stole From Cult","floor":28.0,"gold_loss":0.0,"damage_taken":0.0},{"damage_healed":0.0,"max_hp_gain":0.0,"max_hp_loss":0.0,"gold_gain":0.0,"event_name":"MindBloom","player_choice":"Fight","floor":38.0,"gold_loss":0.0,"damage_taken":0.0},{"damage_healed":0.0,"max_hp_gain":0.0,"max_hp_loss":0.0,"gold_gain":0.0,"event_name":"SensoryStone","player_choice":"Memory 1","floor":39.0,"gold_loss":0.0,"damage_taken":0.0},{"damage_healed":0,"gold_gain":0,"player_choice":"Max HP","damage_taken":0,"max_hp_gain":0,"max_hp_loss":2,"event_name":"Winding Halls","floor":47,"gold_loss":0}],"is_beta":false,"boss_relics":[{"not_picked":["Cursed Key","Tiny House"],"picked":"Busted Crown"},{"not_picked":["Coffee Dripper","Pandora\u0027s Box"],"picked":"Runic Pyramid"}],"items_purged_floors":[13,53],"is_endless":false,"potions_floor_spawned":[1,10,14,18,21,23,35,38,54],"ascension_level":0}}