{"host":"qfsonsbbc9k774te","time":1609944795,"event":{"mods":["BaseMod","Colored Map","Hermit","Minty Spire (QoL Compilation)","SOS（斯巴达之子）","Spicy Shops","StSLib","The Animator","The Cursed","The Servant 0.9.4","WarShipGirlsR/战舰少女R mod","[IsaacMod]以撒尖塔","【功能Mod】聪明的最终Boss"],"gold_per_floor":[112,112,129,147,3,28,28,28,105,124,124,139,167,167,167,293,293,314,16,16,34,59,99,99,99,99,117,141,56,56,181,181,306,306,329,662,83,83,83,109,109,143,217,232,257,194,205,234,234,249,262,282,301,301,326,326,326,397,397,432,444,458,558,558,558,558,558,558,589,589],"floor_reached":56,"playtime":10454,"items_purged":["rmod:strick","rmod:defend","rmod:defend","rmod:basicallowance","rmod:fletcher"],"score":1963,"play_id":"87f945fd-fe9a-4c0e-bb96-f274ee99844d","local_time":"20210106225315","is_ascension_mode":false,"campfire_choices":[{"data":"rmod:fuelsupply","floor":7.0,"key":"SMITH"},{"data":"rmod:chargemoney","floor":11.0,"key":"SMITH"},{"data":"rmod:fuelsupply","floor":15.0,"key":"SMITH"},{"data":"rmod:secretscript","floor":25.0,"key":"SMITH"},{"data":"rmod:fuelsupply","floor":30.0,"key":"SMITH"},{"data":"rmod:maintain","floor":32.0,"key":"SMITH"},{"floor":49,"key":"RECALL"},{"data":"1","floor":42,"key":"LIFT"},{"data":"2","floor":49,"key":"LIFT"},{"data":"3","floor":52,"key":"LIFT"}],"circlet_count":166,"master_deck":["rmod:strick+1","rmod:strick+1","rmod:defend+1","rmod:defend+1","rmod:maingunfire","rmod:fuelsupply+1","rmod:fuelsupply+1","rmod:maintain+1","rmod:royalracing","rmod:aviationdawn","rmod:chargemoney+1","rmod:fuelsupply+1","rmod:maintain","rmod:secretscript+1","rmod:unsinkable","rmod:combined","rmod:smokecover+1","rmod:mineteam","rmod:sl","rmod:steelsupply+1","rmod:generalist","rmod:salvage+1","Madness","Madness","rmod:expeditionaryescort+1","rmod:royalracing","rmod:firesupport+1","rmod:royalracing+1","rmod:maintain+1","rmod:victimresponsibility+1","rmod:diaomin+1","rmod:fletcherpendant","rmod:intelligenceanalysis","rmod:fuelsupply+1","rmod:luckystar+1","rmod:fletcherpendant+1","rmod:luckystar+1","rmod:luckystar+1"],"relics":["HushsDoor","BookOfRevelations","Happy Flower","Kunai","Potion Belt","SlaversCollar","SteamSale","Juzu Bracelet","BookofShadows","DoctorsRemote","Ancient Tea Set","Unceasing Top","The Courier","rmod:mogul","GuppysTail","Chemical X","Lee\u0027s Waffle","Ice Cream","FossilizedHelix","PreservedInsect","SalivaCoin","PunchingBag","Shovel","Membership Card","rmod:extraamm","Boot","Blue Candle","GnawedLeaf","rmod:equipmentrecovery","DollysMirror","TheBible","Toxic Egg 2","HornCleat","Strawberry","Eternal Feather","War Paint","PokeGo","Lantern","Pantograph","InkBottle","Darkstone Periapt","Ornamental Fan","Centennial Puzzle","Art of War","MealTicket","Regal Pillow","Bag of Marbles","Nunchaku","TuHaoJin","Omamori","Sundial","Bottled Tornado","Orichalcum","Bag of Preparation","Whetstone","Anchor","HowToJump","Vajra","Pen Nib","TungstenRod","Meat on the Bone","Letter Opener","DeathBook","Bronze Scales","Blood Vial","Oddly Smooth Stone","PillsDrop","Bottled Lightning","Gambling Chip","Question Card","Frozen Egg 2","AnarchistCookbook","Shuriken","Gremlin Horn","Girya","Mango","rmod:quickrepair","StoneCalendar","Ginger","Void","BloodDonationMachine","GuppysHead","BlankCard","SharpPlug","Prayer Wheel","Bird Faced Urn","YumHeart","Thread and Needle","Torii","Bottled Flame","MoneyPower","D6","rmod:mogul","Incense Burner","Lizard Tail","Leech","EdensBlessing","Pocketwatch","D4","Circlet","Toolbox","TheAbacus","Habit"],"acts_visited":["Exordium","TheCity","TheBeyond","TheEnding"],"potions_floor_usage":[],"damage_taken":[{"damage":0.0,"enemies":"Jaw Worm","floor":1.0,"turns":4.0},{"damage":0.0,"enemies":"2 Louse","floor":3.0,"turns":3.0},{"damage":0.0,"enemies":"Cultist","floor":4.0,"turns":3.0},{"damage":0.0,"enemies":"Lagavulin","floor":6.0,"turns":8.0},{"damage":10.0,"enemies":"Large Slime","floor":10.0,"turns":6.0},{"damage":0.0,"enemies":"2 Fungi Beasts","floor":12.0,"turns":2.0},{"damage":0.0,"enemies":"Gremlin Nob","floor":13.0,"turns":5.0},{"damage":1.0,"enemies":"The Guardian","floor":16.0,"turns":8.0},{"damage":15.0,"enemies":"3 Byrds","floor":18.0,"turns":7.0},{"damage":0.0,"enemies":"Chosen","floor":21.0,"turns":6.0},{"damage":0.0,"enemies":"3 Cultists","floor":22.0,"turns":6.0},{"damage":0.0,"enemies":"Book of Stabbing","floor":23.0,"turns":5.0},{"damage":0.0,"enemies":"Cultist and Chosen","floor":27.0,"turns":6.0},{"damage":0.0,"enemies":"Snake Plant","floor":28.0,"turns":6.0},{"damage":12.0,"enemies":"Colosseum Slavers","floor":31.0,"turns":6.0},{"damage":7.0,"enemies":"Colosseum Nobs","floor":31.0,"turns":4.0},{"damage":0.0,"enemies":"Automaton","floor":33.0,"turns":11.0},{"damage":0.0,"enemies":"3 Shapes","floor":35.0,"turns":3.0},{"damage":6.0,"enemies":"Nemesis","floor":40.0,"turns":6.0},{"damage":0.0,"enemies":"Reptomancer","floor":42.0,"turns":5.0},{"damage":0.0,"enemies":"3 Darklings","floor":44.0,"turns":4.0},{"damage":0.0,"enemies":"Giant Head","floor":45.0,"turns":4.0},{"damage":0,"enemies":"Writhing Mass","floor":47,"turns":1},{"damage":0,"enemies":"Nemesis","floor":48,"turns":2},{"damage":0,"enemies":"Orb Walker","floor":35,"turns":1},{"damage":0,"enemies":"3 Darklings","floor":36,"turns":2},{"damage":0,"enemies":"Jaw Worm Horde","floor":37,"turns":1},{"damage":0,"enemies":"Maw","floor":38,"turns":3},{"damage":0,"enemies":"Nemesis","floor":40,"turns":1},{"damage":0,"enemies":"Reptomancer","floor":45,"turns":1},{"damage":0,"enemies":"Transient","floor":46,"turns":3},{"damage":0,"enemies":"Sphere and 2 Shapes","floor":47,"turns":2},{"damage":0,"enemies":"Time Eater","floor":50,"turns":2},{"damage":0,"enemies":"Shield and Spear","floor":54,"turns":1},{"damage":0,"enemies":"LittleHush","floor":55,"turns":7}],"seed_played":"5904166263861321822","potions_obtained":[{"floor":3.0,"key":"AttackPotion"},{"floor":4.0,"key":"Block Potion"},{"floor":8.0,"key":"PowerPotion"},{"floor":8.0,"key":"Swift Potion"},{"floor":8.0,"key":"DistilledChaos"},{"floor":12.0,"key":"FairyPotion"},{"floor":22.0,"key":"AttackPotion"},{"floor":23.0,"key":"Fire Potion"},{"floor":28.0,"key":"EntropicBrew"},{"floor":31.0,"key":"SpeedPotion"},{"floor":35.0,"key":"FearPotion"}],"is_trial":false,"path_per_floor":["M","?","M","M","$","E","R","?","T","M","R","M","E","?","R","B",null,"M","$","?","M","M","E","?","R","T","M","M","?","R","?","R","B",null,"M","?","$","?","?","E","?","E","T","M","E","$","M","E","R","M","M","M","M","?","E","?","R","T","$","E","M","M","?","R","B",null,"R","$","E","B",null],"character_chosen":"PRAEFECT","items_purchased":["rmod:royalracing","SteamSale","rmod:unsinkable","Juzu Bracelet","GuppysTail","Chemical X","Lee\u0027s Waffle","Ice Cream","FossilizedHelix","PreservedInsect","Membership Card","rmod:extraamm","Boot","Blue Candle","GnawedLeaf","rmod:equipmentrecovery","DollysMirror","TheBible","Toxic Egg 2","HornCleat","Strawberry","Eternal Feather","War Paint","PokeGo","Lantern","Pantograph","InkBottle","Darkstone Periapt","Ornamental Fan","Centennial Puzzle","Art of War","MealTicket","Regal Pillow","Bag of Marbles","Nunchaku","TuHaoJin","Omamori","Sundial","Bottled Tornado","Orichalcum","Bag of Preparation","Whetstone","Anchor","HowToJump","Vajra","Pen Nib","TungstenRod","Meat on the Bone","Letter Opener","DeathBook","Bronze Scales","Blood Vial","Oddly Smooth Stone","PillsDrop","ForgetMeNow","Bottled Lightning","Gambling Chip","Question Card","Frozen Egg 2","AnarchistCookbook","Shuriken","Gremlin Horn","Girya","Mango","rmod:quickrepair","StoneCalendar","Ginger","Void","BloodDonationMachine","GuppysHead","BlankCard","SharpPlug","Prayer Wheel","Bird Faced Urn","YumHeart","Thread and Needle","Torii","Bottled Flame","MoneyPower","D6","Diplopia","Incense Burner","Lizard Tail","Leech","EdensBlessing","Pocketwatch","D4","Circlet","Circlet","Circlet","Circlet","Circlet","Circlet","Circlet","Circlet","Circlet","Circlet","Circlet","Circlet","Circlet","Circlet","Circlet","Circlet","Circlet","Circlet","Circlet","rmod:maintain+1","LiquidMemories","Dexterity Potion","Ancient Potion","FearPotion","SmokeBomb","DistilledChaos","Toolbox","TheAbacus","Circlet","Circlet","Circlet","Circlet","Circlet","Circlet","Circlet","Circlet","Circlet","Circlet","Circlet","Circlet","Circlet","Circlet","Circlet","Circlet","Circlet","Circlet","Circlet","Circlet","Circlet","Circlet","Circlet","Circlet","Circlet","Circlet","Circlet","Circlet","Circlet","Circlet","Circlet","Circlet","Circlet","Circlet","Circlet","Circlet","Circlet","Circlet","Circlet","Circlet","Circlet","Circlet","Circlet","Circlet","Circlet","Circlet","Circlet","Circlet","Circlet","Circlet","Circlet","Circlet","Circlet","Circlet","Circlet","Circlet","Circlet","Circlet","Circlet","Circlet","Circlet","Circlet","Circlet","Circlet","Circlet","Circlet","Circlet","Circlet","Circlet","Circlet","Circlet","Circlet","Circlet","Circlet","Circlet","Circlet","Circlet","Circlet","Circlet","Circlet","Circlet","Circlet","Circlet","Circlet","Circlet","Circlet","Circlet","Circlet","Circlet","Circlet","Circlet","Circlet","Circlet","Circlet","Circlet","Circlet","Circlet","Circlet","Circlet","Circlet","Circlet","Circlet","Circlet","Circlet","Circlet","Circlet","Circlet","Circlet","Circlet","Circlet","Circlet","Circlet","Circlet","Circlet","Circlet","Circlet","Circlet","Circlet","Circlet","Circlet","Circlet","Circlet","Circlet","Circlet","Circlet","Circlet","Circlet","Circlet","Circlet","Circlet","Circlet","Circlet","Circlet","Circlet","Circlet","Circlet","Habit","Circlet","Circlet","Circlet","Circlet","Circlet","Circlet"],"campfire_rested":0,"item_purchase_floors":[5,19,19,19,34,37,37,37,37,37,46,46,46,46,46,46,46,46,46,46,46,46,46,46,46,46,46,46,46,46,46,46,46,46,46,46,46,46,46,46,46,46,46,46,46,46,46,46,46,46,46,46,46,46,46,46,46,46,46,46,46,46,46,46,46,46,46,46,46,46,46,46,46,46,46,46,46,46,46,46,46,46,46,46,46,46,46,46,46,46,46,46,46,46,46,46,46,46,46,46,46,46,46,46,46,46,46,46,46,46,46,46,46,44,44,44,44,44,44,44,44,44,44,44,44,44,44,44,44,44,44,44,44,44,44,44,44,44,44,44,44,44,44,44,44,44,44,44,44,44,44,44,44,44,44,44,44,44,44,44,44,44,44,44,44,44,44,44,44,44,44,44,44,44,44,44,44,44,44,44,44,44,44,44,44,44,44,44,44,44,44,44,44,44,44,44,44,44,44,44,44,44,44,44,44,44,44,44,44,44,44,44,44,44,44,44,44,44,44,44,44,44,44,44,44,44,44,44,44,44,44,44,44,44,44,44,44,44,44,44,44,44,44,44,44,44,44,44,44,44,44,53,53,53,53,53,53,53],"current_hp_per_floor":[75,60,60,60,60,60,60,60,60,50,50,50,50,32,32,31,75,60,60,60,60,60,60,60,60,60,60,60,60,60,41,41,41,65,65,65,72,72,63,57,57,57,57,57,57,83,91,103,103,103,98,101,101,101,106,106,106,111,111,116,111,111,111,111,111,111,111,111,116,116],"gold":589,"neow_bonus":"ONE_RANDOM_RARE_CARD","is_daily":false,"chose_seed":false,"campfire_upgraded":6,"win_rate":0.0,"timestamp":1609944795,"path_taken":["M","?","M","M","$","E","R","?","T","M","R","M","E","?","R","BOSS","M","$","?","M","M","E","?","R","T","M","M","?","R","?","R","BOSS","M","?","?","?","?","E","?","E","T","M","E","$","M","E","R","M","M","M","M","?","E","?","R","T","$","E","M","M","?","R","BOSS","R","$","E","BOSS"],"items_purchased_type":["Card","Relic","Card","Relic","Relic","Relic","Relic","Relic","Relic","Relic","Relic","Relic","Relic","Relic","Relic","Relic","Relic","Relic","Relic","Relic","Relic","Relic","Relic","Relic","Relic","Relic","Relic","Relic","Relic","Relic","Relic","Relic","Relic","Relic","Relic","Relic","Relic","Relic","Relic","Relic","Relic","Relic","Relic","Relic","Relic","Relic","Relic","Relic","Relic","Relic","Relic","Relic","Relic","Relic","Relic","Relic","Relic","Relic","Relic","Relic","Relic","Relic","Relic","Relic","Relic","Relic","Relic","Card","Relic","Relic","Relic","Relic","Relic","Relic","Relic","Relic","Relic","Relic","Relic","Relic","Relic","Relic","Relic","Relic","Relic","Relic","Relic","Undefined","Undefined","Undefined","Undefined","Undefined","Undefined","Undefined","Undefined","Undefined","Undefined","Undefined","Undefined","Undefined","Undefined","Undefined","Undefined","Undefined","Undefined","Undefined","Card","Potion","Potion","Potion","Potion","Potion","Potion","Relic","Relic","Undefined","Undefined","Undefined","Undefined","Undefined","Undefined","Undefined","Undefined","Undefined","Undefined","Undefined","Undefined","Undefined","Undefined","Undefined","Undefined","Undefined","Undefined","Undefined","Undefined","Undefined","Undefined","Undefined","Undefined","Undefined","Undefined","Undefined","Undefined","Undefined","Undefined","Undefined","Undefined","Undefined","Undefined","Undefined","Undefined","Undefined","Undefined","Undefined","Undefined","Undefined","Undefined","Undefined","Undefined","Undefined","Undefined","Undefined","Undefined","Undefined","Undefined","Undefined","Undefined","Undefined","Undefined","Undefined","Undefined","Undefined","Undefined","Undefined","Undefined","Undefined","Undefined","Undefined","Undefined","Undefined","Undefined","Undefined","Undefined","Undefined","Undefined","Undefined","Undefined","Undefined","Undefined","Undefined","Undefined","Undefined","Undefined","Undefined","Undefined","Undefined","Undefined","Undefined","Undefined","Undefined","Undefined","Undefined","Undefined","Undefined","Undefined","Undefined","Undefined","Undefined","Undefined","Undefined","Undefined","Undefined","Undefined","Undefined","Undefined","Undefined","Undefined","Undefined","Undefined","Undefined","Undefined","Undefined","Undefined","Undefined","Undefined","Undefined","Undefined","Undefined","Undefined","Undefined","Undefined","Undefined","Undefined","Undefined","Undefined","Undefined","Undefined","Undefined","Undefined","Undefined","Undefined","Undefined","Undefined","Undefined","Undefined","Undefined","Undefined","Undefined","Undefined","Undefined","Undefined","Relic","Undefined","Undefined","Undefined","Undefined","Undefined","Undefined"],"build_version":"2020-12-22","purchased_purges":5,"victory":true,"max_hp_per_floor":[75,75,75,75,75,75,75,75,75,75,75,75,75,75,75,75,75,75,75,75,75,75,75,75,75,75,75,75,75,75,75,75,75,65,65,65,72,72,72,72,72,72,72,72,72,98,98,103,103,103,98,101,101,101,106,106,106,111,111,116,111,111,111,111,111,111,111,111,116,116],"card_choices":[{"not_picked":["rmod:steelsupply","Bomb"],"picked":"rmod:fuelsupply","floor":1.0},{"not_picked":["rmod:punchline","rmod:smokecover"],"picked":"rmod:fuelsupply","floor":3.0},{"not_picked":["rmod:fuelsupply","rmod:victimresponsibility"],"picked":"rmod:maintain","floor":4.0},{"not_picked":["rmod:ridicule","rmod:bulid"],"picked":"rmod:aviationdawn","floor":6.0},{"not_picked":["rmod:aviationdawn","rmod:capitalist"],"picked":"rmod:chargemoney","floor":10.0},{"not_picked":["rmod:maintain","rmod:combined"],"picked":"rmod:fuelsupply","floor":12.0},{"not_picked":["rmod:bulid","rmod:fletcherpendant"],"picked":"rmod:maintain","floor":13.0},{"not_picked":["rmod:stealaluminum","rmod:ridicule"],"picked":"rmod:secretscript","floor":16.0},{"not_picked":["rmod:aviationdawn","rmod:overbreakdown","rmod:openingtorpedo"],"picked":"SKIP","floor":18.0},{"not_picked":["rmod:salvage","rmod:ammunitionsupply+1"],"picked":"rmod:combined","floor":21.0},{"not_picked":["rmod:unsinkable+1","rmod:saltedfish"],"picked":"rmod:smokecover+1","floor":22.0},{"not_picked":["rmod:aluminumsupply","rmod:intelligenceanalysis"],"picked":"rmod:mineteam","floor":23.0},{"not_picked":["rmod:diamondstrike","rmod:aviationdawn"],"picked":"rmod:steelsupply+1","floor":27.0},{"not_picked":["rmod:fletcherpendant","rmod:mineteam","rmod:steelsupply"],"picked":"SKIP","floor":28.0},{"not_picked":["rmod:guardianhero+1","rmod:aviationdawn+1"],"picked":"rmod:generalist","floor":31.0},{"not_picked":["rmod:fletcherpendant+1","rmod:bulid+1"],"picked":"rmod:salvage+1","floor":35.0},{"not_picked":["rmod:firesupport","rmod:supportaircraftcarrier"],"picked":"rmod:expeditionaryescort","floor":40.0},{"not_picked":["rmod:circuitoustactics","rmod:supportaircraftcarrier+1"],"picked":"rmod:royalracing","floor":42.0},{"not_picked":["rmod:guardianhero","rmod:diamondstrike+1","rmod:steelsupply+1"],"picked":"SKIP","floor":44.0},{"not_picked":["rmod:maintain","rmod:heivgo+1"],"picked":"rmod:firesupport","floor":45},{"not_picked":["rmod:stealaluminum+1","rmod:punchline+1","rmod:aviationdawn+1"],"picked":"rmod:victimresponsibility+1","floor":47},{"not_picked":["rmod:victimresponsibility+1","rmod:fletcherpendant","rmod:circuitoustactics+1"],"picked":"rmod:diaomin+1","floor":47},{"not_picked":["rmod:supportescort+1","rmod:combined","rmod:mineteam+1","rmod:ammunitionsupply+1"],"picked":"SKIP","floor":48},{"not_picked":["rmod:heivgo+1","rmod:overbreakdown+1","rmod:circuitoustactics+1"],"picked":"rmod:intelligenceanalysis","floor":35},{"not_picked":["rmod:circuitoustactics+1","rmod:aviationdawn+1","rmod:diamondstrike+1"],"picked":"rmod:fuelsupply+1","floor":35},{"not_picked":["rmod:overbreakdown+1","rmod:tearstotiara","rmod:steelsupply+1"],"picked":"rmod:luckystar+1","floor":36},{"not_picked":["rmod:smokecover+1","rmod:aluminumsupply+1","rmod:timeschanged","rmod:diamondstrike+1"],"picked":"SKIP","floor":36},{"not_picked":["rmod:punchline+1","rmod:firesupport","rmod:salvage+1","rmod:gendarmerie+1"],"picked":"SKIP","floor":37},{"not_picked":["rmod:firesupport+1","rmod:garrisonisland","rmod:launchingtorpedo+1","rmod:royalracing+1"],"picked":"SKIP","floor":37},{"not_picked":["rmod:diaomin+1","rmod:selfconfidence+1","rmod:tearstotiara+1","rmod:steelsupply+1"],"picked":"SKIP","floor":38},{"not_picked":["rmod:advancebysurprise+1","rmod:goodsister+1","rmod:ammunitionsupply+1","rmod:tearstotiara+1"],"picked":"SKIP","floor":38},{"not_picked":["rmod:steelsupply+1","rmod:wolves+1","rmod:openingtorpedo","rmod:seals+1"],"picked":"SKIP","floor":40},{"not_picked":["rmod:firesupport","rmod:punchline+1","rmod:seals+1","rmod:wife+1"],"picked":"SKIP","floor":45},{"not_picked":["rmod:circuitoustactics+1","rmod:ammunitionsupply+1","rmod:intelligenceanalysis","rmod:steelsupply+1"],"picked":"SKIP","floor":46},{"not_picked":["rmod:bulid+1","rmod:firesupport","rmod:unsinkable+1","rmod:fuelsupply+1"],"picked":"SKIP","floor":46},{"not_picked":["rmod:steelsupply+1","rmod:aluminumsupply+1","rmod:goodfighter+1"],"picked":"rmod:luckystar+1","floor":47},{"not_picked":["rmod:shuttlebombing+1","rmod:circuitoustactics+1","rmod:overbreakdown+1","rmod:unsinkable+1"],"picked":"SKIP","floor":47},{"not_picked":["rmod:advancebysurprise+1","rmod:royalracing+1","rmod:seals+1"],"picked":"rmod:luckystar+1","floor":54}],"player_experience":184140,"relics_obtained":[{"floor":6.0,"key":"Happy Flower"},{"floor":9.0,"key":"Kunai"},{"floor":13.0,"key":"Potion Belt"},{"floor":23.0,"key":"BookofShadows"},{"floor":26.0,"key":"DoctorsRemote"},{"floor":31.0,"key":"Unceasing Top"},{"floor":31.0,"key":"The Courier"},{"floor":40.0,"key":"SalivaCoin"},{"floor":42.0,"key":"PunchingBag"},{"floor":45,"key":"Shovel"},{"floor":48,"key":"Circlet"},{"floor":40,"key":"Circlet"},{"floor":43,"key":"Circlet"},{"floor":45,"key":"Circlet"},{"floor":54,"key":"Circlet"}],"event_choices":[{"damage_healed":0.0,"max_hp_gain":0.0,"max_hp_loss":0.0,"gold_gain":0.0,"event_name":"Shining Light","player_choice":"Entered Light","floor":2.0,"gold_loss":0.0,"damage_taken":15.0,"cards_upgraded":["rmod:defend","rmod:strick"]},{"damage_healed":0.0,"max_hp_gain":0.0,"max_hp_loss":0.0,"gold_gain":0.0,"event_name":"Lab","player_choice":"Got Potions","floor":8.0,"gold_loss":0.0,"damage_taken":0.0},{"damage_healed":0.0,"max_hp_gain":0.0,"max_hp_loss":0.0,"gold_gain":0.0,"event_name":"Golden Idol","player_choice":"Take Damage","floor":14.0,"gold_loss":0.0,"damage_taken":18.0,"relics_obtained":["Golden Idol"]},{"cards_removed":["rmod:strick"],"damage_healed":0.0,"max_hp_gain":0.0,"max_hp_loss":0.0,"gold_gain":0.0,"event_name":"Back to Basics","player_choice":"Elegance","floor":20.0,"gold_loss":0.0,"damage_taken":0.0},{"damage_healed":0.0,"max_hp_gain":0.0,"max_hp_loss":0.0,"gold_gain":0.0,"event_name":"The Library","player_choice":"Read","floor":24.0,"gold_loss":0.0,"damage_taken":0.0,"cards_obtained":["rmod:sl"]},{"damage_healed":0.0,"max_hp_gain":0.0,"max_hp_loss":0.0,"gold_gain":0.0,"event_name":"Addict","player_choice":"Obtained Relic","floor":29.0,"gold_loss":85.0,"damage_taken":0.0,"relics_obtained":["Ancient Tea Set"]},{"damage_healed":0.0,"max_hp_gain":0.0,"max_hp_loss":0.0,"gold_gain":0.0,"event_name":"Colosseum","player_choice":"Fight","floor":31.0,"gold_loss":0.0,"damage_taken":0.0},{"damage_healed":0.0,"max_hp_gain":0.0,"max_hp_loss":0.0,"gold_gain":0.0,"event_name":"Colosseum","player_choice":"Fought Nobs","floor":31.0,"gold_loss":0.0,"damage_taken":0.0},{"damage_healed":0.0,"max_hp_gain":0.0,"max_hp_loss":0.0,"gold_gain":333.0,"event_name":"The Moai Head","player_choice":"Gave Idol","floor":36.0,"relics_lost":["Golden Idol"],"gold_loss":0.0,"damage_taken":0.0},{"cards_removed":["rmod:lastglory"],"damage_healed":0.0,"max_hp_gain":0.0,"max_hp_loss":0.0,"gold_gain":0.0,"event_name":"Falling","player_choice":"Removed Attack","floor":38.0,"gold_loss":0.0,"damage_taken":0.0},{"damage_healed":0.0,"max_hp_gain":0.0,"max_hp_loss":0.0,"gold_gain":0.0,"event_name":"Winding Halls","player_choice":"Embrace Madness","floor":39.0,"gold_loss":0.0,"damage_taken":9.0,"cards_obtained":["Madness","Madness"]},{"damage_healed":0.0,"max_hp_gain":0.0,"max_hp_loss":0.0,"gold_gain":0.0,"event_name":"Accursed Blacksmith","player_choice":"Forge","floor":41.0,"gold_loss":0.0,"damage_taken":0.0,"cards_upgraded":["rmod:expeditionaryescort"]},{"damage_healed":0,"gold_gain":0,"player_choice":"Ignored","damage_taken":0,"max_hp_gain":0,"max_hp_loss":0,"event_name":"Tomb of Lord Red Mask","floor":41,"gold_loss":0},{"damage_healed":0,"gold_gain":100,"player_choice":"Pray","damage_taken":0,"max_hp_gain":0,"max_hp_loss":0,"event_name":"Golden Shrine","floor":48,"gold_loss":0}],"is_beta":false,"boss_relics":[{"not_picked":["Philosopher\u0027s Stone","Tiny House"],"picked":"SlaversCollar"},{"not_picked":[]},{"not_picked":["SacredBark","Cursed Key"],"picked":"rmod:mogul"},{"not_picked":[]}],"items_purged_floors":[5,19,46,44,53],"is_endless":false,"potions_floor_spawned":[3,4,12,22,23,28,31,35,47,35,36,37,38,54],"ascension_level":0}}