{"host":"d8hh7rr4yzitjeuj","time":1609917607,"event":{"mods":["2.2 Compatiblity","AchievementEnabler","Act Like it!","BaseMod","Colored Map","Colored Powertips","Highlight Path","Keyboard Shortcuts","Minty Spire (QoL Compilation)","Permanent Neow","Quick Restart","StSLib","SuperFastMode"],"gold_per_floor":[367,367,383,400,26,26,53,53,98,152,152,190,214,242,242,242,242],"floor_reached":16,"playtime":554,"items_purged":[],"score":220,"play_id":"e12a110f-7f41-43cb-9d2b-c9a0f9861354","local_time":"20210106162007","is_ascension_mode":true,"campfire_choices":[{"data":"Uppercut","floor":6,"key":"SMITH"},{"data":"Shockwave","floor":8,"key":"SMITH"},{"data":"Inflame","floor":11,"key":"SMITH"},{"floor":15,"key":"RECALL"}],"circlet_count":0,"master_deck":["AscendersBane","Strike_R+1","Strike_R","Strike_R","Strike_R","Strike_R","Defend_R","Defend_R","Defend_R","Defend_R","Bash+1","Uppercut+1","Headbutt","Ghostly Armor","Inflame+1","Shockwave+1","Evolve","Fire Breathing","Feel No Pain"],"relics":["Burning Blood","Bag of Preparation","PreservedInsect","Vajra","CeramicFish","Boot"],"acts_visited":["Exordium"],"potions_floor_usage":[16],"damage_taken":[{"damage":6,"enemies":"Cultist","floor":1,"turns":3},{"damage":7,"enemies":"Jaw Worm","floor":3,"turns":4},{"damage":1,"enemies":"2 Louse","floor":4,"turns":2},{"damage":22,"enemies":"Lagavulin","floor":7,"turns":6},{"damage":20,"enemies":"Gremlin Nob","floor":12,"turns":4},{"damage":11,"enemies":"Exordium Thugs","floor":13,"turns":4},{"damage":0,"enemies":"Looter","floor":14,"turns":3},{"damage":24,"enemies":"Hexaghost","floor":16,"turns":7}],"seed_played":"1346347288797967087","potions_obtained":[{"floor":4,"key":"Dexterity Potion"},{"floor":12,"key":"CultistPotion"}],"is_trial":false,"path_per_floor":["M","?","M","M","$","R","E","R","T","?","R","E","M","M","R","B"],"character_chosen":"IRONCLAD","items_purchased":["Bag of Preparation","PreservedInsect","Inflame"],"campfire_rested":0,"item_purchase_floors":[5,5,5],"current_hp_per_floor":[68,48,47,52,52,52,36,36,36,36,36,22,17,23,23,0,0],"gold":242,"neow_bonus":"TWO_FIFTY_GOLD","is_daily":false,"chose_seed":false,"campfire_upgraded":3,"win_rate":0.0,"timestamp":1609917607,"path_taken":["M","?","M","M","$","R","E","R","T","?","R","E","M","M","R","BOSS"],"items_purchased_type":["Relic","Relic","Card"],"build_version":"2020-12-22","purchased_purges":0,"victory":false,"max_hp_per_floor":[68,68,68,68,68,68,68,68,68,68,68,68,68,68,68,68,68],"card_choices":[{"not_picked":["Armaments","Flex"],"picked":"Uppercut","floor":1},{"not_picked":["Burning Pact","Anger"],"picked":"Headbutt","floor":3},{"not_picked":["Anger","Heavy Blade"],"picked":"Ghostly Armor","floor":4},{"not_picked":["True Grit","Havoc"],"picked":"Shockwave","floor":7},{"not_picked":["Limit Break","Iron Wave"],"picked":"Evolve","floor":12},{"not_picked":["Second Wind","Cleave"],"picked":"Fire Breathing","floor":13},{"not_picked":["Headbutt","Anger"],"picked":"Feel No Pain","floor":14}],"player_experience":1412412,"relics_obtained":[{"floor":7,"key":"Vajra"},{"floor":9,"key":"CeramicFish"},{"floor":12,"key":"Boot"}],"event_choices":[{"damage_healed":0,"gold_gain":0,"player_choice":"Entered Light","damage_taken":20,"max_hp_gain":0,"max_hp_loss":0,"event_name":"Shining Light","floor":2,"gold_loss":0,"cards_upgraded":["Bash","Strike_R"]},{"damage_healed":0,"gold_gain":54,"player_choice":"Gained Gold","damage_taken":0,"max_hp_gain":0,"max_hp_loss":0,"event_name":"Golden Wing","floor":10,"gold_loss":0}],"is_beta":false,"boss_relics":[],"items_purged_floors":[],"is_endless":false,"potions_floor_spawned":[4,12,13],"killed_by":"Hexaghost","ascension_level":20}}