{"host":"q8niu1x2pgv94o1d","time":1609943568,"event":{"mods":["AchievementEnabler","BaseMod","Colored Map","Colored Powertips","Minty Spire (QoL Compilation)","StSLib"],"gold_per_floor":[112,124,124,138,63,63,92,92,119,137,147,158,158,158,158,253,253,264,274,199,114,124,149,149,49,131,131,131,142,174,185,185,289,289,305,323,323,339,339,339,358,128,154,178,190,214,226,252,264,276],"floor_reached":51,"playtime":1906,"items_purged":["Strike_P","Defend_P","Parasite"],"score":799,"play_id":"5cc016a4-2fda-408d-830e-8c3a46ca4b13","local_time":"20210106153248","is_ascension_mode":true,"campfire_choices":[{"data":"Eruption","floor":6,"key":"SMITH"},{"data":"Evaluate","floor":8,"key":"SMITH"},{"data":"CrushJoints","floor":15,"key":"SMITH"},{"data":"FlurryOfBlows","floor":28,"key":"SMITH"},{"data":"Vigilance","floor":32,"key":"SMITH"},{"data":"EmptyFist","floor":40,"key":"SMITH"},{"data":"Strike_P","floor":45,"key":"SMITH"},{"data":"Strike_P","floor":47,"key":"SMITH"},{"floor":49,"key":"RECALL"}],"circlet_count":0,"master_deck":["Strike_P+1","Strike_P+1","Eruption+1","Vigilance+1","EmptyFist+1","FlurryOfBlows+1","Evaluate+1","CrushJoints+1","CutThroughFate+1","CutThroughFate+1","ThirdEye+1"],"relics":["PureWater","Art of War","Orichalcum","Coffee Dripper","Bag of Preparation","Ancient Tea Set","Gremlin Horn","TeardropLocket","Anchor","VioletLotus","MawBank"],"acts_visited":["Exordium","TheCity","TheBeyond"],"potions_floor_usage":[23,50,50,50],"damage_taken":[{"damage":0,"enemies":"Cultist","floor":1,"turns":2},{"damage":5,"enemies":"Small Slimes","floor":2,"turns":3},{"damage":0,"enemies":"Jaw Worm","floor":4,"turns":3},{"damage":10,"enemies":"Lagavulin","floor":7,"turns":5},{"damage":0,"enemies":"Large Slime","floor":10,"turns":3},{"damage":0,"enemies":"Exordium Thugs","floor":11,"turns":3},{"damage":0,"enemies":"Blue Slaver","floor":12,"turns":1},{"damage":17,"enemies":"The Guardian","floor":16,"turns":9},{"damage":0,"enemies":"Spheric Guardian","floor":18,"turns":3},{"damage":0,"enemies":"Chosen","floor":19,"turns":3},{"damage":14,"enemies":"Centurion and Healer","floor":22,"turns":2},{"damage":2,"enemies":"Book of Stabbing","floor":23,"turns":2},{"damage":0,"enemies":"Colosseum Slavers","floor":27,"turns":2},{"damage":0,"enemies":"3 Cultists","floor":29,"turns":2},{"damage":0,"enemies":"Slavers","floor":30,"turns":2},{"damage":0,"enemies":"Snake Plant","floor":31,"turns":1},{"damage":2,"enemies":"Champ","floor":33,"turns":4},{"damage":0,"enemies":"3 Darklings","floor":35,"turns":2},{"damage":0,"enemies":"3 Shapes","floor":36,"turns":1},{"damage":0,"enemies":"Writhing Mass","floor":38,"turns":2},{"damage":20,"enemies":"Maw","floor":41,"turns":4},{"damage":0,"enemies":"Transient","floor":44,"turns":5},{"damage":0,"enemies":"3 Darklings","floor":46,"turns":1},{"damage":0,"enemies":"Jaw Worm Horde","floor":48,"turns":1},{"damage":19,"enemies":"Awakened One","floor":50,"turns":6}],"seed_played":"6934643455832520323","potions_obtained":[{"floor":2,"key":"Dexterity Potion"},{"floor":4,"key":"Strength Potion"},{"floor":11,"key":"Fire Potion"},{"floor":23,"key":"SkillPotion"},{"floor":35,"key":"Block Potion"},{"floor":46,"key":"SteroidPotion"}],"is_trial":false,"path_per_floor":["M","M","?","M","$","R","E","R","T","M","M","M","?","?","R","B",null,"M","M","?","?","M","E","T","$","T","?","R","M","E","M","R","B",null,"M","M","?","M","?","R","M","$","T","M","R","M","R","M","R","B",null],"character_chosen":"WATCHER","items_purchased":["CultistPotion"],"campfire_rested":0,"item_purchase_floors":[42],"current_hp_per_floor":[65,60,60,60,60,60,50,50,50,50,50,50,55,55,55,38,70,70,70,70,70,56,54,54,54,54,54,54,54,54,54,54,52,70,70,70,70,70,70,70,50,50,50,50,50,50,50,50,50,31],"gold":288,"neow_bonus":"REMOVE_TWO","is_daily":false,"chose_seed":false,"campfire_upgraded":8,"win_rate":0.0,"timestamp":1609943568,"path_taken":["M","M","?","M","$","R","E","R","T","M","M","?","?","?","R","BOSS","M","?","?","?","M","E","?","$","T","?","R","M","E","M","R","BOSS","M","M","?","?","?","R","M","$","T","M","R","M","R","M","R","BOSS"],"items_purchased_type":["Potion"],"build_version":"2020-12-22","purchased_purges":3,"victory":true,"max_hp_per_floor":[65,65,65,65,65,65,65,65,65,65,65,65,70,70,70,70,70,70,70,70,70,70,70,70,70,70,70,70,70,70,70,70,70,70,70,70,70,70,70,70,70,67,67,67,67,67,67,67,67,67],"card_choices":[{"not_picked":["Fasting2","Tantrum"],"picked":"EmptyFist","floor":1},{"not_picked":["Perseverance","FearNoEvil","Sanctity"],"picked":"SKIP","floor":2},{"not_picked":["EmptyBody","CutThroughFate"],"picked":"FlurryOfBlows","floor":4},{"not_picked":["DeusExMachina","ThirdEye"],"picked":"Evaluate","floor":7},{"not_picked":["Worship","Prostrate","JustLucky"],"picked":"SKIP","floor":10},{"not_picked":["FlyingSleeves","Crescendo"],"picked":"CrushJoints","floor":11},{"not_picked":["WreathOfFlame","Worship","FearNoEvil"],"picked":"SKIP","floor":12},{"not_picked":["WreathOfFlame","Worship","FearNoEvil"],"picked":"SKIP","floor":12},{"not_picked":["InnerPeace+1","FollowUp+1"],"picked":"CutThroughFate+1","floor":18},{"not_picked":["EmptyMind","WaveOfTheHand","SandsOfTime"],"picked":"SKIP","floor":19},{"not_picked":["Protect","SashWhip+1","Study"],"picked":"SKIP","floor":22},{"not_picked":["ReachHeaven+1","Swivel","Prostrate"],"picked":"SKIP","floor":23},{"not_picked":["ForeignInfluence","Evaluate","Study"],"picked":"SKIP","floor":29},{"not_picked":["PathToVictory","Establishment","Worship"],"picked":"SKIP","floor":30},{"not_picked":["Vengeance","PathToVictory"],"picked":"CutThroughFate+1","floor":31},{"not_picked":["FearNoEvil","Protect+1","FollowUp+1"],"picked":"SKIP","floor":35},{"not_picked":["EmptyBody+1","Collect"],"picked":"ThirdEye","floor":36},{"not_picked":["Evaluate","FlyingSleeves","FearNoEvil+1"],"picked":"SKIP","floor":38},{"not_picked":["Halt+1","SandsOfTime","Brilliance"],"picked":"SKIP","floor":41},{"not_picked":["Nirvana+1","Sanctity","FollowUp"],"picked":"SKIP","floor":44},{"not_picked":["DeceiveReality+1","Conclude","Perseverance"],"picked":"SKIP","floor":46},{"not_picked":["Halt+1","Study+1","Nirvana"],"picked":"SKIP","floor":48}],"player_experience":1750200,"relics_obtained":[{"floor":7,"key":"Art of War"},{"floor":9,"key":"Orichalcum"},{"floor":23,"key":"Ancient Tea Set"},{"floor":24,"key":"Gremlin Horn"},{"floor":26,"key":"TeardropLocket"},{"floor":30,"key":"Anchor"},{"floor":43,"key":"MawBank"}],"event_choices":[{"cards_removed":["Strike_P"],"damage_healed":0,"gold_gain":0,"player_choice":"Purged","damage_taken":0,"max_hp_gain":0,"max_hp_loss":0,"event_name":"Purifier","floor":3,"gold_loss":0},{"damage_healed":0,"gold_gain":0,"player_choice":"Donut","damage_taken":0,"max_hp_gain":5,"max_hp_loss":0,"event_name":"Big Fish","floor":13,"gold_loss":0},{"damage_healed":0,"gold_gain":0,"player_choice":"0 cards matched","damage_taken":0,"max_hp_gain":0,"max_hp_loss":0,"event_name":"Match and Keep!","floor":14,"gold_loss":0,"cards_obtained":[]},{"cards_removed":["Defend_P"],"damage_healed":0,"gold_gain":0,"player_choice":"Gave Gold","damage_taken":0,"max_hp_gain":0,"max_hp_loss":0,"event_name":"Beggar","floor":20,"gold_loss":75},{"damage_healed":0,"gold_gain":0,"player_choice":"Obtained Relic","damage_taken":0,"relics_obtained":["Bag of Preparation"],"max_hp_gain":0,"max_hp_loss":0,"event_name":"Addict","floor":21,"gold_loss":85},{"damage_healed":0,"gold_gain":0,"player_choice":"Fight","damage_taken":0,"max_hp_gain":0,"max_hp_loss":0,"event_name":"Colosseum","floor":27,"gold_loss":0},{"damage_healed":0,"gold_gain":0,"player_choice":"Fled From Nobs","damage_taken":0,"max_hp_gain":0,"max_hp_loss":0,"event_name":"Colosseum","floor":27,"gold_loss":0},{"damage_healed":0,"gold_gain":0,"player_choice":"Forge","damage_taken":0,"max_hp_gain":0,"max_hp_loss":0,"event_name":"Accursed Blacksmith","floor":37,"gold_loss":0,"cards_upgraded":["ThirdEye"]},{"damage_healed":0,"gold_gain":0,"player_choice":"Ignored","damage_taken":0,"max_hp_gain":0,"max_hp_loss":0,"event_name":"Tomb of Lord Red Mask","floor":39,"gold_loss":0}],"is_beta":false,"boss_relics":[{"not_picked":["HolyWater","Astrolabe"],"picked":"Coffee Dripper"},{"not_picked":["Velvet Choker","Runic Dome"],"picked":"VioletLotus"}],"items_purged_floors":[5,25,42],"is_endless":false,"potions_floor_spawned":[2,4,11,23,27,30,35,46],"ascension_level":1}}