{"host":"ikjt6v4q6zrcj3if","time":1609971482,"event":{"mods":["BaseMod","CapriCore","Colored Map","Downfall","Duelist Mod","Luminous","Minty Spire (QoL Compilation)","Permanent Neow","Quick Restart","Replay The Spire","Robot Space Explorer","Somnambulant","StSLib","SuperFastMode","The Construct","The Exalted","The Marked","The Necromancer","The Runesmith"],"gold_per_floor":[112,131,50,50,66,66,66,87,87,201,126,141,141,41,41,166,166,180,180,55,55,75,114,129,129,129,129,144,169,213,227,227,355,355,378,478,493,493,514,552,13,13,13,13,37,370,385,401,401,401],"floor_reached":51,"playtime":2579,"items_purged":["Strike_W","Defend_W","Strike_W","Strike_W"],"score":734,"play_id":"7b82174f-8fdc-407a-9753-febf25e8bd7a","local_time":"20210107071802","is_ascension_mode":false,"campfire_choices":[{"data":"Epidemic","floor":6,"key":"SMITH"},{"data":"Corrupt","floor":15,"key":"SMITH"},{"data":"Apotheosis","floor":25,"key":"SMITH"},{"data":"Violent_Necrosis","floor":27,"key":"SMITH"},{"data":"Blood_Curse","floor":32,"key":"SMITH"},{"data":"Summon_Undead_Army","floor":42,"key":"SMITH"},{"data":"Summon_Undead_Army","floor":44,"key":"SMITH"},{"data":"Spectral_Armor","floor":49,"key":"SMITH"}],"circlet_count":0,"master_deck":["Defend_W","Defend_W","Defend_W+1","Negative_Energy_Arrows","Bone_Wall","Grasp_Heart","Violent_Necrosis+1","Corrupt+1","Epidemic+1","Blood_Curse+1","Life_Tap+1","Spectral_Armor+1","Summon_Vampire_Lady","Consume_Illness+1","Apotheosis+1","Summon_Undead_Army+1","Violent_Necrosis","Uncharnel+1","Summon_Undead_Army","Siphon_Strength+1","Summon_Undead_Army+1","Parasite","Spectral_Armor+1"],"relics":["Vampire_Amulet","Question Card","Velvet Choker","ReplayTheSpireMod:Shallot","Bottled Flame","Guardian:PocketSentry","Coffee Dripper","Nunchaku","Pondfish Scales","BranchBurnRelic"],"acts_visited":["Exordium","TheCity","TheBeyond"],"potions_floor_usage":[16,23,33,48],"damage_taken":[{"damage":0,"enemies":"2 Louse","floor":1,"turns":3},{"damage":3,"enemies":"Small Slimes","floor":2,"turns":3},{"damage":0,"enemies":"Jaw Worm","floor":5,"turns":3},{"damage":7,"enemies":"Red Slaver","floor":8,"turns":3},{"damage":7,"enemies":"Exordium Thugs","floor":12,"turns":7},{"damage":7,"enemies":"Hexaghost","floor":16,"turns":9},{"damage":0,"enemies":"Shell Parasite","floor":18,"turns":4},{"damage":16,"enemies":"3 Byrds","floor":22,"turns":7},{"damage":38,"enemies":"Slavers","floor":23,"turns":8},{"damage":4,"enemies":"Snecko","floor":24,"turns":5},{"damage":0,"enemies":"Shelled Parasite and Fungi","floor":28,"turns":4},{"damage":12,"enemies":"Snake Plant","floor":29,"turns":4},{"damage":10,"enemies":"Gremlin Leader","floor":30,"turns":5},{"damage":17,"enemies":"3 Cultists","floor":31,"turns":6},{"damage":32,"enemies":"Collector","floor":33,"turns":7},{"damage":13,"enemies":"Orb Walker","floor":35,"turns":3},{"damage":15,"enemies":"3 Shapes","floor":37,"turns":4},{"damage":0,"enemies":"Transient","floor":39,"turns":5},{"damage":4,"enemies":"R_Hoarder","floor":40,"turns":7},{"damage":12,"enemies":"Maw","floor":45,"turns":5},{"damage":0,"enemies":"4 Shapes","floor":47,"turns":5},{"damage":3,"enemies":"Writhing Mass","floor":48,"turns":5},{"damage":47,"enemies":"Awakened One","floor":50,"turns":12}],"seed_played":"-7291557937618827377","potions_obtained":[{"floor":2,"key":"Death Potion"},{"floor":8,"key":"EssenceOfSteel"},{"floor":16,"key":"BlessingOfTheForge"},{"floor":24,"key":"LiquidMemories"},{"floor":30,"key":"EssenceOfSteel"},{"floor":31,"key":"AttackPotion"},{"floor":35,"key":"SteroidPotion"}],"is_trial":false,"path_per_floor":["M","M","$","?","M","R","?","M","T","?","$","M","?","$","R","B",null,"M","?","$","?","M","E","M","R","T","R","M","M","E","M","R","B",null,"M","?","M","?","M","E","$","R","T","R","M","?","M","M","R","B",null],"character_chosen":"NECROMANCER","items_purchased":["Epidemic","Summon_Undead_Army","Pondfish Scales"],"campfire_rested":0,"item_purchase_floors":[3,41,41],"current_hp_per_floor":[75,75,75,57,59,59,64,59,59,39,39,36,20,20,20,15,80,80,80,80,80,80,66,76,76,76,76,80,76,78,73,73,68,80,69,69,69,69,77,80,80,80,80,80,80,80,80,80,80,76],"gold":401,"neow_bonus":"ONE_RANDOM_RARE_CARD","is_daily":false,"chose_seed":false,"campfire_upgraded":8,"win_rate":0.0,"timestamp":1609971482,"path_taken":["M","M","$","?","M","R","?","M","T","?","$","M","?","?","R","BOSS","M","?","$","?","M","E","M","R","T","R","M","M","E","?","R","BOSS","M","?","?","?","?","E","$","R","T","R","M","?","M","M","R","BOSS"],"items_purchased_type":["Card","Card","Relic"],"build_version":"2020-12-22","purchased_purges":4,"victory":true,"max_hp_per_floor":[75,75,75,75,75,75,80,80,80,80,80,80,80,80,80,80,80,80,80,80,80,80,80,80,80,80,80,80,80,80,80,80,80,80,80,80,80,80,80,80,80,80,80,80,80,80,80,80,80,80],"card_choices":[{"not_picked":["Blood_Whip","Negative_Energy_Shield"],"picked":"Violent_Necrosis","floor":1},{"not_picked":["Strike_from_Beyond","Bone_Armor"],"picked":"Corrupt","floor":2},{"not_picked":["Strike_from_Beyond","Death_Coil"],"picked":"Blood_Curse","floor":5},{"not_picked":["Shackles_Of_Pain","Toxic_Smoke_Screen","Acid_Javelin"],"picked":"SKIP","floor":8},{"not_picked":["Consume_Illness","Whirlwind_of_Bones","Scare"],"picked":"Life_Tap","floor":10},{"not_picked":["Scare","Flesh_Made_Foul","Requiem"],"picked":"Spectral_Armor","floor":12},{"not_picked":["Hellfire","Cloudkill","Requiem"],"picked":"Summon_Vampire_Lady","floor":16},{"not_picked":["Blood_Curse","Whirlwind_of_Bones","Pandemic"],"picked":"Consume_Illness+1","floor":18},{"not_picked":["Scare","Negative_Energy_Sphere","Negative_Energy_Mist","Negative_Energy_Burst+1"],"picked":"SKIP","floor":22},{"not_picked":["Bone_Armory","Blood_Shield","Negative_Energy_Shield","Flesh_Made_Foul"],"picked":"SKIP","floor":23},{"not_picked":["Deaths_Shadow","Blood_Curse","Consume_Illness+1"],"picked":"Summon_Undead_Army","floor":24},{"not_picked":["Necromantic_Selection+1","Slay_Living","Bone_Armory+1"],"picked":"Violent_Necrosis","floor":28},{"not_picked":["Consume_Illness","Acid_Javelin","Death_Coil"],"picked":"Uncharnel+1","floor":29},{"not_picked":["Toxic_Smoke_Screen","Life_Drain","Hellfire"],"picked":"Summon_Undead_Army","floor":30},{"not_picked":["Finger_Of_Death","Strike_from_Beyond","Toxic_Smoke_Screen","Shackles_Of_Pain"],"picked":"SKIP","floor":31},{"not_picked":["Epidemic","Death_Coil","Finger_Of_Death","Slay_Living"],"picked":"SKIP","floor":35},{"not_picked":["Consume_Illness+1","Negative_Energy_Sphere+1","Negative_Energy_Javelin+1","Blood_Whip"],"picked":"SKIP","floor":37},{"not_picked":["Bone_Armor","Necromantic_Selection+1","Necrotic_Claws"],"picked":"Siphon_Strength+1","floor":39},{"not_picked":["Blood_Is_Power+1","Corrupt+1","Chill_Blood+1","Negative_Energy_Javelin"],"picked":"SKIP","floor":40},{"not_picked":["Negative_Energy_Sphere+1","Bones_to_Steel+1","Grasp_Heart","Blood_Whip"],"picked":"SKIP","floor":45},{"not_picked":["Chill_Blood+1","Life_Drain+1","Plague_Bolt","Corrupt+1"],"picked":"SKIP","floor":47},{"not_picked":["Death_Coil","Negative_Energy_Mist+1","Blood_Whip"],"picked":"Spectral_Armor","floor":48}],"player_experience":369560,"relics_obtained":[{"floor":9,"key":"Question Card"},{"floor":23,"key":"ReplayTheSpireMod:Shallot"},{"floor":26,"key":"Bottled Flame"},{"floor":30,"key":"Guardian:PocketSentry"},{"floor":40,"key":"Nunchaku"},{"floor":43,"key":"Dead Branch"}],"event_choices":[{"damage_healed":0,"gold_gain":0,"player_choice":"Take Damage","damage_taken":18,"relics_obtained":["Golden Idol"],"max_hp_gain":0,"max_hp_loss":0,"event_name":"Golden Idol","floor":4,"gold_loss":0},{"damage_healed":0,"gold_gain":0,"player_choice":"Donut","damage_taken":0,"max_hp_gain":5,"max_hp_loss":0,"event_name":"Big Fish","floor":7,"gold_loss":0},{"damage_healed":0,"gold_gain":0,"player_choice":"Entered Light","damage_taken":16,"max_hp_gain":0,"max_hp_loss":0,"event_name":"Shining Light","floor":13,"gold_loss":0,"cards_upgraded":["Life_Tap","Defend_W"]},{"cards_removed":["Strike_W"],"damage_healed":0,"gold_gain":0,"player_choice":"Purged","damage_taken":0,"max_hp_gain":0,"max_hp_loss":0,"event_name":"Purifier","floor":21,"gold_loss":0},{"damage_healed":0,"gold_gain":100,"player_choice":"Pray","damage_taken":0,"max_hp_gain":0,"max_hp_loss":0,"event_name":"Golden Shrine","floor":36,"gold_loss":0},{"damage_healed":0,"gold_gain":0,"player_choice":"Upgraded","damage_taken":0,"max_hp_gain":0,"max_hp_loss":0,"event_name":"Upgrade Shrine","floor":38,"gold_loss":0,"cards_upgraded":["Spectral_Armor"]},{"damage_healed":0,"gold_gain":333,"player_choice":"Gave Idol","damage_taken":0,"max_hp_gain":0,"max_hp_loss":0,"event_name":"The Moai Head","floor":46,"relics_lost":["Golden Idol"],"gold_loss":0}],"is_beta":false,"boss_relics":[{"not_picked":["Ring of Chaos","SacredBark"],"picked":"Velvet Choker"},{"not_picked":["Black Star","construct:ClawGrip"],"picked":"Coffee Dripper"}],"items_purged_floors":[11,14,20,41],"is_endless":false,"potions_floor_spawned":[2,8,16,24,30,31,35,40,47],"ascension_level":0}}