{"host":"qy7jow5usmjkdnnq","time":1609971080,"event":{"mods":["BaseMod","Colored Map","Downfall","Minty Spire (QoL Compilation)","Permanent Neow","Relic Stats","StSLib"],"gold_per_floor":[0,11,24,9,109,109,109,559,585,585,597,597,597,658,678,778,778,778,792,842,915,934,984,984,997,1030,1042,803,836,886,919,930,930,930,930],"floor_reached":33,"playtime":4067,"items_purged":["downfall:Icky"],"score":438,"play_id":"97b81588-58c9-468d-9a72-f9cab340ff79","local_time":"20210106231120","is_ascension_mode":true,"campfire_choices":[{"data":"champ:Strike","floor":1.0,"key":"PURGE"},{"data":"champ:Defend","floor":6.0,"key":"PURGE"},{"floor":13.0,"key":"REST"},{"data":"champ:StanceDance","floor":18.0,"key":"SMITH"}],"circlet_count":0,"master_deck":["champ:Strike","champ:Strike","champ:Defend","champ:Defend","champ:Execute","champ:Taunt","champ:CrownThrow","champ:Circumvent+1","champ:BringItOn","champ:CalledShot","downfall:Icky","champ:FalseCounter","champ:DefensiveShout","champ:TornadoPunch","champ:StanceDance+1","champ:Improvising+1","champ:StanceDance+1","champ:EnchantShield","champ:ShieldWall+1","Normality","champ:RageSigil","champ:Lariat"],"relics":["champ:ChampionCrown","Peace Pipe","HornCleat","Pen Nib","SsserpentHead","Velvet Choker","FossilizedHelix","Juzu Bracelet","sneckomod:BlankCard","champ:FightingForDummies","Dream Catcher"],"acts_visited":["Exordium","TheCity"],"potions_floor_usage":[],"damage_taken":[{"damage":7.0,"enemies":"Small Slimes","floor":2.0,"turns":4.0},{"damage":13.0,"enemies":"Jaw Worm","floor":3.0,"turns":5.0},{"damage":10.0,"enemies":"downfall:FleeingMerchant","floor":4.0,"turns":4.0},{"damage":72.0,"enemies":"downfall:Heads","floor":5.0,"turns":7.0},{"damage":42.0,"enemies":"Lagavulin","floor":9.0,"turns":9.0},{"damage":13.0,"enemies":"2 Louse","floor":11.0,"turns":2.0},{"damage":9.0,"enemies":"Gremlin Gang","floor":14.0,"turns":6.0},{"damage":10.0,"enemies":"Exordium Wildlife","floor":15.0,"turns":4.0},{"damage":35.0,"enemies":"downfall:Watcher","floor":16.0,"turns":9.0},{"damage":12.0,"enemies":"3 Byrds","floor":19.0,"turns":5.0},{"damage":10.0,"enemies":"Snecko","floor":22.0,"turns":6.0},{"damage":0.0,"enemies":"Centurion and Healer","floor":25.0,"turns":7.0},{"damage":102.0,"enemies":"Slavers","floor":26.0,"turns":7.0},{"damage":0.0,"enemies":"Snake Plant","floor":27.0,"turns":4.0},{"damage":3.0,"enemies":"downfall:FleeingMerchant","floor":28.0,"turns":4.0},{"damage":0.0,"enemies":"Book of Stabbing","floor":29.0,"turns":5.0},{"damage":14.0,"enemies":"Slavers","floor":31.0,"turns":5.0},{"damage":27.0,"enemies":"Snecko","floor":32.0,"turns":6.0},{"damage":17,"enemies":"ArchetypeAct2MushroomsNewAge","floor":33,"turns":7}],"seed_played":"1847559794740198838","potions_obtained":[{"floor":5.0,"key":"GamblersBrew"},{"floor":11.0,"key":"EntropicBrew"},{"floor":14.0,"key":"sneckomod:MuddlingPotion"},{"floor":15.0,"key":"SkillPotion"},{"floor":22.0,"key":"EntropicBrew"},{"floor":26.0,"key":"Strength Potion"},{"floor":29.0,"key":"EssenceOfSteel"},{"floor":32.0,"key":"Strength Potion"}],"is_trial":false,"path_per_floor":["R","M","M","$","?","R","T","?","E","?","M","?","R","M","M","B",null,"R","M","?","T","M","?","T","M","E","M","$","E","?","E","M","B"],"character_chosen":"THE_CHAMP","items_purchased":["sneckomod:BlankCard"],"campfire_rested":1,"item_purchase_floors":[28],"current_hp_per_floor":[90,83,83,83,48,48,48,48,16,16,8,8,35,31,31,27,74,74,72,72,72,72,90,90,90,27,32,37,37,37,28,6,0,0,0],"gold":930,"neow_bonus":"ONE_RARE_RELIC","is_daily":false,"chose_seed":false,"campfire_upgraded":1,"win_rate":0.0,"timestamp":1609971080,"path_taken":["R","M","M","$","?","R","T","?","E","?","?","?","R","?","M","BOSS","R","M","?","?","M","?","T","M","E","M","$","E","?","E","M","BOSS"],"items_purchased_type":["Relic"],"build_version":"2020-12-22","purchased_purges":1,"victory":false,"max_hp_per_floor":[90,90,90,90,90,90,90,90,90,90,90,90,90,90,90,90,90,90,90,90,90,90,90,90,90,90,90,90,90,90,90,90,90,90,90],"relic_stats":{"Peace Pipe":2,"SsserpentHead":250,"Dream Catcher":0,"counters":[19,106],"Pen Nib":[11],"Juzu Bracelet":1,"obtain_stats":[{"Peace Pipe":0,"SsserpentHead":12,"Dream Catcher":31,"HornCleat":7,"sneckomod:BlankCard":28,"Velvet Choker":17,"champ:ChampionCrown":0,"Pen Nib":9,"Juzu Bracelet":26,"champ:FightingForDummies":29,"FossilizedHelix":24},{"Peace Pipe":0,"SsserpentHead":6,"Dream Catcher":17,"HornCleat":4,"sneckomod:BlankCard":15,"Velvet Choker":9,"champ:ChampionCrown":0,"Pen Nib":5,"Juzu Bracelet":13,"champ:FightingForDummies":16,"FossilizedHelix":11},{"Peace Pipe":0,"SsserpentHead":31,"Dream Catcher":93,"HornCleat":20,"sneckomod:BlankCard":83,"Velvet Choker":50,"champ:ChampionCrown":0,"Pen Nib":29,"Juzu Bracelet":75,"champ:FightingForDummies":88,"FossilizedHelix":61}]},"card_choices":[{"not_picked":["champ:ShieldSigil","champ:EnragedBash"],"picked":"champ:CrownThrow","floor":2.0},{"not_picked":["champ:PerfectedStrike","champ:ShieldSigil"],"picked":"champ:Circumvent","floor":3.0},{"not_picked":["champ:RisingSlash","champ:Shatter"],"picked":"champ:BringItOn","floor":4.0},{"not_picked":["champ:Circumvent","champ:RecklessLeap"],"picked":"champ:CalledShot","floor":5.0},{"not_picked":["champ:EndlessRage","champ:TornadoPunch"],"picked":"champ:FalseCounter","floor":9.0},{"not_picked":["champ:BringItOn","champ:BladeFlurry"],"picked":"champ:DefensiveShout","floor":11.0},{"not_picked":["champ:AdrenalArmor","champ:StanceDance"],"picked":"champ:TornadoPunch","floor":14.0},{"not_picked":["champ:BringItOn","champ:Circumvent"],"picked":"champ:StanceDance","floor":15.0},{"not_picked":["champ:IgnorePain","champ:MurderStrike"],"picked":"champ:Improvising","floor":16.0},{"not_picked":["champ:RageSigil","champ:EnGarde"],"picked":"champ:StanceDance+1","floor":19.0},{"not_picked":["champ:FanOfKnives","champ:Backstep","champ:BerserkersShout+1"],"picked":"SKIP","floor":22.0},{"not_picked":["champ:PreciseThrust","champ:BerserkersShout","champ:StanceDance"],"picked":"SKIP","floor":25.0},{"not_picked":["champ:PreciseThrust","champ:BerserkersShout","champ:StanceDance"],"picked":"SKIP","floor":25.0},{"not_picked":["champ:PerfectedStrike","champ:CrownThrow"],"picked":"champ:EnchantShield","floor":26.0},{"not_picked":["champ:FocusedDefense","champ:CrownThrow+1"],"picked":"champ:ShieldWall","floor":27.0},{"not_picked":["champ:AdrenalArmor+1","champ:BringItOn","champ:BerserkersShout"],"picked":"SKIP","floor":28.0},{"not_picked":["champ:Duel","champ:EnGarde","champ:BladeFlurry"],"picked":"SKIP","floor":29.0},{"not_picked":["champ:FanOfKnives","champ:EndlessRage"],"picked":"champ:RageSigil","floor":31.0},{"not_picked":["champ:FlashCut","champ:TornadoPunch+1"],"picked":"champ:Lariat","floor":32.0}],"player_experience":604885,"relics_obtained":[{"floor":7.0,"key":"HornCleat"},{"floor":9.0,"key":"Pen Nib"},{"floor":24.0,"key":"FossilizedHelix"},{"floor":26.0,"key":"Juzu Bracelet"},{"floor":29.0,"key":"champ:FightingForDummies"},{"floor":31.0,"key":"Dream Catcher"}],"event_choices":[{"cards_removed":["downfall:Icky"],"damage_healed":0.0,"max_hp_gain":0.0,"max_hp_loss":0.0,"gold_gain":0.0,"event_name":"Wheel of Change","player_choice":"Card Removal","floor":10.0,"gold_loss":0.0,"damage_taken":0.0},{"damage_healed":0.0,"max_hp_gain":0.0,"max_hp_loss":0.0,"gold_gain":0.0,"event_name":"FaceTrader","player_choice":"Trade","floor":12.0,"gold_loss":0.0,"damage_taken":0.0,"relics_obtained":["SsserpentHead"]},{"damage_healed":0.0,"max_hp_gain":0.0,"max_hp_loss":0.0,"gold_gain":0.0,"event_name":"Vampires","player_choice":"Ignored","floor":20.0,"gold_loss":0.0,"damage_taken":0.0},{"cards_removed":["champ:EnragedBash"],"damage_healed":18.0,"max_hp_gain":0.0,"max_hp_loss":0.0,"gold_gain":0.0,"event_name":"Bonfire Elementals","player_choice":"Offered Uncommon","floor":23.0,"gold_loss":0.0,"damage_taken":0.0}],"is_beta":false,"boss_relics":[{"not_picked":["Fusion Hammer","Runic Pyramid"],"picked":"Velvet Choker"}],"items_purged_floors":[28],"is_endless":false,"potions_floor_spawned":[5,11,14,15,22,25,26,29,32],"killed_by":"ArchetypeAct2MushroomsNewAge","ascension_level":5}}