{"host":"28p8ce41sjwa6lzf","time":1609950767,"event":{"mods":["BaseMod","Bestiary","Colored Map","Colored Powertips","Highlight Path","Minty Spire (QoL Compilation)","Permanent Neow","Quick Restart","Random Character Button","Rare Cards Sparkle","Relic Stats","StSLib","Unceasing Turn Reminder"],"gold_per_floor":[112,128,145,168,179,179,206,206,206,221,241,241,257,273,273,349,399,418,178,188,199,199,199,213,213,292,307,307,325,343,373,373,446,446,459,474,21,39,51,86,104,135,135,169,169,182,182,182,182,182,182,182],"floor_reached":51,"playtime":4528,"items_purged":["Strike_G","Reflex"],"score":1584,"play_id":"56538155-cd8d-4fc1-9310-89ba4572a985","local_time":"20210106103247","is_ascension_mode":true,"campfire_choices":[{"data":"Footwork","floor":6.0,"key":"SMITH"},{"data":"Dagger Spray","floor":8.0,"key":"SMITH"},{"floor":15.0,"key":"REST"},{"floor":23.0,"key":"REST"},{"data":"Wraith Form v2","floor":28.0,"key":"SMITH"},{"data":"Wraith Form v2","floor":32.0,"key":"SMITH"},{"data":"Fasting2","floor":47.0,"key":"SMITH"},{"floor":49.0,"key":"RECALL"}],"circlet_count":0,"master_deck":["AscendersBane","Strike_G","Strike_G","Strike_G","Strike_G","Defend_G","Defend_G","Defend_G","Defend_G+1","Defend_G","Survivor","Neutralize","Footwork+1","Dagger Spray+1","PiercingWail","Calculated Gamble","Dash+1","Noxious Fumes","Backflip","Blur","Wraith Form v2+1","Riddle With Holes","Choke","Eviscerate","Writhe","Ball Lightning","Wraith Form v2+1","Swivel","Electrodynamics","Pummel","Creative AI","Deadly Poison+1","PiercingWail","Wraith Form v2+1","Crippling Poison","Predator","Electrodynamics","Fasting2+1"],"relics":["Snecko Eye","Toy Ornithopter","Pear","Ornamental Fan","Tiny House","PrismaticShard","Question Card","Mummified Hand","Akabeko","Coffee Dripper","DollysMirror","Matryoshka","Gremlin Horn","Anchor","Sundial"],"acts_visited":["Exordium","TheCity","TheBeyond"],"potions_floor_usage":[50],"damage_taken":[{"damage":4.0,"enemies":"Cultist","floor":1.0,"turns":5.0},{"damage":9.0,"enemies":"2 Louse","floor":2.0,"turns":3.0},{"damage":5.0,"enemies":"Jaw Worm","floor":3.0,"turns":6.0},{"damage":1.0,"enemies":"Blue Slaver","floor":5.0,"turns":8.0},{"damage":23.0,"enemies":"3 Sentries","floor":7.0,"turns":12.0},{"damage":3.0,"enemies":"Gremlin Gang","floor":10.0,"turns":7.0},{"damage":0.0,"enemies":"3 Louse","floor":11.0,"turns":2.0},{"damage":13.0,"enemies":"Blue Slaver","floor":13.0,"turns":5.0},{"damage":9.0,"enemies":"2 Fungi Beasts","floor":14.0,"turns":3.0},{"damage":26.0,"enemies":"Hexaghost","floor":16.0,"turns":15.0},{"damage":13.0,"enemies":"Shell Parasite","floor":18.0,"turns":10.0},{"damage":26.0,"enemies":"Spheric Guardian","floor":20.0,"turns":9.0},{"damage":1.0,"enemies":"Cultist and Chosen","floor":21.0,"turns":8.0},{"damage":0.0,"enemies":"Snecko","floor":24.0,"turns":3.0},{"damage":0.0,"enemies":"Centurion and Healer","floor":27.0,"turns":5.0},{"damage":0.0,"enemies":"Snake Plant","floor":29.0,"turns":5.0},{"damage":2.0,"enemies":"Chosen and Byrds","floor":30.0,"turns":8.0},{"damage":0.0,"enemies":"Slavers","floor":31.0,"turns":6.0},{"damage":49.0,"enemies":"Automaton","floor":33.0,"turns":14.0},{"damage":19.0,"enemies":"3 Shapes","floor":35.0,"turns":4.0},{"damage":5.0,"enemies":"3 Darklings","floor":36.0,"turns":7.0},{"damage":0.0,"enemies":"Spire Growth","floor":38.0,"turns":5.0},{"damage":12.0,"enemies":"Maw","floor":39.0,"turns":12.0},{"damage":0.0,"enemies":"Reptomancer","floor":40.0,"turns":6.0},{"damage":0.0,"enemies":"Sphere and 2 Shapes","floor":41.0,"turns":4.0},{"damage":1.0,"enemies":"Giant Head","floor":42.0,"turns":11.0},{"damage":1.0,"enemies":"Nemesis","floor":44.0,"turns":7.0},{"damage":0.0,"enemies":"3 Darklings","floor":46.0,"turns":5.0},{"damage":8,"enemies":"Awakened One","floor":50,"turns":13},{"damage":36,"enemies":"Time Eater","floor":51,"turns":14}],"seed_played":"-3027954637089300083","potions_obtained":[{"floor":3.0,"key":"Strength Potion"},{"floor":7.0,"key":"SpeedPotion"},{"floor":16.0,"key":"FearPotion"},{"floor":17.0,"key":"Strength Potion"},{"floor":18.0,"key":"Strength Potion"},{"floor":24.0,"key":"Swift Potion"},{"floor":29.0,"key":"PowerPotion"},{"floor":36.0,"key":"Fruit Juice"},{"floor":38.0,"key":"DuplicationPotion"},{"floor":41.0,"key":"DuplicationPotion"}],"is_trial":false,"path_per_floor":["M","M","M","T","M","R","E","R","T","M","M","?","M","M","R","B",null,"M","$","M","M","?","R","M","?","T","M","R","M","M","E","R","B",null,"M","M","$","M","M","E","M","E","T","E","?","M","R","?","R","B","B"],"character_chosen":"THE_SILENT","items_purchased":["PrismaticShard","DollysMirror","Crippling Poison","Dexterity Potion","Energy Potion"],"campfire_rested":2,"item_purchase_floors":[19,37,37,37,37],"current_hp_per_floor":[55,46,41,41,40,40,32,32,32,29,29,29,16,7,29,3,63,50,50,24,23,23,47,52,52,52,52,52,52,50,55,55,11,64,45,40,50,50,38,38,38,37,37,36,36,36,36,36,36,33,0,0],"gold":182,"neow_bonus":"BOSS_RELIC","is_daily":false,"chose_seed":false,"campfire_upgraded":5,"win_rate":0.0,"timestamp":1609950767,"path_taken":["M","M","M","?","M","R","E","R","T","M","M","?","?","M","R","BOSS","M","$","M","M","?","R","M","?","T","M","R","M","M","E","R","BOSS","M","?","$","M","M","E","M","E","T","E","?","M","R","?","R","BOSS","BOSS"],"items_purchased_type":["Relic","Relic","Card","Potion","Potion"],"build_version":"2020-12-22","purchased_purges":2,"victory":false,"max_hp_per_floor":[66,66,66,66,66,66,76,76,76,76,76,76,76,76,76,76,81,81,81,81,81,81,81,81,81,81,81,81,81,81,81,81,81,81,81,81,86,86,86,86,86,86,86,86,86,86,86,86,86,86,86,86],"relic_stats":{"Gremlin Horn":[5,5],"counters":[30,222],"Ornamental Fan":[192],"Mummified Hand":[307],"Sundial":[6],"Snecko Eye":[374,375,376,403],"Question Card":16,"obtain_stats":[{"Pear":7,"Tiny House":17,"Gremlin Horn":42,"PrismaticShard":19,"Question Card":22,"Akabeko":31,"Anchor":43,"Matryoshka":40,"Ornamental Fan":9,"Mummified Hand":26,"DollysMirror":37,"Sundial":44,"Snecko Eye":0,"Coffee Dripper":34,"Toy Ornithopter":4,"Ring of the Snake":0},{"Pear":5,"Tiny House":10,"Gremlin Horn":26,"PrismaticShard":11,"Question Card":13,"Akabeko":18,"Anchor":26,"Matryoshka":24,"Ornamental Fan":5,"Mummified Hand":14,"DollysMirror":21,"Sundial":27,"Snecko Eye":0,"Coffee Dripper":19,"Toy Ornithopter":3,"Ring of the Snake":0},{"Pear":34,"Tiny House":66,"Gremlin Horn":183,"PrismaticShard":76,"Question Card":93,"Akabeko":120,"Anchor":183,"Matryoshka":168,"Ornamental Fan":34,"Mummified Hand":96,"DollysMirror":145,"Sundial":190,"Snecko Eye":0,"Coffee Dripper":134,"Toy Ornithopter":14,"Ring of the Snake":0}],"Toy Ornithopter":30},"card_choices":[{"not_picked":["Acrobatics","Expertise"],"picked":"Footwork","floor":1.0},{"not_picked":["Outmaneuver","Underhanded Strike"],"picked":"Reflex","floor":2.0},{"not_picked":["Masterful Stab","Bane"],"picked":"Dagger Spray","floor":3.0},{"not_picked":["Deflect","Distraction"],"picked":"PiercingWail","floor":5.0},{"not_picked":["Deadly Poison","All Out Attack"],"picked":"Calculated Gamble","floor":7.0},{"not_picked":["Endless Agony","Eviscerate"],"picked":"Dash","floor":10.0},{"not_picked":["Slice","Catalyst"],"picked":"Noxious Fumes","floor":11.0},{"not_picked":["Outmaneuver","PiercingWail"],"picked":"Backflip","floor":13.0},{"not_picked":["Slice","Quick Slash"],"picked":"Blur","floor":14.0},{"not_picked":["Grand Finale","Adrenaline"],"picked":"Wraith Form v2","floor":16.0},{"not_picked":["Concentrate","Deadly Poison"],"picked":"Riddle With Holes","floor":17.0},{"not_picked":["Poisoned Stab","Blade Dance"],"picked":"Choke","floor":18.0},{"not_picked":["JustLucky","CrushJoints","PathToVictory"],"picked":"SKIP","floor":20.0},{"not_picked":["Sword Boomerang+1","Dropkick"],"picked":"Eviscerate","floor":21.0},{"not_picked":["CrushJoints","Self Repair","Blade Dance"],"picked":"Ball Lightning","floor":24.0},{"not_picked":["Ball Lightning","FlyingSleeves","Gash","Perfected Strike+1"],"picked":"SKIP","floor":27.0},{"not_picked":["SashWhip","Barrage","Perfected Strike"],"picked":"Swivel","floor":29.0},{"not_picked":["Sweeping Beam","Headbutt","Dropkick"],"picked":"Electrodynamics","floor":30.0},{"not_picked":["Warcry","Headbutt","Flying Knee"],"picked":"Pummel","floor":31.0},{"not_picked":["Multi-Cast","Brutality","Reaper"],"picked":"Creative AI","floor":33.0},{"not_picked":["Conserve Battery","Shrug It Off","Cold Snap"],"picked":"Deadly Poison+1","floor":35.0},{"not_picked":["Heel Hook","Prepared","Double Energy+1"],"picked":"PiercingWail","floor":36.0},{"not_picked":["Flying Knee","Go for the Eyes","JustLucky","Consecrate"],"picked":"SKIP","floor":38.0},{"not_picked":["Pummel","Dagger Spray+1","FlurryOfBlows"],"picked":"Predator","floor":39.0},{"not_picked":["Infernal Blade","Worship","Barrage"],"picked":"Electrodynamics","floor":40.0},{"not_picked":["Outmaneuver","Underhanded Strike","Concentrate+1","Armaments"],"picked":"SKIP","floor":41.0},{"not_picked":["Secret Weapon","Melter","Gash","Backflip"],"picked":"SKIP","floor":42.0},{"not_picked":["ClearTheMind","PathToVictory","Dodge and Roll"],"picked":"Fasting2","floor":44.0},{"not_picked":["Consecrate","FollowUp+1","Flex+1","Sucker Punch"],"picked":"SKIP","floor":46.0}],"player_experience":1095068,"relics_obtained":[{"floor":4.0,"key":"Toy Ornithopter"},{"floor":7.0,"key":"Pear"},{"floor":9.0,"key":"Ornamental Fan"},{"floor":26.0,"key":"Mummified Hand"},{"floor":31.0,"key":"Akabeko"},{"floor":40.0,"key":"Matryoshka"},{"floor":42.0,"key":"Gremlin Horn"},{"floor":43.0,"key":"Anchor"},{"floor":44.0,"key":"Sundial"}],"event_choices":[{"damage_healed":0.0,"max_hp_gain":0.0,"max_hp_loss":0.0,"gold_gain":0.0,"event_name":"Living Wall","player_choice":"Grow","floor":12.0,"gold_loss":0.0,"damage_taken":0.0,"cards_upgraded":["Dash"]},{"damage_healed":0.0,"max_hp_gain":0.0,"max_hp_loss":0.0,"gold_gain":0.0,"event_name":"The Mausoleum","player_choice":"Opened","floor":22.0,"gold_loss":0.0,"damage_taken":0.0,"relics_obtained":["Question Card"],"cards_obtained":["Writhe"]},{"damage_healed":0.0,"max_hp_gain":0.0,"max_hp_loss":0.0,"gold_gain":0.0,"event_name":"Duplicator","player_choice":"Copied","floor":25.0,"gold_loss":0.0,"damage_taken":0.0,"cards_obtained":["Wraith Form v2"]},{"damage_healed":0.0,"max_hp_gain":0.0,"max_hp_loss":0.0,"gold_gain":0.0,"event_name":"SensoryStone","player_choice":"Memory 1","floor":45.0,"gold_loss":0.0,"damage_taken":0.0},{"damage_healed":0.0,"max_hp_gain":0.0,"max_hp_loss":0.0,"gold_gain":0.0,"event_name":"Tomb of Lord Red Mask","player_choice":"Ignored","floor":48.0,"gold_loss":0.0,"damage_taken":0.0}],"is_beta":false,"boss_relics":[{"not_picked":["Black Star","SacredBark"],"picked":"Tiny House"},{"not_picked":["Calling Bell","HoveringKite"],"picked":"Coffee Dripper"}],"items_purged_floors":[19,37],"is_endless":false,"potions_floor_spawned":[3,7,16,18,24,29,30,36,38,41,46],"killed_by":"Time Eater","ascension_level":20}}