{"host":"jexbkylv34f8xu3o","time":1609961192,"event":{"mods":["AchievementEnabler","BaseMod","Colored Map","Colored Powertips","GifTheSpireLib","Highlight Path","Minty Spire (QoL Compilation)","Quick Restart","StSLib"],"gold_per_floor":[117,130,205,53,53,53,70,105,130,158,333,333,361,417,417,522,522,539,539,525,94,94,94,94,94],"floor_reached":24,"playtime":853,"items_purged":["Regret"],"score":341,"play_id":"6c049d06-b084-482f-8d4b-62dcb4320dab","local_time":"20210106162632","is_ascension_mode":true,"campfire_choices":[{"data":"True Grit","floor":6,"key":"SMITH"},{"floor":12,"key":"REST"},{"floor":15,"key":"REST"},{"data":"1","floor":23,"key":"LIFT"}],"circlet_count":0,"master_deck":["Bash","True Grit+1","True Grit+1","Sentinel","Pommel Strike","Doubt","Wild Strike","Feed","Combust","Anger","Berserk","Warcry","Spot Weakness","Dropkick","Intimidate","Impervious","Hemokinesis","Evolve","Doubt","Dropkick","Shrug It Off"],"relics":["Cursed Key","Tiny Chest","Whetstone","Red Skull","Centennial Puzzle","Orichalcum","Ice Cream","Pandora\u0027s Box","Matryoshka","Girya"],"acts_visited":["Exordium","TheCity"],"potions_floor_usage":[8,10],"damage_taken":[{"damage":7,"enemies":"Jaw Worm","floor":1,"turns":3},{"damage":0,"enemies":"Small Slimes","floor":2,"turns":4},{"damage":0,"enemies":"2 Louse","floor":7,"turns":2},{"damage":27,"enemies":"3 Sentries","floor":8,"turns":15},{"damage":1,"enemies":"Lagavulin","floor":10,"turns":5},{"damage":22,"enemies":"3 Sentries","floor":13,"turns":8},{"damage":10,"enemies":"3 Sentries","floor":14,"turns":10},{"damage":40,"enemies":"Slime Boss","floor":16,"turns":9},{"damage":5,"enemies":"Chosen","floor":18,"turns":4},{"damage":14,"enemies":"2 Thieves","floor":20,"turns":4},{"damage":50,"enemies":"Slavers","floor":24,"turns":4}],"seed_played":"7258288802131181994","potions_obtained":[{"floor":1,"key":"LiquidMemories"},{"floor":8,"key":"Block Potion"}],"is_trial":false,"path_per_floor":["M","M","?","$","?","R","M","E","T","E","?","R","E","?","R","B",null,"M","T","M","$","?","R","E"],"character_chosen":"IRONCLAD","items_purchased":["Tiny Chest","Girya","Shrug It Off"],"campfire_rested":2,"item_purchase_floors":[4,21,21],"current_hp_per_floor":[65,65,54,54,54,54,54,27,27,26,26,50,28,18,42,2,61,56,56,42,42,42,42,0,0],"gold":94,"neow_bonus":"BOSS_RELIC","is_daily":false,"chose_seed":false,"campfire_upgraded":1,"win_rate":0.0,"timestamp":1609961192,"path_taken":["M","M","?","$","?","R","M","E","T","E","?","R","E","?","R","BOSS","M","?","M","$","?","R","E"],"items_purchased_type":["Relic","Relic","Card"],"build_version":"2020-12-22","purchased_purges":1,"victory":false,"max_hp_per_floor":[80,80,80,80,80,80,80,80,80,80,80,80,80,80,80,80,80,80,80,80,80,80,80,80,80],"card_choices":[{"not_picked":["Thunderclap","Heavy Blade"],"picked":"True Grit","floor":1},{"not_picked":["Rampage","Twin Strike"],"picked":"True Grit","floor":2},{"not_picked":["Dropkick","Flame Barrier"],"picked":"Sentinel","floor":7},{"not_picked":["Exhume","Dark Embrace"],"picked":"Pommel Strike","floor":8},{"not_picked":["Perfected Strike","Entrench","Anger"],"picked":"SKIP","floor":10},{"not_picked":["Feel No Pain","Immolate"],"picked":"Wild Strike","floor":13},{"not_picked":["Limit Break","Berserk"],"picked":"Feed","floor":16},{"not_picked":["Heavy Blade","Blood for Blood"],"picked":"Evolve","floor":18},{"not_picked":["True Grit","Thunderclap+1"],"picked":"Dropkick","floor":20}],"player_experience":538115,"relics_obtained":[{"floor":8,"key":"Whetstone"},{"floor":9,"key":"Red Skull"},{"floor":10,"key":"Centennial Puzzle"},{"floor":13,"key":"Orichalcum"},{"floor":14,"key":"Ice Cream"},{"floor":19,"key":"Matryoshka"}],"event_choices":[{"damage_healed":0,"gold_gain":75,"player_choice":"Gather Gold","damage_taken":11,"max_hp_gain":0,"max_hp_loss":0,"event_name":"World of Goop","floor":3,"gold_loss":0},{"damage_healed":0,"gold_gain":0,"player_choice":"Grow","damage_taken":0,"max_hp_gain":0,"max_hp_loss":0,"event_name":"Living Wall","floor":5,"gold_loss":0,"cards_upgraded":["True Grit"]},{"damage_healed":0,"gold_gain":175,"player_choice":"AGREE","damage_taken":0,"max_hp_gain":0,"max_hp_loss":0,"event_name":"Liars Game","floor":11,"gold_loss":0,"cards_obtained":["Doubt"]},{"damage_healed":0,"gold_gain":0,"player_choice":"Searched \u00271\u0027 times","damage_taken":0,"max_hp_gain":0,"max_hp_loss":0,"event_name":"Dead Adventurer","floor":14,"gold_loss":0},{"damage_healed":0,"gold_gain":0,"player_choice":"Ignored","damage_taken":0,"max_hp_gain":0,"max_hp_loss":0,"event_name":"Ghosts","floor":22,"gold_loss":0}],"is_beta":false,"boss_relics":[{"not_picked":["Velvet Choker","Runic Dome"],"picked":"Pandora\u0027s Box"}],"items_purged_floors":[21],"is_endless":false,"potions_floor_spawned":[1,8],"killed_by":"Slavers","ascension_level":9}}