{"host":"dmdprxj8bosbz96f","time":1609942920,"event":{"mods":["AchievementEnabler","BaseMod","Colored Map","DeckTracker","Minty Spire (QoL Compilation)","Quick Restart","SuperFastMode","everything is the same but u backflip on backflip"],"gold_per_floor":[119,143,143,143,154,154,179,18,18,344,344,359,376,388,388,388,388],"floor_reached":16,"playtime":341,"items_purged":["Defend_G"],"score":169,"play_id":"f571c50b-ebfa-4c4b-bd3b-5d310c223fa3","local_time":"20210106232200","is_ascension_mode":true,"campfire_choices":[{"data":"Backflip","floor":6.0,"key":"SMITH"},{"floor":11.0,"key":"REST"},{"floor":15.0,"key":"REST"}],"circlet_count":0,"master_deck":["Strike_G","Strike_G","Strike_G","Strike_G","Strike_G","Defend_G","Defend_G","Defend_G","Survivor","Neutralize","Backflip+1","Dagger Throw","PiercingWail","Reflex","Underhanded Strike","PiercingWail","Crippling Poison","Backstab","Acrobatics"],"relics":["Ring of the Snake","NeowsBlessing","Dream Catcher","Bronze Scales","Tiny Chest","Darkstone Periapt","Old Coin"],"acts_visited":["Exordium"],"potions_floor_usage":[],"damage_taken":[{"damage":0.0,"enemies":"Cultist","floor":1.0,"turns":1.0},{"damage":0.0,"enemies":"Small Slimes","floor":5.0,"turns":1.0},{"damage":0.0,"enemies":"Lagavulin","floor":7.0,"turns":1.0},{"damage":18.0,"enemies":"Gremlin Nob","floor":10.0,"turns":3.0},{"damage":2.0,"enemies":"2 Louse","floor":12.0,"turns":2.0},{"damage":13.0,"enemies":"Exordium Wildlife","floor":13.0,"turns":6.0},{"damage":0.0,"enemies":"2 Fungi Beasts","floor":14.0,"turns":4.0},{"damage":0,"enemies":"Slime Boss","floor":16,"turns":1}],"seed_played":"-4419250395017694340","potions_obtained":[{"floor":5.0,"key":"SteroidPotion"},{"floor":10.0,"key":"BlessingOfTheForge"},{"floor":13.0,"key":"SteroidPotion"}],"is_trial":false,"path_per_floor":["M","T","?","?","M","R","E","$","T","E","R","M","M","M","R","B"],"character_chosen":"THE_SILENT","items_purchased":["PiercingWail","Reflex"],"campfire_rested":2,"item_purchase_floors":[8,8],"current_hp_per_floor":[70,70,52,52,52,52,52,52,52,34,55,53,40,40,61,61,61],"gold":388,"neow_bonus":"THREE_ENEMY_KILL","is_daily":false,"chose_seed":false,"campfire_upgraded":1,"win_rate":0.0,"timestamp":1609942920,"path_taken":["M","?","?","?","M","R","E","$","T","E","R","M","M","M","R","BOSS"],"items_purchased_type":["Card","Card"],"build_version":"2020-12-22","purchased_purges":1,"victory":false,"max_hp_per_floor":[70,70,70,70,70,70,70,70,70,70,70,70,70,70,70,70,70],"card_choices":[{"not_picked":["Bane","Terror","Dagger Spray"],"picked":"SKIP","floor":1.0},{"not_picked":["Eviscerate","Reflex"],"picked":"Backflip","floor":5.0},{"not_picked":["Leg Sweep","Grand Finale"],"picked":"Dagger Throw","floor":7.0},{"not_picked":["Predator","Finisher"],"picked":"Underhanded Strike","floor":10.0},{"not_picked":["Leg Sweep","Quick Slash"],"picked":"PiercingWail","floor":11.0},{"not_picked":["Slice","Bane","Blade Dance"],"picked":"SKIP","floor":12.0},{"not_picked":["Blade Dance","Bullet Time"],"picked":"Crippling Poison","floor":13.0},{"not_picked":["Quick Slash","Slice"],"picked":"Backstab","floor":14.0},{"not_picked":["Quick Slash","Eviscerate"],"picked":"Acrobatics","floor":15.0}],"player_experience":169415,"relics_obtained":[{"floor":2.0,"key":"Dream Catcher"},{"floor":7.0,"key":"Tiny Chest"},{"floor":9.0,"key":"Darkstone Periapt"},{"floor":10.0,"key":"Old Coin"}],"event_choices":[{"damage_healed":0.0,"max_hp_gain":0.0,"max_hp_loss":0.0,"gold_gain":0.0,"event_name":"Scrap Ooze","player_choice":"Success","floor":3.0,"gold_loss":0.0,"damage_taken":18.0,"relics_obtained":["Bronze Scales"]},{"cards_removed":["Defend_G"],"damage_healed":0.0,"max_hp_gain":0.0,"max_hp_loss":0.0,"gold_gain":0.0,"event_name":"Living Wall","player_choice":"Forget","floor":4.0,"gold_loss":0.0,"damage_taken":0.0}],"is_beta":false,"boss_relics":[],"items_purged_floors":[8],"is_endless":false,"potions_floor_spawned":[5,10,13],"killed_by":"Slime Boss","ascension_level":5}}