{"host":"sav7uxregyirlf69","time":1609951052,"event":{"mods":["AchievementEnabler","BaseMod","Colored Map","DeckTracker","Keyboard Shortcuts","Minty Spire (QoL Compilation)","READ ME - Guardian Mod","StSLib","SuperFastMode"],"gold_per_floor":[113,188,113,263,16,16,45,62,62,78,104,104,117,135,135,207,207,224,237,248,63,63,63],"floor_reached":22,"playtime":418,"items_purged":["Doubt","Strike_R"],"score":417,"play_id":"5d443fe1-9595-4c77-91bc-9f7059adf169","local_time":"20210107013732","is_ascension_mode":true,"campfire_choices":[{"data":"Sword Boomerang","floor":6,"key":"SMITH"},{"floor":15,"key":"REST"}],"circlet_count":0,"master_deck":["AscendersBane","Strike_R","Strike_R","Defend_R","Defend_R","Defend_R","Defend_R","Bash","Sword Boomerang+1","Flex","Evolve","Offering","Headbutt","Pummel","Fire Breathing","Immolate","Second Wind","Flame Barrier","Dark Embrace"],"relics":["Black Blood","PreservedInsect","Mango","Shuriken","Mummified Hand"],"acts_visited":["Exordium","TheCity"],"potions_floor_usage":[10,11,13,14,20],"damage_taken":[{"damage":4,"enemies":"Jaw Worm","floor":1,"turns":5},{"damage":40,"enemies":"Lagavulin","floor":7,"turns":6},{"damage":3,"enemies":"2 Louse","floor":8,"turns":3},{"damage":5,"enemies":"Small Slimes","floor":10,"turns":3},{"damage":10,"enemies":"3 Sentries","floor":11,"turns":6},{"damage":23,"enemies":"Exordium Thugs","floor":13,"turns":3},{"damage":12,"enemies":"Gremlin Gang","floor":14,"turns":3},{"damage":27,"enemies":"Slime Boss","floor":16,"turns":7},{"damage":29,"enemies":"2 Thieves","floor":18,"turns":3},{"damage":39,"enemies":"Shell Parasite","floor":19,"turns":5},{"damage":33,"enemies":"Snake Plant","floor":20,"turns":4},{"damage":20,"enemies":"Cultist and Chosen","floor":22,"turns":3}],"seed_played":"-1720290634807651384","potions_obtained":[{"floor":7,"key":"LiquidMemories"},{"floor":8,"key":"Explosive Potion"},{"floor":10,"key":"SkillPotion"},{"floor":13,"key":"Fire Potion"},{"floor":19,"key":"SkillPotion"}],"is_trial":false,"path_per_floor":["M","?","?","?","$","R","E","M","T","M","E","?","M","M","R","B",null,"M","M","M","$","M"],"character_chosen":"IRONCLAD","items_purchased":["PreservedInsect","Dark Embrace"],"campfire_rested":1,"item_purchase_floors":[5,21],"current_hp_per_floor":[66,55,55,55,55,55,35,38,38,39,35,35,18,12,42,21,83,66,39,18,18,0,0],"gold":63,"neow_bonus":"TWENTY_PERCENT_HP_BONUS","is_daily":false,"chose_seed":false,"campfire_upgraded":1,"win_rate":0.0,"timestamp":1609951052,"path_taken":["M","?","?","?","$","R","E","M","T","M","E","?","M","?","R","BOSS","M","?","M","$","M"],"items_purchased_type":["Relic","Card"],"build_version":"2020-12-22","purchased_purges":2,"victory":false,"max_hp_per_floor":[89,89,89,89,89,89,103,103,103,103,103,103,103,103,103,103,103,103,103,103,103,103,103],"card_choices":[{"not_picked":["Thunderclap","Iron Wave"],"picked":"Sword Boomerang","floor":1},{"not_picked":["Burning Pact","Uppercut"],"picked":"Flex","floor":7},{"not_picked":["True Grit","Power Through"],"picked":"Evolve","floor":8},{"not_picked":["Dual Wield","Rupture","Iron Wave"],"picked":"SKIP","floor":10},{"not_picked":["Impervious","Warcry"],"picked":"Offering","floor":11},{"not_picked":["Intimidate","Sword Boomerang"],"picked":"Pummel","floor":13},{"not_picked":["Flame Barrier","Rage"],"picked":"Fire Breathing","floor":14},{"not_picked":["Juggernaut","Reaper"],"picked":"Immolate","floor":16},{"not_picked":["Iron Wave","Warcry+1"],"picked":"Second Wind","floor":18},{"not_picked":["Headbutt","Thunderclap+1"],"picked":"Flame Barrier","floor":19},{"not_picked":["Twin Strike","Flex","Thunderclap"],"picked":"SKIP","floor":20}],"player_experience":1164482,"relics_obtained":[{"floor":7,"key":"Mango"},{"floor":9,"key":"Shuriken"},{"floor":11,"key":"Mummified Hand"}],"event_choices":[{"damage_healed":0,"gold_gain":75,"player_choice":"Gather Gold","damage_taken":11,"max_hp_gain":0,"max_hp_loss":0,"event_name":"World of Goop","floor":2,"gold_loss":0},{"cards_removed":["Strike_R"],"damage_healed":0,"gold_gain":0,"player_choice":"Card Removal","damage_taken":0,"max_hp_gain":0,"max_hp_loss":0,"event_name":"The Cleric","floor":3,"gold_loss":75},{"damage_healed":0,"gold_gain":150,"player_choice":"AGREE","damage_taken":0,"max_hp_gain":0,"max_hp_loss":0,"event_name":"Liars Game","floor":4,"gold_loss":0,"cards_obtained":["Doubt"]},{"damage_healed":0,"gold_gain":0,"cards_transformed":["Strike_R"],"player_choice":"Change","damage_taken":0,"max_hp_gain":0,"max_hp_loss":0,"event_name":"Living Wall","floor":12,"gold_loss":0,"cards_obtained":["Headbutt"]}],"is_beta":false,"boss_relics":[{"not_picked":["Busted Crown","Runic Cube"],"picked":"Black Blood"}],"items_purged_floors":[5,21],"is_endless":false,"potions_floor_spawned":[7,8,10,13,19],"killed_by":"Cultist and Chosen","ascension_level":20}}