{"host":"dhyczjm99amxd3qx","time":1609899719,"event":{"mods":["BaseMod","Colored Map","Googly Eyes","Highlight Path","Minty Spire (QoL Compilation)","Quick Restart","StSLib"],"gold_per_floor":[117,127,77,91,117,152,169,199,223,223,243,243,255,281,281,383,383,397,414,432,138,150,150,181,198,198,198,198],"floor_reached":27,"playtime":1415,"items_purged":["Strike_B"],"score":321,"play_id":"df6ad844-38d9-4caa-9af3-bd1ae8d3ffeb","local_time":"20210105212159","is_ascension_mode":true,"campfire_choices":[{"data":"Zap","floor":10,"key":"SMITH"},{"data":"FTL","floor":12,"key":"SMITH"},{"data":"Conserve Battery","floor":15,"key":"SMITH"},{"data":"Defragment","floor":23,"key":"SMITH"}],"circlet_count":0,"master_deck":["Strike_B","Strike_B","Defend_B","Defend_B","Defend_B","Defend_B","Zap+1","Dualcast","Ball Lightning","FTL+1","Cold Snap+1","Ball Lightning","Compile Driver","Conserve Battery+1","Cold Snap","Core Surge+1","Defragment+1","Compile Driver","Loop","Glacier","Lockon+1","Chill"],"relics":["Cracked Core","Ancient Tea Set","Boot","Art of War","Eternal Feather","Nunchaku","Pantograph","Coffee Dripper","Whetstone","The Courier","Bottled Tornado"],"acts_visited":["Exordium","TheCity"],"potions_floor_usage":[6,8,8,14,19,20,25],"damage_taken":[{"damage":0,"enemies":"Cultist","floor":1,"turns":4},{"damage":4,"enemies":"2 Louse","floor":2,"turns":3},{"damage":2,"enemies":"Jaw Worm","floor":4,"turns":3},{"damage":20,"enemies":"3 Sentries","floor":6,"turns":7},{"damage":7,"enemies":"3 Louse","floor":7,"turns":4},{"damage":10,"enemies":"Gremlin Nob","floor":8,"turns":4},{"damage":1,"enemies":"Exordium Wildlife","floor":11,"turns":3},{"damage":0,"enemies":"Looter","floor":13,"turns":2},{"damage":6,"enemies":"Lagavulin","floor":14,"turns":4},{"damage":31,"enemies":"The Guardian","floor":16,"turns":10},{"damage":2,"enemies":"Shell Parasite","floor":18,"turns":3},{"damage":0,"enemies":"3 Byrds","floor":19,"turns":2},{"damage":11,"enemies":"Centurion and Healer","floor":20,"turns":7},{"damage":18,"enemies":"Snecko","floor":22,"turns":4},{"damage":11,"enemies":"Book of Stabbing","floor":24,"turns":5},{"damage":19,"enemies":"Snake Plant","floor":25,"turns":3},{"damage":34,"enemies":"Slavers","floor":27,"turns":1}],"seed_played":"-9121727362921527344","potions_obtained":[{"floor":2,"key":"DuplicationPotion"},{"floor":4,"key":"Weak Potion"},{"floor":6,"key":"SmokeBomb"},{"floor":7,"key":"Fruit Juice"},{"floor":13,"key":"Strength Potion"},{"floor":14,"key":"Explosive Potion"},{"floor":16,"key":"SteroidPotion"},{"floor":18,"key":"GamblersBrew"},{"floor":20,"key":"SteroidPotion"},{"floor":24,"key":"PotionOfCapacity"}],"is_trial":false,"path_per_floor":["M","M","?","M","T","E","M","E","T","R","M","R","M","E","R","B",null,"M","M","M","$","M","R","E","M","T","E"],"character_chosen":"DEFECT","items_purchased":["Loop","Whetstone"],"campfire_rested":0,"item_purchase_floors":[21,21],"current_hp_per_floor":[75,71,71,69,69,49,42,37,37,43,42,48,48,42,51,45,71,69,69,58,58,40,52,41,22,22,0,0],"gold":198,"neow_bonus":"RANDOM_COMMON_RELIC","is_daily":false,"chose_seed":false,"campfire_upgraded":4,"win_rate":0.0,"timestamp":1609899719,"path_taken":["M","?","?","M","?","E","M","E","T","R","M","R","M","E","R","BOSS","M","M","M","$","M","R","E","M","T","E"],"items_purchased_type":["Card","Relic"],"build_version":"2020-12-22","purchased_purges":1,"victory":false,"max_hp_per_floor":[75,75,75,75,75,75,75,80,80,80,80,80,80,80,80,80,80,80,80,80,80,80,80,80,80,80,80,80],"card_choices":[{"not_picked":["Coolheaded","Scrape"],"picked":"Ball Lightning","floor":1},{"not_picked":["Rebound","Reinforced Body","Tempest"],"picked":"SKIP","floor":2},{"not_picked":["Recycle","Reinforced Body","Stack"],"picked":"SKIP","floor":4},{"not_picked":["Consume","Force Field"],"picked":"FTL","floor":6},{"not_picked":["Steam Power","Heatsinks"],"picked":"Cold Snap","floor":7},{"not_picked":["Sunder","Hologram"],"picked":"Ball Lightning","floor":8},{"not_picked":["Rebound","Streamline"],"picked":"Compile Driver","floor":11},{"not_picked":["Reprogram","Reinforced Body"],"picked":"Conserve Battery","floor":13},{"not_picked":["Redo","Reprogram"],"picked":"Cold Snap","floor":14},{"not_picked":["Hyperbeam","Creative AI"],"picked":"Core Surge","floor":16},{"not_picked":["Conserve Battery","Self Repair+1"],"picked":"Defragment","floor":18},{"not_picked":["Ball Lightning","Beam Cell"],"picked":"Compile Driver","floor":19},{"not_picked":["Doom and Gloom","Darkness","Beam Cell"],"picked":"SKIP","floor":20},{"not_picked":["Rebound","Tempest+1"],"picked":"Glacier","floor":22},{"not_picked":["Doom and Gloom","Turbo"],"picked":"Lockon+1","floor":24},{"not_picked":["Leap+1","Beam Cell"],"picked":"Chill","floor":25}],"player_experience":322252,"relics_obtained":[{"floor":5,"key":"Boot"},{"floor":6,"key":"Art of War"},{"floor":8,"key":"Eternal Feather"},{"floor":9,"key":"Nunchaku"},{"floor":14,"key":"Pantograph"},{"floor":24,"key":"The Courier"},{"floor":26,"key":"Bottled Tornado"}],"event_choices":[{"cards_removed":["Strike_B"],"damage_healed":0,"gold_gain":0,"player_choice":"Card Removal","damage_taken":0,"max_hp_gain":0,"max_hp_loss":0,"event_name":"The Cleric","floor":3,"gold_loss":50}],"is_beta":false,"boss_relics":[{"not_picked":["SacredBark","Pandora\u0027s Box"],"picked":"Coffee Dripper"}],"items_purged_floors":[21],"is_endless":false,"potions_floor_spawned":[2,4,6,7,13,14,16,18,20,24],"killed_by":"Slavers","ascension_level":5}}