{"host":"7sni158j623xchr2","time":1609916454,"event":{"mods":["BaseMod","Colored Map","Highlight Path","Minty Spire (QoL Compilation)","Permanent Neow","Potion Indicator Mod","Rare Cards Sparkle","Relic Sorter","Relic Stats","StSLib","everything is the same but u backflip on backflip"],"gold_per_floor":[111,111,121,133,146,180,197,197,197],"floor_reached":8,"playtime":217,"items_purged":[],"score":66,"play_id":"773a0222-7bfd-400a-a32d-6edc16056565","local_time":"20210106010054","is_ascension_mode":true,"campfire_choices":[],"circlet_count":0,"master_deck":["Strike_G","Strike_G","Strike_G","Strike_G","Strike_G","Defend_G","Defend_G","Defend_G","Defend_G","Defend_G","Survivor","Neutralize","Deadly Poison","Decay","Dagger Spray","Backflip","Dash","Bane","PiercingWail"],"relics":["Ring of the Snake","NeowsBlessing","Centennial Puzzle"],"acts_visited":["Exordium"],"potions_floor_usage":[5,8],"damage_taken":[{"damage":0,"enemies":"Jaw Worm","floor":1,"turns":1},{"damage":0,"enemies":"Cultist","floor":3,"turns":1},{"damage":0,"enemies":"2 Louse","floor":4,"turns":1},{"damage":4,"enemies":"Large Slime","floor":5,"turns":7},{"damage":39,"enemies":"Lagavulin","floor":6,"turns":8},{"damage":5,"enemies":"Red Slaver","floor":7,"turns":5},{"damage":36,"enemies":"Gremlin Nob","floor":8,"turns":5}],"seed_played":"-4964187809964560995","potions_obtained":[{"floor":3,"key":"Block Potion"},{"floor":5,"key":"Block Potion"}],"is_trial":false,"path_per_floor":["M","?","M","M","M","E","M","E"],"character_chosen":"THE_SILENT","items_purchased":[],"campfire_rested":0,"item_purchase_floors":[],"current_hp_per_floor":[70,70,70,70,66,27,22,0,0],"gold":197,"neow_bonus":"THREE_ENEMY_KILL","is_daily":false,"chose_seed":false,"campfire_upgraded":0,"win_rate":0.0,"timestamp":1609916454,"path_taken":["M","?","M","M","?","E","M","E"],"items_purchased_type":[],"build_version":"2020-12-22","purchased_purges":0,"victory":false,"max_hp_per_floor":[70,70,70,70,70,70,70,70,70],"relic_stats":{"Centennial Puzzle":[6],"counters":[7,28],"obtain_stats":[{"Centennial Puzzle":6,"NeowsBlessing":0,"Ring of the Snake":0},{"Centennial Puzzle":5,"NeowsBlessing":0,"Ring of the Snake":0},{"Centennial Puzzle":18,"NeowsBlessing":0,"Ring of the Snake":0}],"Ring of the Snake":[14]},"card_choices":[{"not_picked":["Slice","Deflect"],"picked":"Deadly Poison","floor":1},{"not_picked":["Cloak And Dagger","Flechettes"],"picked":"Dagger Spray","floor":3},{"not_picked":["Prepared","Dodge and Roll"],"picked":"Backflip","floor":4},{"not_picked":["Underhanded Strike","A Thousand Cuts"],"picked":"Dash","floor":5},{"not_picked":["Blade Dance","Outmaneuver"],"picked":"Bane","floor":6},{"not_picked":["Expertise","Dagger Throw"],"picked":"PiercingWail","floor":7}],"player_experience":1598063,"relics_obtained":[{"floor":6,"key":"Centennial Puzzle"}],"event_choices":[{"damage_healed":0,"gold_gain":0,"player_choice":"Cursed","damage_taken":0,"max_hp_gain":0,"max_hp_loss":0,"event_name":"Wheel of Change","floor":2,"gold_loss":0,"cards_obtained":["Decay"]}],"is_beta":false,"boss_relics":[],"items_purged_floors":[],"is_endless":false,"potions_floor_spawned":[3,5],"killed_by":"Gremlin Nob","ascension_level":2}}