{"host":"yecadp3kwkksam5a","time":1609942907,"event":{"mods":["BaseMod","Minty Spire (QoL Compilation)","Replay The Spire","StSLib","The Jungle"],"gold_per_floor":[416,434,434,216,60,88,115,128,128,163,63,63,91,101,101,202,202,212,212,27,107,107,134,159,185,185,185,211,211,228,228,228,228],"floor_reached":32,"playtime":1139,"items_purged":["Riddle With Holes","Dagger Spray","Shame"],"score":717,"play_id":"d6f66eb6-f534-48db-920b-88edbcae1669","local_time":"20210106232147","daily_mods":["Draft","Heirloom","Flight"],"is_ascension_mode":false,"campfire_choices":[{"data":"Underhanded Strike","floor":15,"key":"PURGE"},{"data":"Calculated Gamble","floor":27,"key":"SMITH"},{"data":"ReplayTheSpireMod:The Works","floor":27,"key":"SMITH"},{"data":"ReplayTheSpireMod:The Works","floor":29,"key":"SMITH"},{"data":"Reflex","floor":29,"key":"SMITH"}],"circlet_count":0,"master_deck":["Underhanded Strike","Calculated Gamble+1","Acrobatics","Acrobatics","Acrobatics","Reflex","ReplayTheSpireMod:The Works+1","PiercingWail","Fluid Movement","ReplayTheSpireMod:The Works+1","Reflex+1"],"relics":["Ring of the Snake","Old Coin","DollysMirror","Bag of Preparation","Divine Protection","Regal Pillow","Replay:Arrowhead","Unceasing Top","theJungle:SneckoAutograph","theJungle:Creamberry","HandDrill","Tough Bandages","HornCleat","Singing Bowl","TungstenRod","Ornamental Fan","Pantograph","Mirror"],"acts_visited":["Exordium","theJungle:Jungle"],"potions_floor_usage":[],"damage_taken":[{"damage":0,"enemies":"Cultist","floor":1,"turns":1},{"damage":0,"enemies":"Jaw Worm","floor":2,"turns":1},{"damage":0,"enemies":"Lagavulin","floor":6,"turns":1},{"damage":0,"enemies":"3 Sentries","floor":7,"turns":1},{"damage":0,"enemies":"Small Slimes","floor":8,"turns":1},{"damage":0,"enemies":"Lagavulin","floor":10,"turns":1},{"damage":0,"enemies":"3 Sentries","floor":13,"turns":1},{"damage":0,"enemies":"Looter","floor":14,"turns":1},{"damage":0,"enemies":"Fading Forest","floor":16,"turns":1},{"damage":0,"enemies":"theJungle:GiantWrat","floor":18,"turns":2},{"damage":0,"enemies":"theJungle:Cassacara","floor":23,"turns":1},{"damage":0,"enemies":"theJungle:MamaSnecko","floor":24,"turns":1},{"damage":0,"enemies":"theJungle:2_Phrogs","floor":25,"turns":1},{"damage":0,"enemies":"theJungle:MamaSnecko","floor":28,"turns":1},{"damage":0,"enemies":"theJungle:Flameango_and_Byrd","floor":30,"turns":1}],"seed_played":"7575178745128851718","potions_obtained":[{"floor":2,"key":"Strength Potion"},{"floor":3,"key":"LiquidBronze"},{"floor":3,"key":"LiquidMemories"}],"is_trial":true,"path_per_floor":["M","M","?","$","$","E","E","M","T","E","$","?","E","M","R","B",null,"M","?","?","$","?","E","E","E","T","R","E","R","M","?","R"],"character_chosen":"THE_SILENT","items_purchased":["DollysMirror","Bag of Preparation","Tough Bandages"],"campfire_rested":0,"item_purchase_floors":[4,5,21],"current_hp_per_floor":[70,70,70,70,70,70,70,70,70,70,70,70,70,70,70,70,70,70,70,70,370,370,370,372,374,374,374,376,376,378,378,378,378],"gold":228,"neow_bonus":"","is_daily":false,"chose_seed":false,"campfire_upgraded":4,"win_rate":0.0,"timestamp":1609942907,"path_taken":["M","?","?","$","$","E","E","?","T","E","$","?","E","?","R","BOSS","M","?","?","$","?","E","E","E","T","R","E","R","?","?","R"],"items_purchased_type":["Relic","Relic","Relic"],"build_version":"2020-12-22","purchased_purges":3,"victory":false,"max_hp_per_floor":[70,70,70,70,70,70,70,70,70,70,70,70,70,70,70,70,70,70,70,70,370,370,370,372,374,374,374,376,376,378,378,378,378],"card_choices":[{"not_picked":["Flying Knee","Choke"],"picked":"Underhanded Strike","floor":0},{"not_picked":["Hidden Blade","Quick Slash"],"picked":"Calculated Gamble","floor":0},{"not_picked":["Dodge and Roll","Quick Slash"],"picked":"Acrobatics","floor":0},{"not_picked":["PiercingWail","Slice"],"picked":"Underhanded Strike","floor":0},{"not_picked":["Flying Knee","Hidden Blade"],"picked":"PiercingWail","floor":0},{"not_picked":["Dagger Throw","Terror"],"picked":"Acrobatics","floor":0},{"not_picked":["Dagger Spray","All Out Attack"],"picked":"Tactician","floor":0},{"not_picked":["Deadly Poison","Fluid Movement"],"picked":"Acrobatics","floor":0},{"not_picked":["Quick Slash","Heel Hook"],"picked":"Reflex","floor":0},{"not_picked":["Poisoned Stab","Masterful Stab"],"picked":"Riddle With Holes","floor":0},{"not_picked":["Poisoned Stab","All Out Attack"],"picked":"Blur","floor":0},{"not_picked":["Caltrops","Deflect"],"picked":"ReplayTheSpireMod:The Works","floor":0},{"not_picked":["Slice","Blade Dance"],"picked":"PiercingWail","floor":0},{"not_picked":["Blade Dance","Outmaneuver"],"picked":"Dagger Spray","floor":0},{"not_picked":["Infinite Blades","Distraction"],"picked":"Fluid Movement","floor":0},{"not_picked":["Hidden Blade","Dagger Throw","Dodge and Roll"],"picked":"SKIP","floor":1},{"not_picked":["Quick Slash","Backflip","Deflect"],"picked":"SKIP","floor":2},{"not_picked":["Crippling Poison","Flechettes","Flying Knee"],"picked":"SKIP","floor":6},{"not_picked":["Replay:Poison Smokescreen","Setup","Cloak And Dagger"],"picked":"SKIP","floor":7},{"not_picked":["Deflect","Corpse Explosion","Bane"],"picked":"SKIP","floor":8},{"not_picked":["Quick Slash","Dagger Throw","Sucker Punch"],"picked":"SKIP","floor":10},{"not_picked":["Fluid Movement","Well Laid Plans","Setup"],"picked":"SKIP","floor":13},{"not_picked":["Concentrate","Backflip","Quick Slash"],"picked":"SKIP","floor":14},{"not_picked":["Prepared","PiercingWail+1","Poisoned Stab"],"picked":"SKIP","floor":18},{"not_picked":["Dodge and Roll","A Thousand Cuts+1","Bane"],"picked":"SKIP","floor":23},{"not_picked":["Catalyst+1","Draining Mist+1","PiercingWail"],"picked":"Singing Bowl","floor":24},{"not_picked":["Flying Knee","Infinite Blades+1","Distraction+1"],"picked":"Singing Bowl","floor":25},{"not_picked":["Hidden Blade","Doppelganger+1","Burst+1"],"picked":"Singing Bowl","floor":28},{"not_picked":["Riddle With Holes+1","Poisoned Stab","Dagger Spray"],"picked":"Singing Bowl","floor":30}],"player_experience":405889,"relics_obtained":[{"floor":6,"key":"Divine Protection"},{"floor":7,"key":"Regal Pillow"},{"floor":10,"key":"Replay:Arrowhead"},{"floor":13,"key":"Unceasing Top"},{"floor":23,"key":"HornCleat"},{"floor":24,"key":"Singing Bowl"},{"floor":25,"key":"TungstenRod"},{"floor":26,"key":"Ornamental Fan"},{"floor":28,"key":"Pantograph"}],"event_choices":[{"damage_healed":0,"gold_gain":0,"player_choice":"Got Potions","damage_taken":0,"max_hp_gain":0,"max_hp_loss":0,"event_name":"Lab","floor":3,"gold_loss":0},{"cards_removed":["Tactician"],"damage_healed":0,"gold_gain":0,"player_choice":"Offered Uncommon","damage_taken":0,"max_hp_gain":0,"max_hp_loss":0,"event_name":"Bonfire Elementals","floor":12,"gold_loss":0},{"damage_healed":0,"gold_gain":0,"cards_transformed":["Blur"],"player_choice":"Transformed","damage_taken":0,"max_hp_gain":0,"max_hp_loss":0,"event_name":"Transmorgrifier","floor":22,"gold_loss":0,"cards_obtained":["Reflex"]},{"cards_removed":["PiercingWail"],"damage_healed":0,"gold_gain":0,"player_choice":"Gave Card","damage_taken":0,"relics_obtained":["Mirror"],"max_hp_gain":0,"max_hp_loss":0,"event_name":"WeMeetAgain","floor":31,"gold_loss":0},{"damage_healed":0,"gold_gain":0,"player_choice":"Bought 0 Potions","damage_taken":0,"max_hp_gain":0,"max_hp_loss":0,"event_name":"The Woman in Blue","floor":32,"gold_loss":0}],"is_beta":false,"boss_relics":[{"not_picked":["Replay:Bronze Core","Kintsugi","ReplayTheSpireMod:DimensionalGlitch"]}],"items_purged_floors":[4,11,21],"is_endless":true,"potions_floor_spawned":[2,8,14,16,18,28],"ascension_level":0}}