{"host":"vumwfieg2b2mnrfl","time":1609963971,"event":{"mods":["AchievementEnabler","BaseMod","Minty Spire (QoL Compilation)","Rare Cards Sparkle","Relic Stats"],"gold_per_floor":[113,130,130,142,142,142,170,170,170,187,187,202,244,269,269,349,421,444,444,462,265,284,284,310,310,310],"floor_reached":25,"playtime":888,"items_purged":[],"score":373,"play_id":"ca3154ed-16c0-41eb-b323-69d7530958cd","local_time":"20210106141251","is_ascension_mode":true,"campfire_choices":[{"data":"Berserk","floor":6.0,"key":"SMITH"},{"data":"Bash","floor":11.0,"key":"SMITH"},{"floor":15.0,"key":"REST"},{"floor":23,"key":"REST"}],"circlet_count":0,"master_deck":["AscendersBane","Bash+1","Berserk+1","Disarm","Wild Strike","Headbutt","Sever Soul","Pain","Demon Form","Warcry","Ghostly Armor","Barricade","Rampage","Twin Strike","Ghostly Armor","Iron Wave","Fiend Fire","Body Slam","Armaments","Armaments","Battle Trance","Reaper","Offering","Headbutt+1","Metallicize"],"relics":["Burning Blood","Blue Candle","Blood Vial","WarpedTongs","Paper Frog","CeramicFish","Pandora\u0027s Box","Gambling Chip","Orrery"],"acts_visited":["Exordium","TheCity"],"potions_floor_usage":[18],"damage_taken":[{"damage":7.0,"enemies":"Small Slimes","floor":1.0,"turns":5.0},{"damage":5.0,"enemies":"2 Louse","floor":2.0,"turns":4.0},{"damage":9.0,"enemies":"Cultist","floor":4.0,"turns":5.0},{"damage":25.0,"enemies":"Lagavulin","floor":7.0,"turns":8.0},{"damage":1.0,"enemies":"Red Slaver","floor":10.0,"turns":5.0},{"damage":6.0,"enemies":"2 Fungi Beasts","floor":12.0,"turns":3.0},{"damage":41.0,"enemies":"3 Sentries","floor":13.0,"turns":8.0},{"damage":5.0,"enemies":"3 Louse","floor":14.0,"turns":3.0},{"damage":29,"enemies":"Slime Boss","floor":16,"turns":9},{"damage":41,"enemies":"Shell Parasite","floor":18,"turns":5},{"damage":28,"enemies":"Spheric Guardian","floor":22,"turns":4},{"damage":39,"enemies":"Shelled Parasite and Fungi","floor":24,"turns":10},{"damage":23,"enemies":"Book of Stabbing","floor":25,"turns":5}],"seed_played":"7106027558330672161","potions_obtained":[{"floor":1.0,"key":"DuplicationPotion"},{"floor":10.0,"key":"SpeedPotion"},{"floor":16,"key":"BloodPotion"},{"floor":24,"key":"Fire Potion"}],"is_trial":false,"path_per_floor":["M","M","?","M","?","R","E","?","T","M","R","M","E","M","R","B",null,"M","T","?","$","M","R","M","E"],"character_chosen":"IRONCLAD","items_purchased":["Reaper","Orrery"],"campfire_rested":2,"item_purchase_floors":[21,21],"current_hp_per_floor":[67,68,68,65,60,60,41,41,41,48,48,50,17,20,42,21,62,44,44,44,44,24,46,21,0,0],"gold":310,"neow_bonus":"ONE_RANDOM_RARE_CARD","is_daily":false,"chose_seed":false,"campfire_upgraded":2,"win_rate":0.0,"timestamp":1609963971,"path_taken":["M","M","?","M","?","R","E","?","T","M","R","?","E","M","R","BOSS","M","?","?","$","M","R","M","E"],"items_purchased_type":["Card","Relic"],"build_version":"2020-12-22","purchased_purges":0,"victory":false,"max_hp_per_floor":[75,75,75,75,75,75,75,75,75,75,75,75,75,75,75,75,75,75,75,75,75,75,75,75,75,75],"relic_stats":{"Blood Vial":18,"counters":[13,74],"Blue Candle":[6],"CeramicFish":162,"Gambling Chip":[10],"Pandora\u0027s Box":["Rampage","Twin Strike","Fire Breathing","Ghostly Armor","Burning Pact","Iron Wave","Fiend Fire","Body Slam"],"obtain_stats":[{"Blood Vial":7,"Blue Candle":5,"CeramicFish":13,"Gambling Chip":19,"Orrery":21,"Pandora\u0027s Box":17,"Burning Blood":0,"WarpedTongs":8,"Paper Frog":9},{"Blood Vial":4,"Blue Candle":3,"CeramicFish":7,"Gambling Chip":10,"Orrery":10,"Pandora\u0027s Box":9,"Burning Blood":0,"WarpedTongs":4,"Paper Frog":4},{"Blood Vial":22,"Blue Candle":14,"CeramicFish":38,"Gambling Chip":55,"Orrery":55,"Pandora\u0027s Box":50,"Burning Blood":0,"WarpedTongs":22,"Paper Frog":22}],"Burning Blood":72,"WarpedTongs":[51]},"card_choices":[{"not_picked":["Evolve","Warcry","Flex"],"picked":"SKIP","floor":1.0},{"not_picked":["Perfected Strike","Thunderclap"],"picked":"Disarm","floor":2.0},{"not_picked":["Havoc","Warcry"],"picked":"Headbutt","floor":4.0},{"not_picked":["Pommel Strike","Sword Boomerang"],"picked":"Sever Soul","floor":7.0},{"not_picked":["Havoc","Wild Strike","Power Through"],"picked":"SKIP","floor":10.0},{"not_picked":["Armaments","Perfected Strike"],"picked":"Demon Form","floor":12.0},{"not_picked":["Sword Boomerang","Blood for Blood"],"picked":"Warcry","floor":13.0},{"not_picked":["Reckless Charge","Hemokinesis"],"picked":"Ghostly Armor","floor":14.0},{"not_picked":["Double Tap","Reaper"],"picked":"Barricade","floor":16},{"not_picked":["Intimidate","Perfected Strike+1"],"picked":"Armaments","floor":18},{"not_picked":["Body Slam+1","Pummel"],"picked":"Offering","floor":21},{"not_picked":["Flex","Evolve"],"picked":"Headbutt+1","floor":21},{"not_picked":["Flex","Warcry","True Grit"],"picked":"SKIP","floor":22},{"not_picked":["Clash+1","Armaments"],"picked":"Metallicize","floor":24}],"player_experience":380407,"relics_obtained":[{"floor":7.0,"key":"Blood Vial"},{"floor":9.0,"key":"Paper Frog"},{"floor":13.0,"key":"CeramicFish"},{"floor":19,"key":"Gambling Chip"}],"event_choices":[{"damage_healed":0.0,"max_hp_gain":0.0,"max_hp_loss":0.0,"gold_gain":0.0,"cards_transformed":["Strike_R"],"event_name":"Living Wall","player_choice":"Change","floor":3.0,"gold_loss":0.0,"damage_taken":0.0,"cards_obtained":["Wild Strike"]},{"damage_healed":0.0,"max_hp_gain":0.0,"max_hp_loss":0.0,"gold_gain":0.0,"event_name":"Scrap Ooze","player_choice":"Success","floor":5.0,"gold_loss":0.0,"damage_taken":5.0,"relics_obtained":["Blue Candle"]},{"damage_healed":0.0,"max_hp_gain":0.0,"max_hp_loss":0.0,"gold_gain":0.0,"event_name":"Accursed Blacksmith","player_choice":"Rummage","floor":8.0,"gold_loss":0.0,"damage_taken":0.0,"relics_obtained":["WarpedTongs"],"cards_obtained":["Pain"]},{"damage_healed":0,"gold_gain":0,"cards_transformed":["Fire Breathing","Burning Pact"],"player_choice":"Became Test Subject","damage_taken":0,"max_hp_gain":0,"max_hp_loss":0,"event_name":"Drug Dealer","floor":20,"gold_loss":0,"cards_obtained":["Armaments","Battle Trance"]}],"is_beta":false,"boss_relics":[{"not_picked":["Runic Cube","Calling Bell"],"picked":"Pandora\u0027s Box"}],"items_purged_floors":[],"is_endless":false,"potions_floor_spawned":[1,10,16,24],"killed_by":"Book of Stabbing","ascension_level":15}}