{"host":"2n2g1vowfllvjtvi","time":1609956837,"event":{"mods":["AchievementEnabler","BaseMod","Custom Start","GifTheSpireLib","Keyboard Shortcuts","Minty Spire (QoL Compilation)","Quick Restart","Rare Cards Sparkle","StSLib","SuperFastMode"],"gold_per_floor":[119,44,44,64,64,89,89,89,89],"floor_reached":8,"playtime":116,"items_purged":[],"score":138,"play_id":"611b4851-2971-49ce-b9d1-e4e24dc9471f","local_time":"20210107031357","is_ascension_mode":true,"campfire_choices":[{"data":"Go for the Eyes","floor":7,"key":"SMITH"}],"circlet_count":0,"master_deck":["AscendersBane","Strike_B","Strike_B","Strike_B","Strike_B","Defend_B","Defend_B","Defend_B","Zap+1","Dualcast","Go for the Eyes+1","BootSequence"],"relics":["Cracked Core","NeowsBlessing","MealTicket"],"acts_visited":["Exordium"],"potions_floor_usage":[8],"damage_taken":[{"damage":0,"enemies":"Jaw Worm","floor":1,"turns":1},{"damage":0,"enemies":"Small Slimes","floor":4,"turns":1},{"damage":0,"enemies":"Gremlin Nob","floor":6,"turns":1},{"damage":67,"enemies":"3 Sentries","floor":8,"turns":8}],"seed_played":"-4423466125116702222","potions_obtained":[{"floor":4,"key":"SneckoOil"}],"is_trial":false,"path_per_floor":["M","?","?","M","$","E","R","E"],"character_chosen":"DEFECT","items_purchased":[],"campfire_rested":0,"item_purchase_floors":[],"current_hp_per_floor":[64,64,64,64,64,64,64,0,0],"gold":89,"neow_bonus":"THREE_ENEMY_KILL","is_daily":false,"chose_seed":false,"campfire_upgraded":1,"win_rate":0.0,"timestamp":1609956837,"path_taken":["M","?","?","M","$","E","R","E"],"items_purchased_type":[],"build_version":"2020-12-22","purchased_purges":0,"victory":false,"max_hp_per_floor":[71,71,71,71,71,71,71,71,71],"card_choices":[{"not_picked":["Hologram","Stack","Turbo"],"picked":"SKIP","floor":1},{"not_picked":["Leap","Conserve Battery"],"picked":"Go for the Eyes","floor":4},{"not_picked":["Go for the Eyes","Coolheaded"],"picked":"BootSequence","floor":6}],"player_experience":424104,"relics_obtained":[{"floor":6,"key":"MealTicket"}],"event_choices":[{"cards_removed":["Defend_B"],"damage_healed":0,"gold_gain":0,"player_choice":"Card Removal","damage_taken":0,"max_hp_gain":0,"max_hp_loss":0,"event_name":"The Cleric","floor":2,"gold_loss":75},{"damage_healed":0,"gold_gain":0,"player_choice":"Upgraded","damage_taken":0,"max_hp_gain":0,"max_hp_loss":0,"event_name":"Upgrade Shrine","floor":3,"gold_loss":0,"cards_upgraded":["Zap"]}],"is_beta":false,"boss_relics":[],"items_purged_floors":[],"is_endless":false,"potions_floor_spawned":[4],"killed_by":"3 Sentries","ascension_level":15}}