{"host":"7qmclr78zvlntuh5","time":1609977483,"event":{"mods":["BaseMod","Downfall","Minty Spire (QoL Compilation)","StSLib"],"gold_per_floor":[99,115,215,231,250,250,250,319,319,17,34,53,88,106,123,123,123],"floor_reached":16,"playtime":986,"items_purged":[],"score":109,"play_id":"8b358fcf-8839-45ba-b125-51263905a4e6","local_time":"20210106185803","is_ascension_mode":true,"campfire_choices":[{"data":"bronze:Replicate","floor":1,"key":"SMITH"},{"data":"bronze:DazingPulse","floor":9,"key":"SMITH"}],"circlet_count":0,"master_deck":["bronze:Strike","bronze:Strike","bronze:Strike","bronze:Strike","bronze:Defend","bronze:Defend","bronze:Defend","bronze:Defend","bronze:Replicate+1","bronze:Goto","bronze:WildBeam","bronze:Overload","bronze:DazingPulse+1","bronze:Explode","bronze:BugBarrage","bronze:CloningBeam","bronze:AlphaBuild","bronze:Optimize","bronze:Virus","bronze:Return","bronze:BuggyMess"],"relics":["bronze:BronzeCore","Tiny Chest","Shuriken","PreservedInsect","Peace Pipe"],"acts_visited":["Exordium"],"potions_floor_usage":[16,16,16],"damage_taken":[{"damage":2,"enemies":"2 Louse","floor":2,"turns":3},{"damage":0,"enemies":"Cultist","floor":4,"turns":2},{"damage":0,"enemies":"Small Slimes","floor":5,"turns":3},{"damage":9,"enemies":"Small Slimes","floor":6,"turns":4},{"damage":0,"enemies":"downfall:FleeingMerchant","floor":10,"turns":4},{"damage":0,"enemies":"2 Fungi Beasts","floor":11,"turns":2},{"damage":0,"enemies":"Red Slaver","floor":12,"turns":2},{"damage":16,"enemies":"Gremlin Nob","floor":13,"turns":3},{"damage":0,"enemies":"Exordium Wildlife","floor":14,"turns":2},{"damage":5,"enemies":"Lots of Slimes","floor":15,"turns":2},{"damage":39,"enemies":"downfall:Defect","floor":16,"turns":4}],"seed_played":"2482550845043894465","potions_obtained":[{"floor":4,"key":"PowerPotion"},{"floor":11,"key":"Weak Potion"},{"floor":12,"key":"LiquidMemories"},{"floor":14,"key":"bronze:BurnAndBuffPotion"}],"is_trial":false,"path_per_floor":["R","M","?","M","M","?","T","T","R","$","M","M","E","M","M","B"],"character_chosen":"THE_AUTOMATON","items_purchased":["bronze:AlphaBuild","PreservedInsect"],"campfire_rested":0,"item_purchase_floors":[10,10],"current_hp_per_floor":[70,68,68,68,68,59,59,59,59,59,59,59,43,43,38,0,0],"gold":123,"neow_bonus":"RANDOM_COMMON_RELIC","is_daily":false,"chose_seed":false,"campfire_upgraded":2,"win_rate":0.0,"timestamp":1609977483,"path_taken":["R","M","?","M","?","?","T","?","R","$","M","M","E","M","M","BOSS"],"items_purchased_type":["Card","Relic"],"build_version":"2020-12-22","purchased_purges":0,"victory":false,"max_hp_per_floor":[70,70,70,70,70,70,70,70,70,70,70,70,70,70,70,70,70],"card_choices":[{"not_picked":["bronze:Frontload","bronze:WhirlingStrike"],"picked":"bronze:WildBeam","floor":2},{"not_picked":["bronze:WildBeam","bronze:Overheat"],"picked":"bronze:Overload","floor":4},{"not_picked":["bronze:FineTuning","bronze:Deprecate","bronze:Turbo"],"picked":"SKIP","floor":5},{"not_picked":[],"picked":"bronze:DazingPulse","floor":6},{"not_picked":[],"picked":"bronze:Explode","floor":6},{"not_picked":["bronze:Shield","bronze:Flail"],"picked":"bronze:BugBarrage","floor":6},{"not_picked":["bronze:FollowUp","bronze:OilSpill"],"picked":"bronze:CloningBeam","floor":10},{"not_picked":["bronze:CloningBeam","bronze:BronzeOrb"],"picked":"bronze:Optimize","floor":11},{"not_picked":["bronze:Turbo","bronze:Constructor"],"picked":"bronze:Virus","floor":12},{"not_picked":["bronze:NullPointer","bronze:DelayedSlice"],"picked":"bronze:Return","floor":13},{"not_picked":["bronze:Iterate","bronze:DigitalCarnage"],"picked":"bronze:BuggyMess","floor":14},{"not_picked":["bronze:BitShift","bronze:Return","bronze:Boost"],"picked":"SKIP","floor":15}],"player_experience":220821,"relics_obtained":[{"floor":7,"key":"Shuriken"},{"floor":13,"key":"Peace Pipe"}],"event_choices":[],"is_beta":false,"boss_relics":[],"items_purged_floors":[],"is_endless":false,"potions_floor_spawned":[4,11,12,14,15],"killed_by":"downfall:Defect","ascension_level":1}}