{"host":"y36bp6mnm73x3iob","time":1609937824,"event":{"mods":["2.2 Compatiblity","Aspiration","BaseMod","Downfall","GifTheSpireLib","Hermit","Hubris","Marisa????????","Minty Spire (QoL Compilation)","Replay The Spire","Retaliation","StSLib","Stuff the Spire","The Disciple","The Servant 0.9.4"],"gold_per_floor":[116,96,116,90,90,90,425,425,425,458,96,107,210,221,221,221,221],"floor_reached":16,"playtime":1443,"items_purged":[],"score":140,"play_id":"8fbaea4c-d9a0-4061-bccf-5770b665ec6e","local_time":"20210106145704","is_ascension_mode":true,"campfire_choices":[{"data":"StuffTheSpire:BrimstoneBlast","floor":6,"key":"SMITH"},{"data":"Zap","floor":8,"key":"SMITH"}],"circlet_count":0,"master_deck":["Strike_B","Defend_B","Defend_B","Defend_B","Defend_B","Zap+1","Dualcast","StuffTheSpire:LoadUp","Undo","Barrage","Slice","StuffTheSpire:BrimstoneBlast+1","Heel Hook","Cold Snap","Coolheaded","Defragment","expansioncontent:Sear","Barrage","expansioncontent:DashGenerateEvil","Finesse","DDmod:PotionAddictCard","Skim","ReplayTheSpireMod:IOU","ReplayTheSpireMod:IOU","ReplayTheSpireMod:IOU","Dark Shackles","Melter","Ball Lightning","Turbo","StuffTheSpire:NuclearReactor","Static Discharge","Static Discharge+1","StuffTheSpire:Snapshot"],"relics":["Cracked Core","NeowsBlessing","Old Coin","hubris:TinFlute","hubris:ToyBattleship","Replay:Wax Seal","ReplayTheSpireMod:ShopPack","BargainBundle"],"acts_visited":["Exordium"],"potions_floor_usage":[10,14,14,16,16],"damage_taken":[{"damage":0,"enemies":"Small Slimes","floor":1,"turns":1},{"damage":0,"enemies":"Cultist","floor":3,"turns":1},{"damage":0,"enemies":"3 Sentries","floor":7,"turns":1},{"damage":14,"enemies":"Gremlin Nob","floor":10,"turns":2},{"damage":0,"enemies":"Jaw Worm","floor":12,"turns":3},{"damage":16,"enemies":"Exordium Wildlife","floor":14,"turns":2},{"damage":68,"enemies":"Fading Forest","floor":16,"turns":8}],"seed_played":"2534158328915900970","potions_obtained":[{"floor":2,"key":"EssenceOfDarkness"},{"floor":7,"key":"Death Potion"},{"floor":10,"key":"ColorlessPotion"},{"floor":12,"key":"FocusPotion"}],"is_trial":false,"path_per_floor":["M","?","M","$","?","R","E","R","T","E","$","M","$","M","R","B"],"character_chosen":"DEFECT","items_purchased":["Barrage","Replay:Wax Seal","Defragment","ReplayTheSpireMod:ShopPack","expansioncontent:Sear","Barrage","BargainBundle","Dark Shackles","Melter","Ball Lightning","Turbo","StuffTheSpire:NuclearReactor","Static Discharge"],"campfire_rested":0,"item_purchase_floors":[4,11,11,11,11,11,13,13,13,13,13,13,13],"current_hp_per_floor":[75,75,75,75,75,75,75,75,75,61,61,61,61,45,67,0,0],"gold":221,"neow_bonus":"THREE_ENEMY_KILL","is_daily":false,"chose_seed":false,"campfire_upgraded":2,"win_rate":0.0,"timestamp":1609937824,"path_taken":["M","?","?","$","?","R","E","R","T","E","$","M","?","M","R","BOSS"],"items_purchased_type":["Card","Relic","Card","Relic","Card","Card","Relic","Card","Card","Card","Card","Card","Card"],"build_version":"2020-12-22","purchased_purges":0,"victory":false,"max_hp_per_floor":[75,75,75,75,75,75,75,75,75,75,75,75,75,75,75,75,75],"card_choices":[{"not_picked":["Leap","Stack"],"picked":"StuffTheSpire:LoadUp","floor":1},{"not_picked":["Time Bomb","Cold Snap"],"picked":"Undo","floor":3},{"not_picked":["Gash","Hello World"],"picked":"Cold Snap","floor":7},{"not_picked":["Streamline","Go for the Eyes"],"picked":"Coolheaded","floor":10},{"not_picked":["HandOfGreed","expansioncontent:QuickStudy"],"picked":"expansioncontent:DashGenerateEvil","floor":11},{"not_picked":["expansioncontent:SlimeTackle","Replay:Sssssssssshield"],"picked":"Finesse","floor":11},{"not_picked":["Dramatic Entrance","expansioncontent:Torchfire"],"picked":"DDmod:PotionAddictCard","floor":11},{"not_picked":["Rip and Tear","Sweeping Beam"],"picked":"Skim","floor":12},{"not_picked":["Coolheaded","Hologram"],"picked":"StuffTheSpire:SnapShoot","floor":14}],"player_experience":398341,"relics_obtained":[{"floor":7,"key":"Old Coin"},{"floor":9,"key":"hubris:TinFlute"},{"floor":10,"key":"hubris:ToyBattleship"}],"event_choices":[{"damage_healed":0,"gold_gain":0,"player_choice":"Bought 1 Potion","damage_taken":0,"max_hp_gain":0,"max_hp_loss":0,"event_name":"The Woman in Blue","floor":2,"gold_loss":0}],"is_beta":false,"boss_relics":[],"items_purged_floors":[],"is_endless":false,"potions_floor_spawned":[7,10,12],"killed_by":"Fading Forest","ascension_level":1}}