{"host":"bf9sa99gaumonoeu","time":1609892280,"event":{"mods":["AchievementEnabler","Act Like it!","BaseMod","Better Sensory Stone","Colored Map","Colored Powertips","Downfall","Duelist Mod","Friendly Minions","Gensokyo","GifTheSpireLib","Hallownest","Hermit","Hubris","Jorbs\u0027s Wanderer Trilogy","KinomotoSakuraMod(????)","Koishi","Lobotomy","Marisa????????","Minty Spire (QoL Compilation)","Rare Cards Sparkle","Reimu??????","Remilia??????","Replay The Spire","Shop Mod","StSLib","The Administrix","The Animator","The Blue Laboratory","The Bug Knight","The Construct","The Cursed","The Disciple","The Hierophant","The Mystic","The Necromancer","The Poker Player","The Runesmith","The Senshi","The Servant 0.9.4"],"gold_per_floor":[118,130,145,163,174,174,209,209,209,30,30,44,73,91,91,187,187,204,104,104,117,132,132,163,163,163,178,197,216,250,250,250,347,347,365,375,375,394,394,420,420,420,420,420,454,41,53,68,68,68],"floor_reached":51,"playtime":5488,"items_purged":["Strike_MRS","Strike_MRS","Decay"],"score":958,"play_id":"6951faf4-8bbf-455a-bd68-50ef9ee7f20c","local_time":"20210105221800","is_ascension_mode":true,"campfire_choices":[{"data":"NonDirectionalLaser","floor":6,"key":"SMITH"},{"data":"UpSweep","floor":8,"key":"SMITH"},{"data":"UnstableBomb","floor":11,"key":"SMITH"},{"floor":15,"key":"REST"},{"data":"SuperNova","floor":23,"key":"SMITH"},{"floor":32,"key":"REST"},{"floor":42,"key":"RECALL"},{"floor":44,"key":"REST"},{"data":"Acceleration","floor":49,"key":"SMITH"}],"circlet_count":0,"master_deck":["Strike_MRS+1","Defend_MRS+1","Defend_MRS+1","Defend_MRS+1","Defend_MRS+1","MasterSpark+1","UpSweep+1","UnstableBomb+1","LuminesStrike+1","GasGiant+1","MilkyWay+1","WitchLeyline+1","NonDirectionalLaser+1","ShootingEcho+1","Singularity+1","MilkyWay+1","AsteroidBelt+1","Orbital+1","GasGiant+1","SuperNova+1","GasGiant+1","6A+1","MagicAbsorber+1","Orbital+1","UnstableBomb+1","Acceleration+1","BinaryStars+1","FinalSpark+1","UnstableBomb+1","Orbital+1","BinaryStars+1","MachineGunSpark+1","Acceleration+1"],"relics":["MiniHakkero","Whetstone","hubris:BundleOfHerbs","Replay:Bottled Snecko","Snecko Eye","HornCleat","Lizard Tail","Painkiller Herb","hubris:ToyBattleship","Mark of the Bloom","Tea:ReiMu","War Paint","hubris:GlazedTorus"],"acts_visited":["Gensokyo:Gensokyo","TheCity","TheBeyond"],"potions_floor_usage":[13,22,24,30,45,48],"damage_taken":[{"damage":12,"enemies":"Gensokyo:Gryphon","floor":1,"turns":3},{"damage":6,"enemies":"Gensokyo:3_Fairies","floor":2,"turns":3},{"damage":7,"enemies":"Gensokyo:Python","floor":3,"turns":3},{"damage":1,"enemies":"Gensokyo:Kitsune","floor":4,"turns":3},{"damage":0,"enemies":"Gensokyo:LivingMonolith","floor":5,"turns":3},{"damage":4,"enemies":"Gensokyo:Aya","floor":7,"turns":4},{"damage":0,"enemies":"Gensokyo:3_Kodama","floor":12,"turns":2},{"damage":12,"enemies":"Gensokyo:Cirno","floor":13,"turns":5},{"damage":5,"enemies":"Gensokyo:CorruptedTreant","floor":14,"turns":3},{"damage":3,"enemies":"Gensokyo:Kokoro","floor":16,"turns":10},{"damage":0,"enemies":"Chosen","floor":18,"turns":4},{"damage":2,"enemies":"Shell Parasite","floor":21,"turns":4},{"damage":14,"enemies":"Snake Plant","floor":22,"turns":4},{"damage":7,"enemies":"Replay:Snechameleon","floor":24,"turns":5},{"damage":0,"enemies":"Chosen and Byrds","floor":27,"turns":3},{"damage":0,"enemies":"Shelled Parasite and Fungi","floor":28,"turns":6},{"damage":24,"enemies":"3 Cultists","floor":29,"turns":6},{"damage":9,"enemies":"Book of Stabbing","floor":30,"turns":4},{"damage":0,"enemies":"Pondfish","floor":33,"turns":7},{"damage":0,"enemies":"3 Darklings","floor":35,"turns":6},{"damage":0,"enemies":"3 Shapes","floor":36,"turns":6},{"damage":8,"enemies":"Maw","floor":38,"turns":6},{"damage":0,"enemies":"Giant Head","floor":40,"turns":6},{"damage":0,"enemies":"Nemesis","floor":45,"turns":5},{"damage":0,"enemies":"Spire Growth","floor":47,"turns":3},{"damage":3,"enemies":"Transient","floor":48,"turns":5},{"damage":34,"enemies":"Time Eater","floor":50,"turns":7}],"seed_played":"6556640869989308690","potions_obtained":[{"floor":2,"key":"Block Potion"},{"floor":3,"key":"LiquidMemories"},{"floor":4,"key":"SpeedPotion"},{"floor":21,"key":"blueLaboratory:FruitPunch"},{"floor":22,"key":"blueLaboratory:ArtificerPotion"},{"floor":30,"key":"SkillPotion"},{"floor":35,"key":"SpeedPotion"},{"floor":45,"key":"LiquidBronze"},{"floor":48,"key":"blueLaboratory:HorrorPotion"}],"is_trial":false,"path_per_floor":["M","M","M","M","M","R","E","R","T","$","R","M","?","M","R","B",null,"M","$","?","M","M","R","E","?","T","M","M","M","E","$","R","B",null,"?","?","?","?","?","E","?","T","T","T","E","T","?","?","T","B",null],"character_chosen":"MARISA","items_purchased":["Singularity","MilkyWay+1","hubris:GlazedTorus"],"campfire_rested":3,"item_purchase_floors":[10,10,46],"current_hp_per_floor":[63,57,50,49,49,49,45,45,45,45,45,45,33,28,50,47,75,75,75,61,59,47,47,58,58,58,61,61,37,28,28,52,52,82,82,82,82,74,74,74,74,74,74,74,74,74,74,71,71,37],"gold":68,"neow_bonus":"TRANSFORM_CARD","is_daily":false,"chose_seed":false,"campfire_upgraded":5,"win_rate":0.0,"timestamp":1609892280,"path_taken":["M","M","M","M","M","R","E","R","T","$","R","M","?","M","R","BOSS","M","$","?","M","M","R","E","?","T","M","M","?","E","?","R","BOSS","?","?","?","?","?","E","?","T","T","T","E","T","?","?","T","BOSS"],"items_purchased_type":["Card","Card","Relic"],"build_version":"2020-12-22","purchased_purges":3,"victory":true,"max_hp_per_floor":[75,75,75,75,75,75,75,75,75,75,75,75,75,75,75,75,75,75,75,80,80,82,82,82,82,82,82,82,82,82,82,82,82,82,82,82,82,82,78,78,78,78,78,78,78,78,78,78,78,78],"card_choices":[{"not_picked":["DarkSpark","PowerUp"],"picked":"LuminesStrike","floor":1},{"not_picked":["DragonMeteor","ShootingEcho"],"picked":"GasGiant","floor":2},{"not_picked":["DoubleSpark","UnstableBomb"],"picked":"MilkyWay","floor":3},{"not_picked":["WitchOfGreed","Acceleration"],"picked":"WitchLeyline","floor":4},{"not_picked":["EscapeVelocity","Occultation"],"picked":"NonDirectionalLaser","floor":5},{"not_picked":["DC","NonDirectionalLaser"],"picked":"ShootingEcho","floor":7},{"not_picked":["DoubleSpark","WitchLeyline"],"picked":"AsteroidBelt","floor":12},{"not_picked":["MysteriousBeam","IllusionStar"],"picked":"Orbital","floor":13},{"not_picked":["WitchOfGreed","EnergyRecoil"],"picked":"GasGiant","floor":14},{"not_picked":["FinalSpark","CollectingQuirk"],"picked":"SuperNova","floor":16},{"not_picked":["ShootingEcho","DC"],"picked":"GasGiant","floor":18},{"not_picked":["DeepEcoloBomb","6A+1","ShootingEcho"],"picked":"SKIP","floor":21},{"not_picked":["DeepEcoloBomb","ShootingEcho"],"picked":"6A+1","floor":21},{"not_picked":["DoubleSpark","6A"],"picked":"MagicAbsorber","floor":22},{"not_picked":["MagicChant","Singularity"],"picked":"Orbital","floor":24},{"not_picked":["ShootingEcho","ChargeUpSpray+1"],"picked":"UnstableBomb","floor":27},{"not_picked":["PowerUp","SporeBomb"],"picked":"Acceleration","floor":28},{"not_picked":["Robbery","NonDirectionalLaser","SprinkleStarSeal"],"picked":"SKIP","floor":29},{"not_picked":["Robbery","NonDirectionalLaser","SprinkleStarSeal"],"picked":"SKIP","floor":29},{"not_picked":["StarBarrage","MysteriousBeam+1"],"picked":"BinaryStars","floor":30},{"not_picked":["CollectingQuirk","MillisecondPulsars"],"picked":"FinalSpark","floor":33},{"not_picked":["ShootingEcho","AsteroidBelt+1"],"picked":"UnstableBomb","floor":35},{"not_picked":["Acceleration+1","GrandCross+1","NonDirectionalLaser+1"],"picked":"SKIP","floor":36},{"not_picked":["BinaryStars","UnstableBomb+1"],"picked":"Orbital","floor":38},{"not_picked":["OpenUniverse+1","DeepEcoloBomb"],"picked":"BinaryStars","floor":40},{"not_picked":["AsteroidBelt","ShootingEcho+1","SporeBomb"],"picked":"SKIP","floor":45},{"not_picked":["ChargingUp","GrandCross+1"],"picked":"MachineGunSpark+1","floor":47},{"not_picked":["ChargingUp","OrrerysSun"],"picked":"Acceleration","floor":48}],"player_experience":790001,"relics_obtained":[{"floor":7,"key":"Whetstone"},{"floor":9,"key":"hubris:BundleOfHerbs"},{"floor":13,"key":"Replay:Bottled Snecko"},{"floor":24,"key":"HornCleat"},{"floor":30,"key":"Lizard Tail"},{"floor":40,"key":"hubris:ToyBattleship"},{"floor":43,"key":"Tea:ReiMu"},{"floor":45,"key":"War Paint"}],"event_choices":[{"damage_healed":0,"gold_gain":0,"player_choice":"Shed Blood","damage_taken":19,"max_hp_gain":5,"max_hp_loss":0,"event_name":"Forgotten Altar","floor":20,"gold_loss":0},{"damage_healed":0,"gold_gain":0,"player_choice":"Cursed","damage_taken":0,"max_hp_gain":0,"max_hp_loss":0,"event_name":"Wheel of Change","floor":25,"gold_loss":0,"cards_obtained":["Decay"]},{"damage_healed":0,"gold_gain":0,"player_choice":"Max HP","damage_taken":0,"max_hp_gain":0,"max_hp_loss":4,"event_name":"Winding Halls","floor":39,"gold_loss":0},{"damage_healed":0,"gold_gain":0,"player_choice":"Upgrade","damage_taken":0,"relics_obtained":["Mark of the Bloom"],"max_hp_gain":0,"max_hp_loss":0,"event_name":"MindBloom","floor":41,"gold_loss":0,"cards_upgraded":["Strike_MRS","Defend_MRS","Defend_MRS","Defend_MRS","Defend_MRS","GasGiant","MilkyWay","WitchLeyline","ShootingEcho","Singularity","AsteroidBelt","Orbital","GasGiant","GasGiant","MagicAbsorber","Orbital","UnstableBomb","Acceleration","FinalSpark","UnstableBomb","Orbital","BinaryStars"]}],"is_beta":false,"boss_relics":[{"not_picked":["hubris:RunicObelisk","hubris:HollowSoul"],"picked":"Snecko Eye"},{"not_picked":["RedLine:ReiMu","Fusion Hammer"],"picked":"Painkiller Herb"}],"items_purged_floors":[10,19,46],"is_endless":false,"potions_floor_spawned":[2,3,4,5,21,22,30,35,45,47,48],"ascension_level":3}}