{"host":"9h2uyw8lwpma4m74","time":1609907489,"event":{"mods":["BaseMod","Minty Spire (QoL Compilation)"],"gold_per_floor":[119,119,132,147,159,194,194,209,209,221,221,251,261,261,261,361,361,372,74,74,85,95,121,121,151,151,151,179,179,179,179,179,179,179],"floor_reached":33,"playtime":1459,"items_purged":[],"score":436,"play_id":"83952bdf-aef7-4289-9e8c-9930ed0ef5e5","local_time":"20210106133129","is_ascension_mode":true,"campfire_choices":[{"floor":7,"key":"REST"},{"floor":15,"key":"REST"},{"floor":27,"key":"REST"},{"floor":29,"key":"REST"},{"floor":32,"key":"RECALL"}],"circlet_count":0,"master_deck":["Defend_B","Defend_B","Defend_B","Zap","Dualcast","Leap","Sweeping Beam","Turbo","Hologram","Steam","Stack","Seek","Thunder Strike","Static Discharge","Loop","Electrodynamics","Sweeping Beam+1","Stack+1","Darkness+1","Turbo+1","Rebound","Steam","FTL","Amplify","Compile Driver"],"relics":["Runic Dome","Thread and Needle","Juzu Bracelet","Cables","Turnip","Astrolabe","Pocketwatch","Prayer Wheel","Bottled Flame","Nloth\u0027s Gift"],"acts_visited":["Exordium","TheCity"],"potions_floor_usage":[6,12,16,16,33],"damage_taken":[{"damage":0,"enemies":"2 Louse","floor":1,"turns":3},{"damage":0,"enemies":"Small Slimes","floor":3,"turns":3},{"damage":5,"enemies":"Jaw Worm","floor":4,"turns":4},{"damage":0,"enemies":"Gremlin Gang","floor":5,"turns":3},{"damage":29,"enemies":"Gremlin Nob","floor":6,"turns":4},{"damage":0,"enemies":"Looter","floor":8,"turns":4},{"damage":0,"enemies":"Blue Slaver","floor":10,"turns":3},{"damage":9,"enemies":"3 Sentries","floor":12,"turns":7},{"damage":4,"enemies":"Exordium Wildlife","floor":13,"turns":4},{"damage":20,"enemies":"Hexaghost","floor":16,"turns":10},{"damage":2,"enemies":"Spheric Guardian","floor":18,"turns":4},{"damage":17,"enemies":"2 Thieves","floor":21,"turns":3},{"damage":14,"enemies":"Cultist and Chosen","floor":22,"turns":6},{"damage":44,"enemies":"Slavers","floor":23,"turns":4},{"damage":11,"enemies":"Book of Stabbing","floor":25,"turns":5},{"damage":22,"enemies":"Slavers","floor":28,"turns":3},{"damage":16,"enemies":"Colosseum Slavers","floor":30,"turns":5},{"damage":49,"enemies":"Automaton","floor":33,"turns":6}],"seed_played":"-3158718652998594560","potions_obtained":[{"floor":1,"key":"SteroidPotion"},{"floor":6,"key":"CultistPotion"},{"floor":12,"key":"SpeedPotion"},{"floor":13,"key":"AttackPotion"},{"floor":22,"key":"SpeedPotion"},{"floor":23,"key":"EntropicBrew"},{"floor":28,"key":"PotionOfCapacity"}],"is_trial":false,"path_per_floor":["M","?","M","M","M","E","R","M","T","M","?","E","M","?","R","B",null,"M","$","?","M","M","E","?","E","T","R","E","R","?","?","R","B"],"character_chosen":"DEFECT","items_purchased":["Lizard Tail"],"campfire_rested":4,"item_purchase_floors":[19],"current_hp_per_floor":[75,42,42,37,37,8,30,30,30,30,30,21,17,10,32,12,75,73,73,73,56,42,37,37,26,26,48,26,48,32,32,32,0,0],"gold":179,"neow_bonus":"BOSS_RELIC","is_daily":false,"chose_seed":false,"campfire_upgraded":0,"win_rate":0.0,"timestamp":1609907489,"path_taken":["M","?","M","M","M","E","R","M","T","M","?","E","M","?","R","BOSS","M","$","?","M","M","E","?","E","T","R","E","R","?","?","R","BOSS"],"items_purchased_type":["Relic"],"build_version":"2020-12-22","purchased_purges":0,"victory":false,"max_hp_per_floor":[75,75,75,75,75,75,75,75,75,75,75,75,75,75,75,75,75,75,75,75,75,75,75,75,75,75,75,75,75,75,75,75,75,75],"card_choices":[{"not_picked":["Barrage","Reinforced Body"],"picked":"Leap","floor":1},{"not_picked":["Streamline","Melter"],"picked":"Sweeping Beam","floor":3},{"not_picked":["Loop","Cold Snap"],"picked":"Turbo","floor":4},{"not_picked":["Turbo","Streamline"],"picked":"Hologram","floor":5},{"not_picked":["Go for the Eyes","Glacier"],"picked":"Steam","floor":6},{"not_picked":["Beam Cell","Reprogram"],"picked":"Stack","floor":8},{"not_picked":["Chill","Leap"],"picked":"Seek","floor":10},{"not_picked":["Redo","Gash"],"picked":"Static Discharge","floor":12},{"not_picked":["Recycle","Stack"],"picked":"Loop","floor":13},{"not_picked":["Biased Cognition","Core Surge"],"picked":"Electrodynamics","floor":16},{"not_picked":["Reinforced Body","Sweeping Beam"],"picked":"Turbo+1","floor":18},{"not_picked":["Meteor Strike","Coolheaded"],"picked":"Rebound","floor":21},{"not_picked":["Turbo+1","Skim"],"picked":"Steam","floor":22},{"not_picked":["Sweeping Beam","Coolheaded"],"picked":"FTL","floor":23},{"not_picked":["Rebound","Hologram"],"picked":"Amplify","floor":25},{"not_picked":["Gash","Fusion+1"],"picked":"Compile Driver","floor":28}],"player_experience":184271,"relics_obtained":[{"floor":6,"key":"Juzu Bracelet"},{"floor":9,"key":"Cables"},{"floor":12,"key":"Turnip"},{"floor":23,"key":"Pocketwatch"},{"floor":25,"key":"Prayer Wheel"},{"floor":28,"key":"Bottled Flame"}],"event_choices":[{"damage_healed":0,"gold_gain":0,"player_choice":"Success","damage_taken":33,"relics_obtained":["Thread and Needle"],"max_hp_gain":0,"max_hp_loss":0,"event_name":"Scrap Ooze","floor":2,"gold_loss":0},{"damage_healed":0,"gold_gain":0,"cards_transformed":["Defend_B"],"player_choice":"Change","damage_taken":0,"max_hp_gain":0,"max_hp_loss":0,"event_name":"Living Wall","floor":11,"gold_loss":0,"cards_obtained":["Thunder Strike"]},{"cards_removed":["Strike_B"],"damage_healed":0,"gold_gain":0,"player_choice":"Card Removal","damage_taken":7,"max_hp_gain":0,"max_hp_loss":0,"event_name":"Golden Wing","floor":14,"gold_loss":0},{"damage_healed":0,"gold_gain":0,"player_choice":"Ignored","damage_taken":0,"max_hp_gain":0,"max_hp_loss":0,"event_name":"Ghosts","floor":20,"gold_loss":0},{"damage_healed":0,"gold_gain":0,"player_choice":"Ignored","damage_taken":0,"max_hp_gain":0,"max_hp_loss":0,"event_name":"Cursed Tome","floor":24,"gold_loss":0},{"damage_healed":0,"gold_gain":0,"player_choice":"Fight","damage_taken":0,"max_hp_gain":0,"max_hp_loss":0,"event_name":"Colosseum","floor":30,"gold_loss":0},{"damage_healed":0,"gold_gain":0,"player_choice":"Fled From Nobs","damage_taken":0,"max_hp_gain":0,"max_hp_loss":0,"event_name":"Colosseum","floor":30,"gold_loss":0},{"damage_healed":0,"gold_gain":0,"player_choice":"Traded Relic","damage_taken":0,"relics_obtained":["Nloth\u0027s Gift"],"max_hp_gain":0,"max_hp_loss":0,"event_name":"N\u0027loth","floor":31,"relics_lost":["Lizard Tail"],"gold_loss":0}],"is_beta":false,"boss_relics":[{"not_picked":["Sozu","Philosopher\u0027s Stone"],"picked":"Astrolabe"}],"items_purged_floors":[],"is_endless":false,"potions_floor_spawned":[1,6,12,13,22,23,28,30],"killed_by":"Automaton","ascension_level":1}}