{"host":"yxzbjgn8r2ozgaoi","time":1609907826,"event":{"mods":["Act Like it!","BaseMod","CapriCore","Chen","Friendly Minions","Gensokyo","Hallownest","KinomotoSakuraMod(木之本樱)","Kiyohime（清姬）","Koishi","Lobotomy","LobotomyExtend","Marisa（F雨　魔理沙）","Minty Spire (QoL Compilation)","Prisma Mod","Quick Restart","Reimu（博丽灵梦）","Remilia（蕾米莉亚）","Replay The Spire","StSLib","The Bug Knight","The Immortal","Youmu（魂魄妖梦）","Yuyuko","【功能Mod】聪明的最终Boss","篝火指南"],"gold_per_floor":[116,27,40,40,52,52,52,52,52,277,277,32,57,69,69,164,164,164,164],"floor_reached":18,"playtime":776,"items_purged":[],"score":193,"play_id":"844daeec-4ab8-43aa-83da-a3b41c6d7f5d","local_time":"20210106123706","is_ascension_mode":false,"campfire_choices":[{"data":"EternalNight","floor":6,"key":"SMITH"},{"data":"DiffusionOfMisfortune","floor":11,"key":"SMITH"},{"floor":15,"key":"REST"}],"circlet_count":0,"master_deck":["Strike_RM","Strike_RM","Strike_RM","ScarletShoot","LongBird","EternalNight+1","BigBadWolf","FitfulNightmare","Wellcheers","BloodRain"],"relics":["ScarletHat","CogitoBucket","LetterFromLob","Mango","PreservedInsect","Replay:WaspNest","Ancient Tea Set","BackwardClock","SacredBark"],"acts_visited":["Gensokyo:Gensokyo","Gensokyo:Gensokyoer"],"potions_floor_usage":[10,16],"damage_taken":[{"damage":0,"enemies":"Gensokyo:3_Fairies","floor":1,"turns":3},{"damage":0,"enemies":"Gensokyo:2_Kodama","floor":3,"turns":3},{"damage":0,"enemies":"Gensokyo:Python","floor":5,"turns":3},{"damage":24,"enemies":"Gensokyo:Cirno","floor":10,"turns":8},{"damage":18,"enemies":"Gensokyo:Mamizou","floor":13,"turns":6},{"damage":14,"enemies":"Gensokyo:VengefulSpirit","floor":14,"turns":8},{"damage":27,"enemies":"Gensokyo:Reimu","floor":16,"turns":6},{"damage":110,"enemies":"Gensokyo:AngelMirror","floor":18,"turns":3}],"seed_played":"-6221014259497017563","potions_obtained":[{"floor":1,"key":"Fruit Juice"},{"floor":3,"key":"BlessingOfTheForge"},{"floor":14,"key":"PowerPotion"}],"is_trial":false,"path_per_floor":["M","COS","M","?","M","R","$","?","T","E","R","$","E","M","R","B",null,"M"],"character_chosen":"REMILIA","items_purchased":["Replay:WaspNest"],"campfire_rested":1,"item_purchase_floors":[12],"current_hp_per_floor":[75,75,75,68,68,68,68,68,68,50,50,50,36,23,51,29,94,0,0],"gold":164,"neow_bonus":"","is_daily":false,"chose_seed":false,"campfire_upgraded":2,"win_rate":0.0,"timestamp":1609907826,"path_taken":["M","COS","M","?","?","R","?","?","T","E","R","$","E","?","R","BOSS","M"],"items_purchased_type":["Relic"],"build_version":"2020-12-22","purchased_purges":0,"victory":false,"max_hp_per_floor":[75,75,75,89,89,89,89,89,89,94,94,94,94,94,94,94,94,94,94],"card_choices":[{"not_picked":["MeatLantern","SpiderBud","PunishingBird"],"picked":"Singing Bowl","floor":1},{"not_picked":["FairyFestival","MHz"],"picked":"LongBird","floor":1},{"not_picked":["Maim","BombardNight"],"picked":"DiffusionOfMisfortune","floor":1},{"not_picked":["WallGazer","Porccubus","NakedNest"],"picked":"Singing Bowl","floor":3},{"not_picked":["MiserableFate","Stigmanizer"],"picked":"EternalNight","floor":3},{"not_picked":["MeatLantern","BeautyBeast"],"picked":"BigBadWolf","floor":5},{"not_picked":["VampireClaw","NightLord"],"picked":"ScarletDevil","floor":5},{"not_picked":["NakedNest","BeautyBeast","ShyLook"],"picked":"Singing Bowl","floor":10},{"not_picked":["DiffusionOfMisfortune","RedMagic","Septette"],"picked":"SKIP","floor":10},{"not_picked":["Funeral","QueenBee","WallGazer"],"picked":"Singing Bowl","floor":13},{"not_picked":["FavorOfDestiny","MastersStateliness"],"picked":"FitfulNightmare","floor":13},{"not_picked":["BlackSwan","SnowQueen","Bloodbath"],"picked":"Singing Bowl","floor":14},{"not_picked":["ForbiddenFruit","BlasphemousPunishment","NightLord"],"picked":"SKIP","floor":14},{"not_picked":["MeatLantern","PunishingBird"],"picked":"Wellcheers","floor":16},{"not_picked":["CeilingFear","BloodyCatastrophe"],"picked":"BloodRain","floor":16}],"player_experience":133095,"relics_obtained":[{"floor":1,"key":"LetterFromLob"},{"floor":10,"key":"PreservedInsect"},{"floor":13,"key":"Ancient Tea Set"}],"event_choices":[],"is_beta":false,"boss_relics":[{"not_picked":["Honey Jar","ChewingGum"],"picked":"SacredBark"}],"items_purged_floors":[],"is_endless":false,"potions_floor_spawned":[1,3,14],"killed_by":"Gensokyo:AngelMirror","ascension_level":0}}