{"host":"xkmvu47k9fdstweo","time":1609964902,"event":{"mods":["BaseMod","Colored Map","Conspire","Hubris","Minty Spire (QoL Compilation)","Quick Restart","Railgun Mod","Shop Mod","StSLib","The Alterego","The Servant 0.9.4","The Wild Card","TheBandit","WarShipGirlsR/??è≠èóR mod","vexMod"],"gold_per_floor":[111,111,111,111,134,165,190,228,228,228,267,285,285,310,310,441,441,462,483,507,507,531,531,531],"floor_reached":23,"playtime":547,"items_purged":[],"score":354,"play_id":"b50a68ed-fe32-4ed8-9507-1eafd4dbedf5","local_time":"20210106152822","is_ascension_mode":true,"campfire_choices":[{"data":"hubris:SharpeningStone","floor":10,"key":"SMITH"},{"data":"Metallicize","floor":15,"key":"SMITH"}],"circlet_count":0,"master_deck":["AscendersBane","Strike_R","Strike_R","Strike_R","Strike_R","Strike_R","Defend_R","Defend_R","Defend_R","Defend_R","Bash+1","Twin Strike","Thunderclap","Metallicize+1","Pommel Strike","hubris:SharpeningStone+1","Iron Wave","Demon Form","Infernal Blade+1","Dropkick+1","Rage","RitualDagger"],"relics":["Burning Blood","NeowsBlessing","Golden Idol","Ancient Tea Set","Bronze Scales","Question Card","Strawberry","hubris:OldNail","Coffee Dripper"],"acts_visited":["Exordium","TheCity"],"potions_floor_usage":[7,8,16,19,20],"damage_taken":[{"damage":0,"enemies":"Small Slimes","floor":1,"turns":1},{"damage":0,"enemies":"Jaw Worm","floor":5,"turns":1},{"damage":0,"enemies":"Gremlin Nob","floor":6,"turns":1},{"damage":0,"enemies":"2 Louse","floor":7,"turns":1},{"damage":19,"enemies":"3 Sentries","floor":8,"turns":6},{"damage":26,"enemies":"Gremlin Nob","floor":11,"turns":4},{"damage":0,"enemies":"Large Slime","floor":12,"turns":5},{"damage":28,"enemies":"The Guardian","floor":16,"turns":15},{"damage":11,"enemies":"Chosen","floor":18,"turns":5},{"damage":5,"enemies":"Shell Parasite","floor":19,"turns":4},{"damage":14,"enemies":"3 Cultists","floor":20,"turns":5},{"damage":46,"enemies":"Snake Plant","floor":22,"turns":5},{"damage":0,"enemies":"Slavers","floor":23,"turns":1}],"seed_played":"5330811736579079043","potions_obtained":[{"floor":5,"key":"Explosive Potion"},{"floor":6,"key":"PowerPotion"},{"floor":11,"key":"SkillPotion"},{"floor":16,"key":"EssenceOfSteel"},{"floor":18,"key":"Fire Potion"},{"floor":20,"key":"ElixirPotion"}],"is_trial":false,"path_per_floor":["M","?","?","?","M","E","M","E","T","R","E","M","?","T","R","B",null,"M","M","M","?","M","E"],"character_chosen":"IRONCLAD","items_purchased":[],"campfire_rested":0,"item_purchase_floors":[],"current_hp_per_floor":[78,78,58,58,64,70,76,63,63,63,50,56,56,56,56,34,74,69,70,62,56,16,16,16],"gold":531,"neow_bonus":"THREE_ENEMY_KILL","is_daily":false,"chose_seed":false,"campfire_upgraded":2,"win_rate":0.0,"timestamp":1609964902,"path_taken":["M","?","?","?","M","E","M","E","T","R","E","M","?","?","R","BOSS","M","M","M","?","M","E"],"items_purchased_type":[],"build_version":"2020-12-22","purchased_purges":0,"victory":false,"max_hp_per_floor":[80,80,80,80,80,80,80,80,80,80,87,87,87,87,87,87,87,87,87,87,87,87,87,87],"card_choices":[{"not_picked":["hubris:ReadiedAction","Sentinel"],"picked":"Twin Strike","floor":1},{"not_picked":["Dark Embrace","Body Slam"],"picked":"Thunderclap","floor":5},{"not_picked":["Corruption","Second Wind"],"picked":"Metallicize","floor":6},{"not_picked":["Reckless Charge","Dark Embrace"],"picked":"Pommel Strike","floor":7},{"not_picked":["Twin Strike","Entrench"],"picked":"hubris:SharpeningStone","floor":8},{"not_picked":["Havoc","Evolve","Shockwave"],"picked":"Iron Wave","floor":11},{"not_picked":["Armaments","Wild Strike","Searing Blow","Clothesline"],"picked":"SKIP","floor":12},{"not_picked":["hubris:StunningStrike","Brutality","Impervious"],"picked":"Demon Form","floor":16},{"not_picked":["Dark Embrace","Entrench+1","Twin Strike"],"picked":"Infernal Blade+1","floor":18},{"not_picked":["Pummel","hubris:ReadiedAction","Heavy Blade"],"picked":"Dropkick+1","floor":19},{"not_picked":["Rage","Armaments","hubris:SharpeningStone","Entrench+1"],"picked":"SKIP","floor":20},{"not_picked":["Armaments","hubris:SharpeningStone","Entrench+1"],"picked":"Rage","floor":20},{"not_picked":["hubris:CleavingFinish","Havoc","Wild Strike","Clash"],"picked":"SKIP","floor":22}],"player_experience":355176,"relics_obtained":[{"floor":6,"key":"Ancient Tea Set"},{"floor":8,"key":"Bronze Scales"},{"floor":9,"key":"Question Card"},{"floor":11,"key":"Strawberry"},{"floor":14,"key":"hubris:OldNail"}],"event_choices":[{"damage_healed":0,"gold_gain":0,"player_choice":"Leave","damage_taken":0,"max_hp_gain":0,"max_hp_loss":0,"event_name":"conspire:Investor","floor":2,"gold_loss":0},{"damage_healed":0,"gold_gain":0,"player_choice":"Take Damage","damage_taken":20,"relics_obtained":["Golden Idol"],"max_hp_gain":0,"max_hp_loss":0,"event_name":"Golden Idol","floor":3,"gold_loss":0},{"damage_healed":0,"gold_gain":0,"player_choice":"Grow","damage_taken":0,"max_hp_gain":0,"max_hp_loss":0,"event_name":"Living Wall","floor":4,"gold_loss":0,"cards_upgraded":["Bash"]},{"damage_healed":0,"gold_gain":0,"player_choice":"Ignored","damage_taken":0,"max_hp_gain":0,"max_hp_loss":0,"event_name":"Liars Game","floor":13,"gold_loss":0},{"damage_healed":0,"gold_gain":0,"player_choice":"Joined the Cult","damage_taken":6,"max_hp_gain":0,"max_hp_loss":0,"event_name":"Nest","floor":21,"gold_loss":0,"cards_obtained":["RitualDagger"]}],"is_beta":false,"boss_relics":[{"not_picked":["Calling Bell","vexMod:NewClearReactor"],"picked":"Coffee Dripper"}],"items_purged_floors":[],"is_endless":false,"potions_floor_spawned":[5,6,11,16,18,20],"killed_by":"Slavers","ascension_level":10}}