{"host":"exhp4inpfmbngj23","time":1609972087,"event":{"mods":["Abigail Mod","BaseMod","Beaked The Cultist","Friendly Minions","Gremlin Mod","Kiyohime????","Minty Spire (QoL Compilation)","StSLib","The Alterego"],"gold_per_floor":[10,24,99,99,117,117,35,35,89,122,132,161,161,178,178,280,280,292,143,143,143,58,70,70],"floor_reached":23,"playtime":1338,"items_purged":[],"score":207,"play_id":"5ae04ee6-a6b4-40de-874a-409ddc2f7ace","local_time":"20210106142807","is_ascension_mode":true,"campfire_choices":[{"data":"alterego_mod:Impale","floor":6,"key":"SMITH"},{"floor":8,"key":"REST"},{"data":"alterego_mod:BrynhildrsRune","floor":13,"key":"SMITH"},{"data":"alterego_mod:ClassAdvantage","floor":15,"key":"SMITH"}],"circlet_count":0,"master_deck":["alterego_mod:Strike+1","alterego_mod:Strike+1","alterego_mod:Strike+1","alterego_mod:Strike+1","alterego_mod:Defend+1","alterego_mod:Defend+1","alterego_mod:Defend+1","alterego_mod:Defend+1","alterego_mod:Impale+1","alterego_mod:BigMeatyClaws","alterego_mod:BrynhildrsRune+1","alterego_mod:ClassAdvantage+1","alterego_mod:Rip","alterego_mod:Complex","alterego_mod:Stockings","Flash of Steel","alterego_mod:TrickOrTreatment","alterego_mod:PainIsPleasure","alterego_mod:BoobPocket+1","alterego_mod:Birthday+1","alterego_mod:RocketPunch"],"relics":["alterego_mod:MasochisticConstitution","Lantern","Toy Ornithopter","Juzu Bracelet","Astrolabe","Art of War","MawBank"],"acts_visited":["Exordium","TheCity"],"potions_floor_usage":[10,12,23],"damage_taken":[{"damage":7,"enemies":"Small Slimes","floor":1,"turns":6},{"damage":9,"enemies":"Cultist","floor":2,"turns":4},{"damage":19,"enemies":"Jaw Worm","floor":5,"turns":5},{"damage":18,"enemies":"Gremlin Nob","floor":10,"turns":4},{"damage":9,"enemies":"Looter","floor":11,"turns":4},{"damage":12,"enemies":"Lagavulin","floor":12,"turns":7},{"damage":2,"enemies":"2 Fungi Beasts","floor":14,"turns":3},{"damage":32,"enemies":"Slime Boss","floor":16,"turns":7},{"damage":0,"enemies":"Spheric Guardian","floor":18,"turns":1},{"damage":86,"enemies":"Gremlin Leader","floor":23,"turns":7}],"seed_played":"-2831068720810993663","potions_obtained":[{"floor":1,"key":"Explosive Potion"},{"floor":2,"key":"FearPotion"},{"floor":5,"key":"SkillPotion"},{"floor":18,"key":"GamblersBrew"}],"is_trial":false,"path_per_floor":["M","M","?","$","M","R","$","R","T","E","M","E","R","M","R","B",null,"M","$","?","?","?","E"],"character_chosen":"The_Alterego","items_purchased":["Flash of Steel","Art of War"],"campfire_rested":1,"item_purchase_floors":[7,19],"current_hp_per_floor":[71,63,56,56,38,38,38,59,59,42,41,35,35,34,34,16,78,78,78,78,78,78,0,0],"gold":70,"neow_bonus":"THREE_RARE_CARDS","is_daily":false,"chose_seed":false,"campfire_upgraded":3,"win_rate":0.0,"timestamp":1609972087,"path_taken":["M","M","?","?","?","R","$","R","T","E","M","E","R","M","R","BOSS","M","$","?","?","?","E"],"items_purchased_type":["Card","Relic"],"build_version":"2020-12-22","purchased_purges":0,"victory":false,"max_hp_per_floor":[71,72,72,72,73,73,73,73,73,74,75,76,76,77,77,78,78,78,78,78,78,78,78,78],"card_choices":[{"not_picked":["alterego_mod:Weigh","alterego_mod:Vow"],"picked":"alterego_mod:ClassAdvantage","floor":0},{"not_picked":["alterego_mod:Exercise","alterego_mod:DestructionOfProperty"],"picked":"alterego_mod:Rip","floor":1},{"not_picked":["alterego_mod:BusterCard","alterego_mod:BustOut"],"picked":"alterego_mod:Complex","floor":2},{"not_picked":["alterego_mod:Undulate","alterego_mod:TrashNCrash"],"picked":"alterego_mod:Stockings","floor":5},{"not_picked":["alterego_mod:DeftHands","alterego_mod:Alter"],"picked":"alterego_mod:TrickOrTreatment","floor":10},{"not_picked":["alterego_mod:HighServant","alterego_mod:PerceptionDisorder"],"picked":"alterego_mod:MaintainEyeContact","floor":11},{"not_picked":["alterego_mod:HighServant","alterego_mod:DestructionOfProperty"],"picked":"alterego_mod:PresenceConcealment","floor":12},{"not_picked":["alterego_mod:IndependentAction","alterego_mod:Belts"],"picked":"alterego_mod:Cooking","floor":14},{"not_picked":["alterego_mod:Palingenesis","alterego_mod:Alter"],"picked":"alterego_mod:PainIsPleasure","floor":16},{"not_picked":["alterego_mod:HighServant","alterego_mod:Exercise","alterego_mod:PresenceConcealment"],"picked":"SKIP","floor":18}],"player_experience":1898936,"relics_obtained":[{"floor":9,"key":"Lantern"},{"floor":10,"key":"Toy Ornithopter"},{"floor":12,"key":"Juzu Bracelet"}],"event_choices":[{"damage_healed":0,"gold_gain":75,"player_choice":"Touch","damage_taken":7,"max_hp_gain":0,"max_hp_loss":0,"event_name":"FaceTrader","floor":3,"gold_loss":0},{"damage_healed":0,"gold_gain":0,"player_choice":"Simplicity","damage_taken":0,"max_hp_gain":0,"max_hp_loss":0,"event_name":"Back to Basics","floor":20,"gold_loss":0,"cards_upgraded":["alterego_mod:Strike","alterego_mod:Strike","alterego_mod:Strike","alterego_mod:Strike","alterego_mod:Defend","alterego_mod:Defend","alterego_mod:Defend","alterego_mod:Defend"]},{"damage_healed":0,"gold_gain":0,"player_choice":"Read","damage_taken":0,"max_hp_gain":0,"max_hp_loss":0,"event_name":"The Library","floor":21,"gold_loss":0,"cards_obtained":["alterego_mod:RocketPunch"]},{"damage_healed":0,"gold_gain":0,"player_choice":"Obtained Relic","damage_taken":0,"relics_obtained":["MawBank"],"max_hp_gain":0,"max_hp_loss":0,"event_name":"Addict","floor":22,"gold_loss":85}],"is_beta":false,"boss_relics":[{"not_picked":["Philosopher\u0027s Stone","Sozu"],"picked":"Astrolabe"}],"items_purged_floors":[],"is_endless":false,"potions_floor_spawned":[1,2,5,18],"killed_by":"Gremlin Leader","ascension_level":1}}