{"host":"a0paspe0zwqgzttz","time":1609977248,"event":{"mods":["AchievementEnabler","Act Like it!","BaseMod","BetterRewards","Colored Powertips","Conspire","Downfall","GifTheSpireLib","Hermit","Highlight Path","Lobotomy","Mad Scientist","Marisa????????","Minty Spire (QoL Compilation)","Quick Restart","Replay The Spire","Robot Space Explorer","Shop Mod","StSLib","SuperFastMode","The Bug Knight","The Construct","The Cursed","The Hierophant","The Jungle","The Mystic","The Necromancer","The Runesmith","The Senshi","The Servant 0.9.4"],"gold_per_floor":[99,99,99,99,99,99,99,99,147,147,188,188,198,240,259,387,387,387,430,466,215,253,279,279,279,279],"floor_reached":25,"playtime":938,"items_purged":[],"score":214,"play_id":"b26ab3be-73de-4ea2-a23e-d157f1a30798","local_time":"20210106185408","is_ascension_mode":false,"campfire_choices":[{"floor":1,"key":"DIG"},{"data":"WitchOfGreed","floor":8,"key":"SMITH"},{"data":"SuperNova","floor":18,"key":"SMITH"}],"circlet_count":0,"master_deck":["Strike_MRS","Strike_MRS","Strike_MRS","Strike_MRS","Defend_MRS","Defend_MRS","Defend_MRS","Defend_MRS","MasterSpark+1","UpSweep","WitchOfGreed+1","ShootingEcho","IllusionStar","ShootingEcho","WitchLeyline","ShootingEcho","WitchLeyline","WitchLeyline","PowerUp","AsteroidBelt","PowerUp","WitchLeyline","GasGiant","OrrerysSun","SuperNova+1","WitchLeyline","PowerUp","ShootTheMoon","GalacticHalo","SprinkleStarSeal","StarBarrage","IllusionStar","MagicAbsorber"],"relics":["MiniHakkero","downfall:HeartsMalice","ReplayFunnel","Prayer Wheel","Tiny Chest","Regal Pillow","SlaversCollar","Membership Card","Omamori","ShroomBag","Ancient Tea Set"],"acts_visited":["Exordium","TheCity"],"potions_floor_usage":[14,14,16,16,19,19,25],"damage_taken":[{"damage":0,"enemies":"2 Louse","floor":5,"turns":1},{"damage":0,"enemies":"Small Slimes","floor":6,"turns":1},{"damage":0,"enemies":"Cultist","floor":10,"turns":1},{"damage":16,"enemies":"Exordium Wildlife","floor":11,"turns":3},{"damage":5,"enemies":"3 Louse","floor":13,"turns":2},{"damage":21,"enemies":"Gremlin Gang","floor":14,"turns":4},{"damage":11,"enemies":"2 Fungi Beasts","floor":15,"turns":2},{"damage":2,"enemies":"Slime Boss","floor":16,"turns":5},{"damage":13,"enemies":"conspire:FuzzyDice","floor":19,"turns":7},{"damage":21,"enemies":"Shell Parasite","floor":20,"turns":5},{"damage":5,"enemies":"downfall:FleeingMerchant","floor":21,"turns":4},{"damage":24,"enemies":"Cultist and Chosen","floor":22,"turns":5},{"damage":14,"enemies":"downfall:FleeingMerchant","floor":25,"turns":2}],"seed_played":"1762827336681373755","potions_obtained":[{"floor":11,"key":"FearPotion"},{"floor":11,"key":"EntropicBrew"},{"floor":14,"key":"ColorlessPotion"},{"floor":16,"key":"LiquidMemories"},{"floor":16,"key":"Weak Potion"},{"floor":19,"key":"DuplicationPotion"},{"floor":19,"key":"Swift Potion"},{"floor":20,"key":"Explosive Potion"}],"is_trial":false,"path_per_floor":["R","?","?","?","M","M","T","R","T","M","M","?","M","M","M","B",null,"R","M","M","$","M","T","T","$"],"character_chosen":"MARISA","items_purchased":["Membership Card","StarBarrage","Omamori"],"campfire_rested":0,"item_purchase_floors":[21,21,21],"current_hp_per_floor":[75,75,75,75,75,75,75,75,75,75,59,59,54,33,22,20,75,75,62,41,36,12,12,12,0,0],"gold":279,"neow_bonus":"THREE_ENEMY_KILL","is_daily":false,"chose_seed":false,"campfire_upgraded":2,"win_rate":0.0,"timestamp":1609977248,"path_taken":["R","?","?","?","M","?","T","R","?","M","M","?","M","M","M","BOSS","R","M","M","$","?","?","T","?"],"items_purchased_type":["Relic","Card","Relic"],"build_version":"2020-12-22","purchased_purges":0,"victory":false,"max_hp_per_floor":[75,75,75,75,75,75,75,75,75,75,75,75,75,75,75,75,75,75,75,75,75,75,75,75,75,75],"card_choices":[{"not_picked":["DoubleSpark","SporeBomb"],"picked":"WitchOfGreed","floor":5},{"not_picked":["Acceleration","MagicAbsorber"],"picked":"ShootingEcho","floor":5},{"not_picked":["UnstableBomb","DoubleSpark"],"picked":"IllusionStar","floor":6},{"not_picked":["FinalSpark","UnstableBomb"],"picked":"ShootingEcho","floor":6},{"not_picked":["FairyDestructionRay","DoubleSpark"],"picked":"WitchLeyline","floor":10},{"not_picked":["GalacticHalo","Acceleration"],"picked":"ShootingEcho","floor":10},{"not_picked":["ShootingEcho","ManaConvection"],"picked":"WitchLeyline","floor":11},{"not_picked":["StarBarrage","ManaConvection"],"picked":"WitchLeyline","floor":11},{"not_picked":["GalacticHalo","UnstableBomb"],"picked":"PowerUp","floor":13},{"not_picked":["Acceleration","DC"],"picked":"AsteroidBelt","floor":13},{"not_picked":["OpenUniverse","OrrerysSun"],"picked":"PowerUp","floor":14},{"not_picked":["UnstableBomb","GalacticHalo"],"picked":"WitchLeyline","floor":14},{"not_picked":["MysteriousBeam","ShootTheMoon"],"picked":"GasGiant","floor":15},{"not_picked":["MachineGunSpark","StarlightTyphoon"],"picked":"OrrerysSun","floor":15},{"not_picked":["FinalSpark","JA"],"picked":"SuperNova","floor":16},{"not_picked":["IllusionStar","GravityBeat"],"picked":"WitchLeyline","floor":19},{"not_picked":["EventHorizon","Acceleration"],"picked":"PowerUp","floor":19},{"not_picked":["BinaryStars","LuminesStrike+1"],"picked":"ShootTheMoon","floor":20},{"not_picked":["FairyDestructionRay","Acceleration"],"picked":"GalacticHalo","floor":20},{"not_picked":["EnergyRecoil","DeepEcoloBomb"],"picked":"SprinkleStarSeal","floor":21},{"not_picked":["AsteroidBelt+1","WitchLeyline"],"picked":"IllusionStar","floor":22},{"not_picked":["EnergyRecoil","GravityBeat"],"picked":"MagicAbsorber","floor":22}],"player_experience":437963,"relics_obtained":[{"floor":1,"key":"ReplayFunnel"},{"floor":7,"key":"Tiny Chest"},{"floor":9,"key":"Regal Pillow"},{"floor":23,"key":"ShroomBag"},{"floor":24,"key":"Ancient Tea Set"}],"event_choices":[{"damage_healed":0,"gold_gain":0,"player_choice":"Leave","damage_taken":0,"max_hp_gain":0,"max_hp_loss":0,"event_name":"The Cleric","floor":2,"gold_loss":0},{"damage_healed":0,"gold_gain":0,"player_choice":"Box","damage_taken":0,"relics_obtained":["Prayer Wheel"],"max_hp_gain":0,"max_hp_loss":0,"event_name":"Big Fish","floor":3,"gold_loss":0,"cards_obtained":["Regret"]},{"cards_removed":["Regret"],"damage_healed":0,"gold_gain":0,"player_choice":"Purged","damage_taken":0,"max_hp_gain":0,"max_hp_loss":0,"event_name":"Purifier","floor":4,"gold_loss":0},{"damage_healed":0,"gold_gain":0,"player_choice":"Upgraded","damage_taken":0,"max_hp_gain":0,"max_hp_loss":0,"event_name":"Upgrade Shrine","floor":12,"gold_loss":0,"cards_upgraded":["MasterSpark"]}],"is_beta":false,"boss_relics":[{"not_picked":["Tiny House","conspire:SeveredTorchhead"],"picked":"SlaversCollar"}],"items_purged_floors":[],"is_endless":false,"potions_floor_spawned":[11,14,16,19,22],"killed_by":"downfall:FleeingMerchant","ascension_level":0}}