{"host":"gl7gfqdgzaxu5sie","time":1609906618,"event":{"mods":["AchievementEnabler","BaseMod","Colored Map","DeckTracker","Minty Spire (QoL Compilation)"],"gold_per_floor":[119,129,142,158,170,170,170,211,211,249,249,593,593,617,617,737,737,751,751,545,470,137,137,137,137],"floor_reached":24,"playtime":1104,"items_purged":["Injury"],"score":321,"play_id":"1a539d4b-6810-4dac-8ef2-00ecd9111052","local_time":"20210106131658","is_ascension_mode":true,"campfire_choices":[{"data":"Perfected Strike","floor":6,"key":"SMITH"},{"data":"True Grit","floor":11,"key":"SMITH"},{"data":"Perfected Strike","floor":13,"key":"SMITH"},{"data":"Dark Embrace","floor":15,"key":"SMITH"},{"data":"Apotheosis","floor":23,"key":"SMITH"}],"circlet_count":0,"master_deck":["AscendersBane","Strike_R","Strike_R","Strike_R","Strike_R","Strike_R","Defend_R","Defend_R","Defend_R","Defend_R","Bash","Exhume","Perfected Strike+1","Pommel Strike","Dual Wield","Double Tap","True Grit+1","Second Wind","Perfected Strike+1","Dark Embrace+1","Barricade","CurseOfTheBell","Perfected Strike","Apotheosis+1","Power Through","Battle Trance"],"relics":["Burning Blood","Golden Idol","Bag of Preparation","Charon\u0027s Ashes","Letter Opener","Old Coin","Calling Bell","PreservedInsect","The Courier","Ice Cream","TungstenRod"],"acts_visited":["Exordium","TheCity"],"potions_floor_usage":[3,4,10,16,18],"damage_taken":[{"damage":11.0,"enemies":"Small Slimes","floor":1.0,"turns":4.0},{"damage":8,"enemies":"Jaw Worm","floor":2,"turns":4},{"damage":0,"enemies":"2 Louse","floor":3,"turns":3},{"damage":0,"enemies":"Exordium Wildlife","floor":4,"turns":2},{"damage":5,"enemies":"2 Fungi Beasts","floor":5,"turns":3},{"damage":32,"enemies":"Gremlin Nob","floor":8,"turns":4},{"damage":33,"enemies":"3 Sentries","floor":10,"turns":6},{"damage":8,"enemies":"Gremlin Nob","floor":12,"turns":3},{"damage":3,"enemies":"Looter","floor":14,"turns":3},{"damage":13,"enemies":"Slime Boss","floor":16,"turns":8},{"damage":43,"enemies":"Shell Parasite","floor":18,"turns":5},{"damage":33,"enemies":"Book of Stabbing","floor":24,"turns":3}],"seed_played":"-2744033677898968131","potions_obtained":[{"floor":3,"key":"EntropicBrew"},{"floor":5,"key":"BloodPotion"},{"floor":10,"key":"Energy Potion"},{"floor":12,"key":"DuplicationPotion"},{"floor":16,"key":"BlessingOfTheForge"}],"is_trial":false,"path_per_floor":["M","M","M","M","M","R","?","E","T","E","R","E","R","M","R","B",null,"M","?","$","?","$","R","E"],"character_chosen":"IRONCLAD","items_purchased":["Apotheosis","Power Through","Battle Trance","TungstenRod"],"campfire_rested":0,"item_purchase_floors":[20,22,22,22],"current_hp_per_floor":[67,65,71,77,78,78,78,52,52,41,41,39,39,42,42,35,69,32,32,32,32,32,32,0,0],"gold":137,"neow_bonus":"ONE_RANDOM_RARE_CARD","is_daily":false,"chose_seed":false,"campfire_upgraded":5,"win_rate":0.0,"timestamp":1609906618,"path_taken":["M","M","M","M","M","R","?","E","T","E","R","E","R","M","R","BOSS","M","?","$","?","$","R","E"],"items_purchased_type":["Card","Card","Card","Relic"],"build_version":"2020-12-22","purchased_purges":1,"victory":false,"max_hp_per_floor":[80,80,80,80,80,80,80,80,80,80,80,80,80,80,80,80,80,80,80,80,80,80,80,80,80],"card_choices":[{"not_picked":["Armaments","Entrench"],"picked":"Perfected Strike","floor":1},{"not_picked":["Spot Weakness","Anger"],"picked":"Cleave","floor":2},{"not_picked":["Clothesline","Carnage"],"picked":"Pommel Strike","floor":3},{"not_picked":["Thunderclap","Ghostly Armor"],"picked":"Dual Wield","floor":4},{"not_picked":["Twin Strike","Burning Pact"],"picked":"Double Tap","floor":5},{"not_picked":["Havoc","Pummel"],"picked":"True Grit","floor":8},{"not_picked":["Carnage","True Grit"],"picked":"Second Wind","floor":10},{"not_picked":["Second Wind","Heavy Blade"],"picked":"Perfected Strike","floor":12},{"not_picked":["Clothesline","Heavy Blade"],"picked":"Dark Embrace","floor":14},{"not_picked":["Brutality","Bludgeon"],"picked":"Barricade","floor":16},{"not_picked":["Sever Soul+1","Twin Strike"],"picked":"Perfected Strike","floor":18}],"player_experience":562946,"relics_obtained":[{"floor":8,"key":"Bag of Preparation"},{"floor":9,"key":"Charon\u0027s Ashes"},{"floor":10,"key":"Letter Opener"},{"floor":12,"key":"Old Coin"},{"floor":17,"key":"PreservedInsect"},{"floor":17,"key":"The Courier"},{"floor":17,"key":"Ice Cream"}],"event_choices":[{"damage_healed":0,"gold_gain":0,"player_choice":"Take Wound","damage_taken":0,"relics_obtained":["Golden Idol"],"max_hp_gain":0,"max_hp_loss":0,"event_name":"Golden Idol","floor":7,"gold_loss":0,"cards_obtained":["Injury"]},{"damage_healed":0,"gold_gain":0,"player_choice":"Ignored","damage_taken":0,"max_hp_gain":0,"max_hp_loss":0,"event_name":"Vampires","floor":19,"gold_loss":0},{"cards_removed":["Cleave"],"damage_healed":0,"gold_gain":0,"player_choice":"Gave Gold","damage_taken":0,"max_hp_gain":0,"max_hp_loss":0,"event_name":"Beggar","floor":21,"gold_loss":75}],"is_beta":false,"boss_relics":[{"not_picked":["Fusion Hammer","Ectoplasm"],"picked":"Calling Bell"}],"items_purged_floors":[20],"is_endless":false,"potions_floor_spawned":[3,5,10,12,16],"killed_by":"Book of Stabbing","ascension_level":10}}