{"host":"xjswtcr3kbf32wgr","time":1609908243,"event":{"mods":["Act Like it!","Arknights The Spire","Aspiration","BaseMod","Dota2Spire","Downfall","Lobotomy","Minty Spire (QoL Compilation)","MostiFishMod","Replay The Spire","Ryuuou¡˙Õı","Shop Mod","StSLib","The Cursed","UnlockEverythingMod","Waifu the Spire","[IsaacMod]“‘»ˆº‚À˛","vexMod"],"gold_per_floor":[99,113,59,75,75,75,126,136,286,136,121,138,138,153,167,265,265,265,282,297,317,494,494,521,521,547,547,291,302,302,316,334,437,437,437,456,471,521,574,574,574,574,574,588,588,588,600,20,31,31],"floor_reached":51,"playtime":2060,"items_purged":[],"score":784,"play_id":"f981884d-e46d-4137-9b14-affd64e5fff2","local_time":"20210106124403","is_ascension_mode":false,"campfire_choices":[{"floor":1.0,"key":"RECALL"},{"data":"Distraction","floor":10.0,"key":"SMITH"},{"data":"hexamod:SpectersWail","floor":13.0,"key":"SMITH"},{"data":"hexamod:RetreatToShadows","floor":18.0,"key":"SMITH"},{"data":"hexamod:SpectersWail","floor":30.0,"key":"SMITH"},{"data":"hexamod:CrushingStance","floor":35.0,"key":"SMITH"},{"data":"hexamod:SpectralAdrenaline","floor":40,"key":"SMITH"},{"data":"hexamod:InspiringFlames","floor":42,"key":"SMITH"},{"data":"hexamod:GhostLash","floor":45,"key":"SMITH"},{"data":"hexamod:TimeWarp","floor":46,"key":"SMITH"}],"circlet_count":0,"master_deck":["hexamod:Strike","hexamod:Strike","hexamod:Strike","hexamod:Strike","hexamod:Defend","hexamod:Sear","hexamod:Float","hexamod:InspiringFlames+1","hexamod:HauntingEcho","hexamod:HauntingEcho","hexamod:Again+1","Distraction+1","Survivor","ReplayTheSpireMod:Speed Training","hexamod:TimeWarp+1","Slimebound:Icky","hexamod:SpectersWail+1","hexamod:RetreatToShadows+1","hexamod:CrushingStance+1","hexamod:GhostLash+1","hexamod:SpectersWail+1","hexamod:GhostLash+1","hexamod:SpectralAdrenaline+1","hexamod:NightmareStrike+1","hexamod:SpectersWail+1","hexamod:GhostOfSpirePast+1","Flash of Steel","Midas Touch","hexamod:EtherealExpedition"],"relics":["hexamod:SpiritBrand","HushsDoor","DaveBox","FeatherPendant","Chaos","downfall:HeartBlessingBlue","downfall:HeartBlessingRed","TheBean","ClockworkSouvenir","Dota2Spire:Butterfly","Dota2Spire:PowerTreads","Pen Nib","Strange Spoon","TheBible","Dodecahedron","Frozen Egg 2","Strawberry","Ancient Tea Set"],"acts_visited":["Exordium","TheCity","TheBeyond"],"potions_floor_usage":[],"damage_taken":[{"damage":4.0,"enemies":"Small Slimes","floor":2.0,"turns":2.0},{"damage":0.0,"enemies":"downfall:FleeingMerchant","floor":3.0,"turns":4.0},{"damage":0.0,"enemies":"2 Louse","floor":4.0,"turns":2.0},{"damage":0.0,"enemies":"Jaw Worm","floor":8.0,"turns":2.0},{"damage":9.0,"enemies":"downfall:FleeingMerchant","floor":11.0,"turns":4.0},{"damage":0.0,"enemies":"Exordium Wildlife","floor":12.0,"turns":2.0},{"damage":7.0,"enemies":"Red Slaver","floor":14.0,"turns":2.0},{"damage":0.0,"enemies":"2 Fungi Beasts","floor":15.0,"turns":2.0},{"damage":5.0,"enemies":"downfall:Watcher","floor":16.0,"turns":5.0},{"damage":0.0,"enemies":"3 Byrds","floor":19.0,"turns":3.0},{"damage":0.0,"enemies":"Spheric Guardian","floor":20.0,"turns":2.0},{"damage":20.0,"enemies":"Snake Plant","floor":21.0,"turns":3.0},{"damage":0.0,"enemies":"downfall:FleeingMerchant","floor":22.0,"turns":3.0},{"damage":1.0,"enemies":"Slavers","floor":26.0,"turns":4.0},{"damage":14.0,"enemies":"Centurion and Healer","floor":29.0,"turns":2.0},{"damage":0.0,"enemies":"Cultist and Chosen","floor":31.0,"turns":2.0},{"damage":0.0,"enemies":"Snecko","floor":32.0,"turns":2.0},{"damage":5.0,"enemies":"downfall:Ironclad","floor":33.0,"turns":3.0},{"damage":9.0,"enemies":"Orb Walker","floor":36.0,"turns":2.0},{"damage":0.0,"enemies":"3 Darklings","floor":37.0,"turns":1.0},{"damage":15.0,"enemies":"Mind Bloom Boss Battle","floor":38.0,"turns":3.0},{"damage":0,"enemies":"2 Orb Walkers","floor":39,"turns":3},{"damage":0,"enemies":"Maw","floor":44,"turns":3},{"damage":0,"enemies":"Spire Growth","floor":47,"turns":2},{"damage":6,"enemies":"Sphere and 2 Shapes","floor":49,"turns":1},{"damage":0,"enemies":"downfall:Defect","floor":50,"turns":3}],"seed_played":"-586784502755903463","potions_obtained":[{"floor":2.0,"key":"EssenceOfSteel"},{"floor":8.0,"key":"Reflective Coating"},{"floor":12.0,"key":"SpeedPotion"},{"floor":15.0,"key":"SteroidPotion"},{"floor":29.0,"key":"Fire Potion"},{"floor":32.0,"key":"Fire Potion"},{"floor":33.0,"key":"Languid Potion"},{"floor":37.0,"key":"Adrenaline Potion"},{"floor":49,"key":"Dota2Spire:HealingSalve"}],"is_trial":false,"path_per_floor":["R","M","$","M","?","?","T","M","?","R","$","M","R","M","M","B",null,"R","M","M","M","$","?","T","?","E","?","$","M","R","M","M","B",null,"R","M","M","?","?","R","T","R","?","M","R","R","M","$","M","B",null],"character_chosen":"THE_SPIRIT","items_purchased":["hexamod:HauntingEcho","ClockworkSouvenir","hexamod:GhostLash","hexamod:SpectralAdrenaline","Pen Nib","Strawberry","Ancient Tea Set","Flash of Steel","Midas Touch"],"campfire_rested":0,"item_purchase_floors":[3,22,28,28,28,48,48,48,48],"current_hp_per_floor":[77,73,73,73,73,73,73,73,73,83,74,74,74,67,67,62,87,87,87,87,67,67,67,67,67,66,66,66,52,52,52,52,47,87,87,78,78,63,63,63,63,63,63,63,63,63,63,70,64,64],"gold":31,"neow_bonus":"TEN_PERCENT_HP_BONUS","is_daily":false,"chose_seed":false,"campfire_upgraded":9,"win_rate":0.0,"timestamp":1609908243,"path_taken":["R","M","$","M","?","?","T","M","?","R","?","?","R","M","M","BOSS","R","M","M","M","$","?","T","?","E","?","$","M","R","M","M","BOSS","R","M","M","?","?","R","T","R","?","M","R","R","M","$","M","BOSS"],"items_purchased_type":["Card","Relic","Card","Card","Relic","Relic","Relic","Card","Card"],"build_version":"2020-12-22","purchased_purges":0,"victory":true,"max_hp_per_floor":[77,77,77,77,77,77,77,77,77,87,87,87,87,87,87,87,87,87,87,87,87,87,87,87,87,87,87,87,87,87,87,87,87,87,87,87,87,87,87,87,87,87,87,87,87,87,87,94,94,94],"card_choices":[{"not_picked":["hexamod:NightmareStrike","hexamod:ShieldOfDarkness"],"picked":"hexamod:InspiringFlames","floor":2.0},{"not_picked":["hexamod:BacktrackSmack","hexamod:AdvancingGuard","hexamod:ChargedBarrage"],"picked":"SKIP","floor":3.0},{"not_picked":["hexamod:RadiantFlame","hexamod:RetreatToShadows"],"picked":"hexamod:RainOfEmbers","floor":4.0},{"not_picked":["hexamod:FastForward","hexamod:HeatShield"],"picked":"hexamod:TimeWarp","floor":8.0},{"not_picked":["hexamod:BurningTouch","hexamod:SwordOfDarkness"],"picked":"hexamod:SpectersWail","floor":11.0},{"not_picked":["hexamod:BurningTouch","hexamod:HeatMetal","hexamod:GhostShield"],"picked":"SKIP","floor":12.0},{"not_picked":["hexamod:FastForward","hexamod:Rewind","hexamod:ShieldOfDarkness"],"picked":"SKIP","floor":14.0},{"not_picked":["hexamod:SpectersWail","hexamod:CrushingStance"],"picked":"hexamod:RetreatToShadows","floor":15.0},{"not_picked":["hexamod:TimeWarp","hexamod:ParanormalForm"],"picked":"hexamod:CrushingStance","floor":16.0},{"not_picked":["hexamod:AdvancingGuard","hexamod:FlamesFromBeyond","hexamod:GhostOfSpirePast"],"picked":"SKIP","floor":19.0},{"not_picked":["hexamod:RainOfEmbers","hexamod:ShieldOfDarkness","hexamod:Hexaguard"],"picked":"SKIP","floor":20.0},{"not_picked":["hexamod:PhantomFireball","hexamod:EtherealExpedition"],"picked":"hexamod:GhostLash+1","floor":21.0},{"not_picked":["hexamod:ExtraCrispy","hexamod:StepThrough","hexamod:GhostOfSpireFuture+1"],"picked":"SKIP","floor":22.0},{"not_picked":["hexamod:GhostOfSpirePresent","hexamod:RecurringNightmare"],"picked":"hexamod:SpectersWail","floor":26.0},{"not_picked":["hexamod:RadiantFlame","hexamod:AdvancingGuard","hexamod:GhostOfSpireFuture"],"picked":"SKIP","floor":29.0},{"not_picked":["hexamod:InspiringFlames","hexamod:CatchUp"],"picked":"hexamod:NightmareStrike+1","floor":31.0},{"not_picked":["hexamod:InspiringFlames+1","hexamod:SkipABeat","hexamod:ChargedBarrage"],"picked":"SKIP","floor":32.0},{"not_picked":["hexamod:FastForward","hexamod:SoulSteal+1","hexamod:BurningTouch+1"],"picked":"SKIP","floor":36.0},{"not_picked":["hexamod:GhostShield","hexamod:GhostOfSpireFuture+1","hexamod:SixthSeal"],"picked":"SKIP","floor":37.0},{"not_picked":["hexamod:HauntingEcho+1","hexamod:SwordOfDarkness"],"picked":"hexamod:SpectersWail+1","floor":38},{"not_picked":["hexamod:RainOfEmbers+1","hexamod:CatchUp"],"picked":"hexamod:GhostOfSpirePast+1","floor":44},{"not_picked":["hexamod:SwordOfDarkness+1","hexamod:StepThrough+1","hexamod:ThermalTransfer"],"picked":"SKIP","floor":47},{"not_picked":["hexamod:ShieldOfDarkness","hexamod:BurningTouch"],"picked":"hexamod:EtherealExpedition","floor":49}],"player_experience":382025,"relics_obtained":[{"floor":24.0,"key":"Dota2Spire:Butterfly"},{"floor":26.0,"key":"Dota2Spire:PowerTreads"},{"floor":38,"key":"TheBible"},{"floor":39,"key":"Dodecahedron"},{"floor":41,"key":"Frozen Egg 2"}],"event_choices":[{"damage_healed":0,"gold_gain":0,"player_choice":"Fight","damage_taken":0,"max_hp_gain":0,"max_hp_loss":0,"event_name":"Mysterious Sphere","floor":39,"gold_loss":0}],"is_beta":false,"boss_relics":[{"not_picked":["The Courier","Snecko Eye"],"picked":"TheBean"},{"not_picked":[]},{"not_picked":["Toy Ornithopter","Happy Flower"],"picked":"Strange Spoon"},{"not_picked":[]}],"items_purged_floors":[],"is_endless":false,"potions_floor_spawned":[2,8,12,15,16,21,29,32,33,37,49],"ascension_level":0}}