{"host":"8rwquwrlbfkmmuup","time":1609905575,"event":{"mods":["BaseMod","Downfall","Halation","Infinite Spire","Marisa????????","Minty Spire (QoL Compilation)","Replay The Spire","Shop Mod","StSLib","The Animator","The Senshi","The Servant 0.9.4"],"gold_per_floor":[116,116,41,41,41,41,55,72,126,126,160,160,194,214,214,312,312,325,337,50,69,69,84,84,96,96,98,125,157,200,232,232,377,377,405,405,436,436,474,474,511,513,513,523,523],"floor_reached":44,"playtime":3010,"items_purged":["theSenshi:SailorBlock","theSenshi:SailorBlock","theSenshi:SailorBlock"],"score":474,"play_id":"b2e1793e-85b3-44b2-876a-20503b5ec272","local_time":"20210105195935","is_ascension_mode":false,"campfire_choices":[{"data":"theSenshi:InTheNickOfTime","floor":6.0,"key":"SMITH"},{"floor":15.0,"key":"REST"},{"floor":32.0,"key":"REST"},{"floor":40,"key":"REST"}],"circlet_count":0,"master_deck":["theSenshi:SailorKick","theSenshi:SailorKick","theSenshi:SailorKick","theSenshi:SailorKick","theSenshi:RoseThrow","theSenshi:MoonPrismPowerMakeUp","theSenshi:InTheNickOfTime+1","Pain","theSenshi:VenusGlamour","theSenshi:MoonlightKnight","ReplayTheSpireMod:??????????????????????","theSenshi:MoonTiaraMagic","theSenshi:SupersonicWaves","theSenshi:InTheNameOfTheMoon","theSenshi:MoonHealingEscalation","theSenshi:MoonHealingEscalation","theSenshi:SailorStarHealerAssists","CurseOfTheBell","theSenshi:TallSilhouette","theSenshi:CrisisMakeUp","ReplayTheSpireMod:Private Reserves+1","theSenshi:MoonlightKnight+1","theSenshi:Sidestep+1","theSenshi:SailorChibiMoonAssists+1","theSenshi:RainbowMoonHeartAche+1","theSenshi:MoonCrystalPowerMakeUp","theSenshi:MoonlightKnight","theSenshi:MoonsReflection+1","theSenshi:SailorNeptuneAssists+1","theSenshi:TallSilhouette+1","theSenshi:MoonPrincessHalation","theSenshi:MoonGorgeousMeditation+1","theSenshi:TuxedoMaskAssists","theSenshi:SailorPlanetAttack+1","theSenshi:MoonPrincessHalation+1","theSenshi:JupitersPower+1","Replay:Bootleg Shield Generator","ReplayTheSpireMod:Private Reserves","Specialist"],"relics":["theSenshi:TransformationBroochRelic","NeowsBlessing","Torii","WarpedTongs","Centennial Puzzle","theSenshi:EternalTiareRelic","Nunchaku","Replay:Grab Bag","ChewingGum","Fusion Hammer","Calling Bell","Strawberry","Golden Egg","Replay:Towering Pillar of Hats","BargainBundle","theSenshi:TiaraRelic","infinitespire:Midas Blood","halation:Prosthetics","halation:EternalFortune","infinitespire:EmpoweringShard"],"acts_visited":["Exordium","TheCity","TheBeyond"],"potions_floor_usage":[],"damage_taken":[{"damage":0.0,"enemies":"Jaw Worm","floor":1.0,"turns":1.0},{"damage":2.0,"enemies":"Small Slimes","floor":7.0,"turns":1.0},{"damage":2.0,"enemies":"2 Louse","floor":8.0,"turns":1.0},{"damage":14.0,"enemies":"3 Sentries","floor":11.0,"turns":5.0},{"damage":12.0,"enemies":"Lagavulin","floor":13.0,"turns":6.0},{"damage":4.0,"enemies":"Exordium Thugs","floor":14.0,"turns":4.0},{"damage":28.0,"enemies":"Slime Boss","floor":16.0,"turns":11.0},{"damage":19.0,"enemies":"3 Byrds","floor":18.0,"turns":6.0},{"damage":25.0,"enemies":"2 Thieves","floor":19.0,"turns":4.0},{"damage":21.0,"enemies":"3 Cultists","floor":21.0,"turns":5.0},{"damage":13.0,"enemies":"Snecko","floor":23.0,"turns":8.0},{"damage":17.0,"enemies":"Shelled Parasite and Fungi","floor":25.0,"turns":4.0},{"damage":2.0,"enemies":"Snake Plant","floor":28.0,"turns":4.0},{"damage":12.0,"enemies":"Centurion and Healer","floor":29.0,"turns":5.0},{"damage":63.0,"enemies":"3 Cultists","floor":30.0,"turns":8.0},{"damage":21.0,"enemies":"Snake Plant","floor":31.0,"turns":7.0},{"damage":47.0,"enemies":"Automaton","floor":33.0,"turns":11.0},{"damage":25.0,"enemies":"3 Shapes","floor":35.0,"turns":4.0},{"damage":24.0,"enemies":"3 Darklings","floor":37.0,"turns":8.0},{"damage":35,"enemies":"Maw","floor":39,"turns":10},{"damage":50,"enemies":"4 Shapes","floor":41,"turns":10},{"damage":29,"enemies":"2 Orb Walkers","floor":44,"turns":2}],"seed_played":"-8155782323165877080","potions_obtained":[{"floor":7.0,"key":"LiquidBronze"},{"floor":11.0,"key":"LiquidBronze"},{"floor":14.0,"key":"SpeedPotion"},{"floor":18.0,"key":"Explosive Potion"},{"floor":25.0,"key":"hexamod:EctoCoolerPotion"},{"floor":31.0,"key":"FearPotion"},{"floor":33.0,"key":"Ancient Potion"},{"floor":35.0,"key":"FearPotion"}],"is_trial":false,"path_per_floor":["M","?","$","?","?","R","M","M","T","?","E","?","E","M","R","B",null,"M","M","$","M","?","M","AVR","M","T","?","M","M","M","M","R","B",null,"M","?","M","?","M","R","M","?","T","?"],"character_chosen":"THE_SENSHI","items_purchased":["ReplayTheSpireMod:Private Reserves","BargainBundle","theSenshi:MoonlightKnight","theSenshi:Sidestep+1","theSenshi:SailorChibiMoonAssists"],"campfire_rested":3,"item_purchase_floors":[20,20,20,20,20],"current_hp_per_floor":[75,75,75,75,75,75,73,71,71,52,38,38,26,22,44,51,82,82,77,77,66,66,78,78,78,78,70,78,71,18,27,51,44,47,29,32,28,28,28,43,23,13,13,0,0],"gold":523,"neow_bonus":"THREE_ENEMY_KILL","is_daily":false,"chose_seed":false,"campfire_upgraded":1,"win_rate":0.0,"timestamp":1609905575,"path_taken":["M","?","$","?","?","R","?","?","T","?","E","?","E","M","R","BOSS","M","?","$","?","?","M","AVR","M","T","?","M","?","?","?","R","BOSS","M","?","M","?","?","R","M","?","T","?"],"items_purchased_type":["Card","Relic","Card","Card","Card"],"build_version":"2020-12-22","purchased_purges":3,"victory":false,"max_hp_per_floor":[75,75,75,75,75,75,75,75,75,75,75,75,75,75,75,75,82,82,82,82,82,82,82,82,82,82,82,82,82,82,82,82,82,47,47,50,50,50,50,50,50,50,50,50,50],"card_choices":[{"not_picked":["theSenshi:DramaticEntrance","theSenshi:SteeledNerves"],"picked":"theSenshi:InTheNickOfTime","floor":1.0},{"not_picked":["theSenshi:DramaticEntrance","theSenshi:TuxedoSmokingBomber"],"picked":"theSenshi:VenusGlamour","floor":7.0},{"not_picked":["theSenshi:TallSilhouette","theSenshi:NeptunesGrace"],"picked":"theSenshi:MoonlightKnight","floor":8.0},{"not_picked":["infinitespire:Fortify","ReplayTheSpireMod:Black Plague"],"picked":"ReplayTheSpireMod:??????????????????????","floor":10.0},{"not_picked":["theSenshi:LunasBite","theSenshi:SailorStarHealerAssists"],"picked":"theSenshi:MoonTiaraMagic","floor":11.0},{"not_picked":["theSenshi:SupersonicWaves","theSenshi:TallSilhouette"],"picked":"theSenshi:MoonHealingEscalation","floor":13.0},{"not_picked":["theSenshi:MoonTwilightFlash","theSenshi:TallSilhouette"],"picked":"theSenshi:MoonHealingEscalation","floor":14.0},{"not_picked":["theSenshi:InTheNameOfTheMoon","theSenshi:LunaSensingAllies"],"picked":"theSenshi:SailorStarHealerAssists","floor":16.0},{"not_picked":["theSenshi:SailorMercuryAssists","theSenshi:NeptunesGrace"],"picked":"theSenshi:TallSilhouette","floor":18.0},{"not_picked":["theSenshi:SailorMarsAssists+1","theSenshi:GatheringStrength+1"],"picked":"theSenshi:CrisisMakeUp","floor":19.0},{"not_picked":["theSenshi:EncouragingSpeech","theSenshi:SailorMarsAssists+1"],"picked":"theSenshi:RainbowMoonHeartAche+1","floor":21.0},{"not_picked":["theSenshi:SailorPlanetAttack","theSenshi:TuxedoSmokingBomber"],"picked":"theSenshi:MoonCrystalPowerMakeUp","floor":23.0},{"not_picked":["theSenshi:SailorCosmosAssists","theSenshi:SailorPlanetPower"],"picked":"theSenshi:MoonlightKnight","floor":25.0},{"not_picked":["theSenshi:LunaWiseMentor","theSenshi:MoonTwilightFlash"],"picked":"theSenshi:MoonsReflection+1","floor":28.0},{"not_picked":["theSenshi:TallSilhouette+1","theSenshi:Sidestep"],"picked":"theSenshi:SailorNeptuneAssists+1","floor":29.0},{"not_picked":["theSenshi:MoonsReflection","theSenshi:SailorMarsAssists"],"picked":"theSenshi:TallSilhouette+1","floor":30.0},{"not_picked":["theSenshi:SaturnsMystery","theSenshi:SteeledNerves"],"picked":"theSenshi:MoonPrincessHalation","floor":31.0},{"not_picked":["theSenshi:StudyParty","theSenshi:ChibiMoonsLove"],"picked":"theSenshi:MoonGorgeousMeditation","floor":33.0},{"not_picked":["theSenshi:DramaticEntrance","theSenshi:SupersonicWaves+1"],"picked":"theSenshi:TuxedoMaskAssists","floor":35.0},{"not_picked":["theSenshi:LateForSchool","theSenshi:InTheNickOfTime"],"picked":"theSenshi:SailorPlanetAttack+1","floor":37.0},{"not_picked":["theSenshi:MoonTiaraMagic","theSenshi:EncouragingSpeech"],"picked":"theSenshi:MoonPrincessHalation+1","floor":39},{"not_picked":["theSenshi:MoonTiaraMagic","theSenshi:SailorV+1"],"picked":"theSenshi:JupitersPower","floor":41},{"not_picked":["Purity","Jack Of All Trades"],"picked":"Replay:Bootleg Shield Generator","floor":42},{"not_picked":["ReplayUltimateDefense","Replay:Bootleg Shield Generator"],"picked":"ReplayTheSpireMod:Private Reserves","floor":42},{"not_picked":["Replay:Bootleg Shield Generator","expansioncontent:ChargeUp"],"picked":"Specialist","floor":42}],"player_experience":72702,"relics_obtained":[{"floor":2.0,"key":"Torii"},{"floor":9.0,"key":"Centennial Puzzle"},{"floor":11.0,"key":"theSenshi:EternalTiareRelic"},{"floor":13.0,"key":"Nunchaku"},{"floor":17.0,"key":"Strawberry"},{"floor":17.0,"key":"Golden Egg"},{"floor":17.0,"key":"Replay:Towering Pillar of Hats"},{"floor":26.0,"key":"infinitespire:Midas Blood"},{"floor":43,"key":"infinitespire:EmpoweringShard"}],"event_choices":[{"damage_healed":0.0,"max_hp_gain":0.0,"max_hp_loss":0.0,"gold_gain":0.0,"event_name":"The Cleric","player_choice":"Leave","floor":4.0,"gold_loss":0.0,"damage_taken":0.0},{"damage_healed":0.0,"max_hp_gain":0.0,"max_hp_loss":0.0,"gold_gain":0.0,"event_name":"Accursed Blacksmith","player_choice":"Rummage","floor":5.0,"gold_loss":0.0,"damage_taken":0.0,"relics_obtained":["WarpedTongs"],"cards_obtained":["Pain"]},{"damage_healed":0.0,"max_hp_gain":0.0,"max_hp_loss":0.0,"gold_gain":0.0,"event_name":"Match and Keep!","player_choice":"2 cards matched","floor":12.0,"gold_loss":0.0,"damage_taken":0.0,"cards_obtained":["theSenshi:SupersonicWaves","theSenshi:InTheNameOfTheMoon"]},{"damage_healed":0.0,"max_hp_gain":0.0,"max_hp_loss":0.0,"gold_gain":0.0,"event_name":"Wheel of Change","player_choice":"Damaged","floor":27.0,"gold_loss":0.0,"damage_taken":8.0},{"cards_removed":["theSenshi:SailorBlock"],"damage_healed":0.0,"max_hp_gain":0.0,"max_hp_loss":0.0,"gold_gain":0.0,"event_name":"Purifier","player_choice":"Purged","floor":38.0,"gold_loss":0.0,"damage_taken":0.0},{"damage_healed":0,"gold_gain":0,"player_choice":"Memory 3","damage_taken":10,"max_hp_gain":0,"max_hp_loss":0,"event_name":"SensoryStone","floor":42,"gold_loss":0},{"damage_healed":0,"gold_gain":0,"player_choice":"Fight","damage_taken":0,"max_hp_gain":0,"max_hp_loss":0,"event_name":"Mysterious Sphere","floor":44,"gold_loss":0}],"is_beta":false,"boss_relics":[{"not_picked":["halation:Yufonium","Replay:Drink Me"],"picked":"Replay:Grab Bag"},{"not_picked":["Replay:Bronze Core","Painkiller Herb"],"picked":"ChewingGum"},{"not_picked":["Ectoplasm","Velvet Choker"],"picked":"Fusion Hammer"},{"not_picked":["halation:HeavySnake","ReplayTheSpireMod:SealedPack"],"picked":"Calling Bell"},{"not_picked":["Ring of Chaos","Black Star"],"picked":"halation:Prosthetics"}],"items_purged_floors":[3,20,24],"is_endless":false,"potions_floor_spawned":[7,11,14,18,25,31,33,35],"killed_by":"2 Orb Walkers","ascension_level":0}}