{"host":"9l4mw5jqza9qz9hr","time":1609906168,"event":{"mods":["AchievementEnabler","Always Whale","BaseMod","Colored Map","Minty Spire (QoL Compilation)","StSLib","SuperFastMode"],"gold_per_floor":[39,39,78,117,135,207,207,237,237,237,278,278,278,323,323,418,418,461,186,221,49,49,103,103,122,122,122,122,134,163,262,262,391,391,411,411,461,473,154,181,201,226,251,25,63,63,101,132,132,132],"floor_reached":51,"playtime":1799,"items_purged":["Electrodynamics","All For One"],"score":1314,"play_id":"4a2c12ec-3c34-4bf9-bcd1-af1b5e8e922b","local_time":"20210106130928","is_ascension_mode":true,"campfire_choices":[{"data":"HandOfGreed","floor":7.0,"key":"SMITH"},{"floor":13,"key":"REST"},{"data":"Zap","floor":15,"key":"SMITH"},{"data":"Defragment","floor":24,"key":"SMITH"},{"data":"Buffer","floor":28,"key":"SMITH"},{"data":"Coolheaded","floor":32,"key":"SMITH"},{"data":"Seek","floor":49,"key":"SMITH"}],"circlet_count":0,"master_deck":["Zap+1","Dualcast","HandOfGreed+1","Go for the Eyes","Sweeping Beam","Coolheaded+1","Chill+1","Turbo+1","Seek+1","Electrodynamics","Defragment+1","Steam Power","FTL","Hologram","Glacier","Loop","Buffer+1","Defragment+1","Cold Snap","Double Energy","Amplify","Coolheaded","Master of Strategy","Glacier+1","Machine Learning","White Noise","Cold Snap","White Noise+1","Ball Lightning+1"],"relics":["Cracked Core","Omamori","TungstenRod","Emotion Chip","Pandora\u0027s Box","Runic Capacitor","StoneCalendar","Juzu Bracelet","Nuclear Battery","Vajra","FossilizedHelix","DataDisk","Regal Pillow","The Courier","MawBank","Bag of Preparation","Blood Vial","War Paint"],"acts_visited":["Exordium","TheCity","TheBeyond"],"potions_floor_usage":[16,16,23,50,50],"damage_taken":[{"damage":4.0,"enemies":"2 Louse","floor":1.0,"turns":3.0},{"damage":1.0,"enemies":"Cultist","floor":3.0,"turns":3.0},{"damage":6.0,"enemies":"Jaw Worm","floor":4.0,"turns":4.0},{"damage":8.0,"enemies":"Red Slaver","floor":5.0,"turns":5.0},{"damage":15.0,"enemies":"3 Sentries","floor":6.0,"turns":5.0},{"damage":25.0,"enemies":"Gremlin Nob","floor":8.0,"turns":4.0},{"damage":0,"enemies":"Looter","floor":11,"turns":3},{"damage":1,"enemies":"3 Louse","floor":14,"turns":3},{"damage":10,"enemies":"Hexaghost","floor":16,"turns":9},{"damage":0,"enemies":"Chosen","floor":18,"turns":2},{"damage":10,"enemies":"2 Thieves","floor":20,"turns":2},{"damage":9,"enemies":"Gremlin Leader","floor":23,"turns":5},{"damage":0,"enemies":"Cultist and Chosen","floor":25,"turns":3},{"damage":5,"enemies":"Snake Plant","floor":29,"turns":6},{"damage":14,"enemies":"Slavers","floor":30,"turns":3},{"damage":0,"enemies":"Champ","floor":33,"turns":12},{"damage":8,"enemies":"3 Shapes","floor":35,"turns":2},{"damage":2,"enemies":"Mind Bloom Boss Battle","floor":37,"turns":7},{"damage":0,"enemies":"Orb Walker","floor":38,"turns":4},{"damage":13,"enemies":"Reptomancer","floor":40,"turns":4},{"damage":0,"enemies":"Jaw Worm Horde","floor":41,"turns":4},{"damage":0,"enemies":"Giant Head","floor":42,"turns":11},{"damage":0,"enemies":"4 Shapes","floor":45,"turns":4},{"damage":0,"enemies":"Spire Growth","floor":47,"turns":7},{"damage":0,"enemies":"Reptomancer","floor":48,"turns":7},{"damage":0,"enemies":"Donu and Deca","floor":50,"turns":5}],"seed_played":"-3018710001643218844","potions_obtained":[{"floor":2.0,"key":"SmokeBomb"},{"floor":2.0,"key":"Ancient Potion"},{"floor":2.0,"key":"FairyPotion"},{"floor":3.0,"key":"Explosive Potion"},{"floor":5.0,"key":"LiquidMemories"},{"floor":11,"key":"FocusPotion"},{"floor":16,"key":"PowerPotion"},{"floor":18,"key":"DuplicationPotion"},{"floor":30,"key":"Weak Potion"},{"floor":38,"key":"Weak Potion"},{"floor":48,"key":"SkillPotion"}],"is_trial":false,"path_per_floor":["M","?","M","M","M","E","R","E","T","?","M","?","R","M","R","B",null,"M","$","M","$","?","E","R","M","T","?","R","M","E","?","R","B",null,"M","?","?","M","$","E","M","E","T","$","M","?","M","E","R","B",null],"character_chosen":"DEFECT","items_purchased":["Runic Capacitor","Hologram","Loop","DataDisk","Master of Strategy","Bag of Preparation","Blood Vial"],"campfire_rested":1,"item_purchase_floors":[19,19,21,39,39,44,44],"current_hp_per_floor":[64,64,63,57,49,34,34,9,9,9,9,9,31,30,30,20,61,61,61,51,51,51,42,42,42,42,42,42,37,23,23,23,23,62,54,54,52,52,52,39,39,39,39,39,41,41,43,45,45,47],"gold":132,"neow_bonus":"RANDOM_COLORLESS_2","is_daily":false,"chose_seed":false,"campfire_upgraded":6,"win_rate":0.0,"timestamp":1609906168,"path_taken":["M","?","M","?","M","E","R","E","T","?","M","?","R","M","R","BOSS","M","$","M","$","?","E","R","M","T","?","R","?","E","?","R","BOSS","M","?","?","M","$","E","M","E","T","$","M","?","M","E","R","BOSS"],"items_purchased_type":["Relic","Card","Card","Relic","Card","Relic","Relic"],"build_version":"2020-12-22","purchased_purges":2,"victory":true,"max_hp_per_floor":[75,75,75,75,75,75,75,75,75,75,75,75,75,75,75,75,75,75,75,75,75,75,75,75,75,75,75,75,75,75,75,75,75,75,75,75,75,75,75,75,75,75,75,75,75,75,75,75,75,75],"card_choices":[{"not_picked":["Violence","Master of Strategy"],"picked":"HandOfGreed","floor":0.0},{"not_picked":["Aggregate","Beam Cell"],"picked":"Go for the Eyes","floor":1.0},{"not_picked":["Compile Driver","Leap"],"picked":"BootSequence","floor":3.0},{"not_picked":["Stack","Heatsinks"],"picked":"Sweeping Beam","floor":4.0},{"not_picked":["Go for the Eyes","Sunder","Gash"],"picked":"SKIP","floor":5.0},{"not_picked":["Gash","Amplify"],"picked":"Coolheaded","floor":6.0},{"not_picked":["Stack","Redo"],"picked":"Chill","floor":8.0},{"not_picked":["Streamline","Reprogram"],"picked":"Turbo","floor":11},{"not_picked":["Streamline","Turbo","Meteor Strike"],"picked":"SKIP","floor":14},{"not_picked":["Rainbow","Amplify"],"picked":"Seek","floor":16},{"not_picked":["Skim","Sweeping Beam+1","Turbo"],"picked":"SKIP","floor":18},{"not_picked":["Rip and Tear+1","Go for the Eyes"],"picked":"Glacier","floor":20},{"not_picked":["Sweeping Beam+1","Cold Snap"],"picked":"Buffer","floor":23},{"not_picked":["Consume","Beam Cell","Go for the Eyes+1"],"picked":"SKIP","floor":25},{"not_picked":["Steam Power","Barrage+1"],"picked":"Cold Snap","floor":29},{"not_picked":["Hyperbeam","Leap"],"picked":"Double Energy","floor":30},{"not_picked":["Rainbow","All For One"],"picked":"Amplify","floor":33},{"not_picked":["Stack","Beam Cell+1"],"picked":"Coolheaded","floor":35},{"not_picked":["Cold Snap+1","Streamline+1","Redo+1"],"picked":"SKIP","floor":38},{"not_picked":["Streamline+1","Cold Snap"],"picked":"Glacier+1","floor":40},{"not_picked":["Barrage+1","Aggregate","Gash+1"],"picked":"SKIP","floor":41},{"not_picked":["Meteor Strike","Stack"],"picked":"Machine Learning","floor":42},{"not_picked":["Go for the Eyes","Barrage+1"],"picked":"White Noise","floor":45},{"not_picked":["Streamline","Barrage"],"picked":"White Noise+1","floor":47},{"not_picked":["Barrage+1","Force Field"],"picked":"Ball Lightning+1","floor":48}],"player_experience":185158,"relics_obtained":[{"floor":6.0,"key":"Omamori"},{"floor":8.0,"key":"TungstenRod"},{"floor":9.0,"key":"Emotion Chip"},{"floor":23,"key":"StoneCalendar"},{"floor":30,"key":"Juzu Bracelet"},{"floor":37,"key":"FossilizedHelix"},{"floor":40,"key":"Regal Pillow"},{"floor":42,"key":"The Courier"},{"floor":43,"key":"MawBank"},{"floor":48,"key":"War Paint"}],"event_choices":[{"damage_healed":0.0,"max_hp_gain":0.0,"max_hp_loss":0.0,"gold_gain":0.0,"event_name":"Lab","player_choice":"Got Potions","floor":2.0,"gold_loss":0.0,"damage_taken":0.0},{"cards_removed":["Strike_B"],"damage_healed":0,"gold_gain":0,"player_choice":"Forget","damage_taken":0,"max_hp_gain":0,"max_hp_loss":0,"event_name":"Living Wall","floor":10,"gold_loss":0},{"cards_removed":["Strike_B"],"damage_healed":0,"gold_gain":0,"player_choice":"Card Removal","damage_taken":0,"max_hp_gain":0,"max_hp_loss":0,"event_name":"Wheel of Change","floor":12,"gold_loss":0},{"damage_healed":0,"gold_gain":0,"player_choice":"Ignored","damage_taken":0,"max_hp_gain":0,"max_hp_loss":0,"event_name":"Ghosts","floor":22,"gold_loss":0},{"damage_healed":0,"gold_gain":0,"player_choice":"Copied","damage_taken":0,"max_hp_gain":0,"max_hp_loss":0,"event_name":"Duplicator","floor":27,"gold_loss":0,"cards_obtained":["Defragment"]},{"damage_healed":0,"gold_gain":99,"player_choice":"Stole From Cult","damage_taken":0,"max_hp_gain":0,"max_hp_loss":0,"event_name":"Nest","floor":31,"gold_loss":0},{"damage_healed":0,"gold_gain":0,"player_choice":"Gave Potion","damage_taken":0,"relics_obtained":["Vajra"],"max_hp_gain":0,"max_hp_loss":0,"event_name":"WeMeetAgain","floor":36,"gold_loss":0},{"damage_healed":0,"gold_gain":0,"player_choice":"Fight","damage_taken":0,"max_hp_gain":0,"max_hp_loss":0,"event_name":"MindBloom","floor":37,"gold_loss":0},{"damage_healed":0,"gold_gain":0,"cards_transformed":["BootSequence"],"player_choice":"Transformed","damage_taken":0,"max_hp_gain":0,"max_hp_loss":0,"event_name":"Transmorgrifier","floor":46,"gold_loss":0,"cards_obtained":["Cold Snap"]}],"is_beta":false,"boss_relics":[{"not_picked":["FrozenCore","Black Star"],"picked":"Pandora\u0027s Box"},{"not_picked":["Busted Crown","Inserter"],"picked":"Nuclear Battery"}],"items_purged_floors":[19,21],"is_endless":false,"potions_floor_spawned":[3,4,5,11,16,18,20,30,33,38,47,48],"ascension_level":8}}