{"host":"qfskrnw3pl1q86j0","time":1609928839,"event":{"mods":["BaseMod","Block Reminder","Hermit","Marisa????????","Minty Spire (QoL Compilation)","Quick Restart","Random Character Button","Relic Stats","StSLib","The Poker Player","slay the spire mod where everything is the same but ironclad has a cowboy hat"],"gold_per_floor":[119,119,21,35,54,54,81,81,128,159,177,177,177,196,196,321,321,335,350,350,371,219,219,14,35,35,53,53,77,77,101,101,220,220,244,267,288,315,331,370,370,388,413,413,429,429,443,138,138,138],"floor_reached":51,"playtime":2094,"items_purged":["Strike_B","Dualcast","Defend_B"],"score":743,"play_id":"6dac3bbc-9f50-4ed8-b9bb-693b8acd5c52","local_time":"20210106112719","is_ascension_mode":false,"campfire_choices":[{"data":"Reprogram","floor":6.0,"key":"SMITH"},{"floor":8.0,"key":"REST"},{"data":"Sweeping Beam","floor":12.0,"key":"SMITH"},{"data":"Go for the Eyes","floor":15.0,"key":"SMITH"},{"data":"Hologram","floor":23.0,"key":"SMITH"},{"data":"Rebound","floor":28.0,"key":"SMITH"},{"data":"Beam Cell","floor":30.0,"key":"SMITH"},{"data":"FTL","floor":32.0,"key":"SMITH"},{"data":"Echo Form","floor":41.0,"key":"SMITH"},{"data":"Undo","floor":44,"key":"SMITH"},{"data":"Conserve Battery","floor":49,"key":"SMITH"}],"circlet_count":0,"master_deck":["Strike_B","Strike_B+1","Strike_B","Defend_B+1","Defend_B","Defend_B","Conserve Battery+1","Steam","Reprogram+1","Go for the Eyes+1","Sweeping Beam+1","FTL+1","Rebound+1","Echo Form+1","Undo+1","Hologram+1","Auto Shields","Beam Cell+1","Sweeping Beam+1","Leap+1"],"relics":["Cracked Core","Boot","Vajra","Ornamental Fan","Golden Idol","Busted Crown","Unceasing Top","Coffee Dripper","Bag of Marbles","Sundial","Orichalcum","Lantern","Blood Vial","Anchor"],"acts_visited":["Exordium","TheCity","TheBeyond"],"potions_floor_usage":[50,50],"damage_taken":[{"damage":1.0,"enemies":"2 Louse","floor":1.0,"turns":2.0},{"damage":0.0,"enemies":"Small Slimes","floor":4.0,"turns":3.0},{"damage":0.0,"enemies":"Cultist","floor":5.0,"turns":5.0},{"damage":35.0,"enemies":"Gremlin Nob","floor":7.0,"turns":5.0},{"damage":27.0,"enemies":"3 Sentries","floor":10.0,"turns":7.0},{"damage":4.0,"enemies":"Gremlin Gang","floor":11.0,"turns":3.0},{"damage":0.0,"enemies":"Lots of Slimes","floor":14.0,"turns":2.0},{"damage":8.0,"enemies":"Hexaghost","floor":16.0,"turns":11.0},{"damage":6.0,"enemies":"Chosen","floor":18.0,"turns":5.0},{"damage":6.0,"enemies":"2 Thieves","floor":19.0,"turns":5.0},{"damage":0.0,"enemies":"Snecko","floor":21.0,"turns":8.0},{"damage":3.0,"enemies":"Snake Plant","floor":25.0,"turns":4.0},{"damage":4.0,"enemies":"Chosen and Byrds","floor":27.0,"turns":5.0},{"damage":4.0,"enemies":"Sentry and Sphere","floor":29.0,"turns":5.0},{"damage":10.0,"enemies":"3 Cultists","floor":31.0,"turns":5.0},{"damage":13.0,"enemies":"Collector","floor":33.0,"turns":7.0},{"damage":16.0,"enemies":"Orb Walker","floor":35.0,"turns":3.0},{"damage":0.0,"enemies":"3 Darklings","floor":36.0,"turns":5.0},{"damage":8.0,"enemies":"Maw","floor":37.0,"turns":8.0},{"damage":6.0,"enemies":"Spire Growth","floor":39.0,"turns":4.0},{"damage":1.0,"enemies":"Nemesis","floor":40.0,"turns":7.0},{"damage":3,"enemies":"4 Shapes","floor":42,"turns":3},{"damage":9,"enemies":"Transient","floor":45,"turns":5},{"damage":1,"enemies":"Maw","floor":47,"turns":8},{"damage":0,"enemies":"Time Eater","floor":50,"turns":12}],"seed_played":"3546282331948953437","potions_obtained":[{"floor":5.0,"key":"LiquidMemories"},{"floor":14.0,"key":"EntropicBrew"},{"floor":16.0,"key":"GamblersBrew"},{"floor":33.0,"key":"PowerPotion"},{"floor":40.0,"key":"SteroidPotion"},{"floor":47,"key":"SpeedPotion"}],"is_trial":false,"path_per_floor":["M","?","$","M","M","R","E","R","T","E","M","R","?","M","R","B",null,"M","M","?","M","$","R","$","M","T","M","R","M","R","M","R","B",null,"M","M","M","T","M","E","R","M","T","R","M","?","M","$","R","B",null],"character_chosen":"DEFECT","items_purchased":["Steam","Hologram","Auto Shields","Blood Vial","Anchor"],"campfire_rested":1,"item_purchase_floors":[3,22,24,48,48],"current_hp_per_floor":[74,59,59,59,59,59,24,46,46,19,15,15,15,15,15,7,69,63,57,57,57,57,57,57,54,54,50,50,46,46,36,36,23,69,53,53,45,45,39,38,38,35,35,35,26,26,25,25,25,27],"gold":138,"neow_bonus":"UPGRADE_CARD","is_daily":false,"chose_seed":false,"campfire_upgraded":10,"win_rate":0.0,"timestamp":1609928839,"path_taken":["M","?","$","M","M","R","E","R","T","E","M","R","?","M","R","BOSS","M","M","?","M","$","R","$","?","T","M","R","M","R","M","R","BOSS","M","?","?","?","M","E","R","M","T","R","M","?","M","$","R","BOSS"],"items_purchased_type":["Card","Card","Card","Relic","Relic"],"build_version":"2020-12-22","purchased_purges":3,"victory":true,"max_hp_per_floor":[75,75,75,75,75,75,75,75,75,75,75,75,69,69,69,69,69,69,69,69,69,69,69,69,69,69,69,69,69,69,69,69,69,69,69,69,69,69,69,69,69,69,69,69,69,69,69,69,69,69],"relic_stats":{"Blood Vial":2,"Busted Crown":32,"counters":[25,137],"Ornamental Fan":[212],"Golden Idol":140,"Sundial":[4],"Orichalcum":[6],"Boot":[59],"obtain_stats":[{"Lantern":46,"Golden Idol":13,"Vajra":9,"Orichalcum":43,"Boot":7,"Blood Vial":48,"Anchor":48,"Busted Crown":17,"Ornamental Fan":10,"Sundial":40,"Coffee Dripper":34,"Bag of Marbles":38,"Cracked Core":0,"Unceasing Top":26},{"Lantern":23,"Golden Idol":6,"Vajra":4,"Orichalcum":22,"Boot":4,"Blood Vial":24,"Anchor":24,"Busted Crown":8,"Ornamental Fan":5,"Sundial":21,"Coffee Dripper":16,"Bag of Marbles":19,"Cracked Core":0,"Unceasing Top":12},{"Lantern":117,"Golden Idol":25,"Vajra":15,"Orichalcum":112,"Boot":15,"Blood Vial":125,"Anchor":125,"Busted Crown":38,"Ornamental Fan":22,"Sundial":109,"Coffee Dripper":82,"Bag of Marbles":98,"Cracked Core":0,"Unceasing Top":60}],"Unceasing Top":[16]},"card_choices":[{"not_picked":["Turbo","Blizzard"],"picked":"Conserve Battery","floor":1.0},{"not_picked":["Stack","Meteor Strike"],"picked":"Reprogram","floor":4.0},{"not_picked":["Blizzard","Turbo"],"picked":"Go for the Eyes","floor":5.0},{"not_picked":["Barrage","Steam","Conserve Battery"],"picked":"SKIP","floor":7.0},{"not_picked":["Rebound","BootSequence"],"picked":"Sweeping Beam","floor":10.0},{"not_picked":["Reprogram","Chaos"],"picked":"FTL","floor":11.0},{"not_picked":["Stack","Capacitor"],"picked":"Rebound","floor":14.0},{"not_picked":["Buffer","Multi-Cast"],"picked":"Echo Form","floor":16.0},{"not_picked":[],"picked":"Undo","floor":18.0},{"not_picked":["Cold Snap"],"picked":"SKIP","floor":19.0},{"not_picked":["Storm"],"picked":"SKIP","floor":21.0},{"not_picked":["Chaos"],"picked":"SKIP","floor":25.0},{"not_picked":["Barrage"],"picked":"SKIP","floor":27.0},{"not_picked":[],"picked":"Beam Cell","floor":29.0},{"not_picked":["Aggregate"],"picked":"SKIP","floor":31.0},{"not_picked":[],"picked":"Sweeping Beam+1","floor":35.0},{"not_picked":["Coolheaded+1"],"picked":"SKIP","floor":36.0},{"not_picked":["Beam Cell"],"picked":"SKIP","floor":37.0},{"not_picked":["Barrage+1"],"picked":"SKIP","floor":39.0},{"not_picked":[],"picked":"Leap+1","floor":40.0},{"not_picked":["FTL+1"],"picked":"SKIP","floor":42},{"not_picked":["Self Repair+1"],"picked":"SKIP","floor":45},{"not_picked":["Steam Power"],"picked":"SKIP","floor":47}],"player_experience":926043,"relics_obtained":[{"floor":7.0,"key":"Boot"},{"floor":9.0,"key":"Vajra"},{"floor":10.0,"key":"Ornamental Fan"},{"floor":26.0,"key":"Unceasing Top"},{"floor":38.0,"key":"Bag of Marbles"},{"floor":40.0,"key":"Sundial"},{"floor":43,"key":"Orichalcum"}],"event_choices":[{"damage_healed":0.0,"max_hp_gain":0.0,"max_hp_loss":0.0,"gold_gain":0.0,"event_name":"Shining Light","player_choice":"Entered Light","floor":2.0,"gold_loss":0.0,"damage_taken":15.0,"cards_upgraded":["Defend_B","Strike_B"]},{"damage_healed":0.0,"max_hp_gain":0.0,"max_hp_loss":6.0,"gold_gain":0.0,"event_name":"Golden Idol","player_choice":"Lose Max HP","floor":13.0,"gold_loss":0.0,"damage_taken":0.0,"relics_obtained":["Golden Idol"]},{"cards_removed":["Zap"],"damage_healed":0.0,"max_hp_gain":0.0,"max_hp_loss":0.0,"gold_gain":0.0,"event_name":"Bonfire Elementals","player_choice":"Offered Basic","floor":20.0,"gold_loss":0.0,"damage_taken":0.0},{"damage_healed":0,"gold_gain":0,"player_choice":"Gave Potion","damage_taken":0,"relics_obtained":["Lantern"],"max_hp_gain":0,"max_hp_loss":0,"event_name":"WeMeetAgain","floor":46,"gold_loss":0}],"is_beta":false,"boss_relics":[{"not_picked":["SacredBark","Snecko Eye"],"picked":"Busted Crown"},{"not_picked":["Calling Bell","Empty Cage"],"picked":"Coffee Dripper"}],"items_purged_floors":[3,22,24],"is_endless":false,"potions_floor_spawned":[5,14,16,19,21,29,33,35,37,40,47],"ascension_level":0}}