{"host":"11x7bwb6uta9qxyq","time":1609904968,"event":{"mods":["Act Like it!","BaseMod","Colored Powertips","Colorless Booster Pack","Conjunction","Conspire","Custom Cards and Relics","Dota2Spire","Elementarium","Energized Spire","Friendly Minions","FruityMod","Gensokyo","GifTheSpireLib","GungeonMod","Halation","Hallownest","Hubris","Hyrulean Relics","Infinite Spire","Jedi Mod","Kratos Character Expansion","Menagerie","Minty Spire (QoL Compilation)","Pale of the Ancients","Permanent Neow","Replay The Spire","SOS???????","Shop Mod","Small Relic Pack","Spicy Shops","StSLib","Stuff the Spire","The Animator","The Blue Laboratory","The Exalted","The Factory","Thieving Mod","Trackpad","vexMod"],"gold_per_floor":[116,129,14,30,47,77,77,87,87,87,87,12,12,22,22,22,22],"floor_reached":16,"playtime":737,"items_purged":["Strike_R"],"score":102,"play_id":"a6b7606d-25ec-4ec2-ae62-048e6ee16df7","local_time":"20210105214928","is_ascension_mode":false,"campfire_choices":[{"data":"jedi:collectorstrike","floor":7,"key":"SMITH"},{"floor":10,"key":"REST"},{"floor":15,"key":"DIG"}],"circlet_count":0,"master_deck":["Strike_R","Strike_R","Strike_R","Defend_R+1","Defend_R+1","Defend_R","Bash","jedi:collectorstrike+1"],"relics":["Empty Cage","DemoMod:GnawedKey","War Paint","DemoMod:PinkGuonStone","Hallownest:DreamNailRelic","Replay:Bottled Eggs"],"acts_visited":["Hallownest:Greenpath"],"potions_floor_usage":[5,6,6,16],"damage_taken":[{"damage":1,"enemies":"Hallownest:monsterHuskWarrior","floor":1,"turns":5},{"damage":9,"enemies":"2_ Uuma","floor":2,"turns":6},{"damage":4,"enemies":"Hallownest:2_Baldur","floor":4,"turns":4},{"damage":47,"enemies":"Hallownest:1_Ooma_and_2_Uuma","floor":5,"turns":7},{"damage":6,"enemies":"Hallownest:eliteVengeflyKing","floor":6,"turns":5},{"damage":8,"enemies":"Hallownest:Wandering_and_Horned","floor":8,"turns":5},{"damage":0,"enemies":"Hallownest:monsterAspidMother","floor":11,"turns":3},{"damage":1,"enemies":"Hallownest:MossCreep_and_Mosskin","floor":14,"turns":3},{"damage":40,"enemies":"Hallownest:BossHornet","floor":16,"turns":12}],"seed_played":"-1889589875552142995","potions_obtained":[{"floor":1,"key":"blueLaboratory:LouseDecoction"},{"floor":4,"key":"SteroidPotion"},{"floor":5,"key":"SteroidPotion"},{"floor":14,"key":"ColorlessPotion"}],"is_trial":false,"path_per_floor":["M","M","$","M","M","E","R","M","T","R","M","$","?","M","R","B"],"character_chosen":"IRONCLAD","items_purchased":["DemoMod:GnawedKey"],"campfire_rested":1,"item_purchase_floors":[3],"current_hp_per_floor":[79,70,70,66,19,13,13,5,12,38,38,38,38,37,37,0,0],"gold":22,"neow_bonus":"BOSS_RELIC","is_daily":false,"chose_seed":false,"campfire_upgraded":1,"win_rate":0.0,"timestamp":1609904968,"path_taken":["M","M","$","M","M","E","R","M","T","R","M","$","?","?","R","BOSS"],"items_purchased_type":["Relic"],"build_version":"2020-12-22","purchased_purges":1,"victory":false,"max_hp_per_floor":[80,80,80,80,80,80,80,80,87,87,87,87,87,87,87,87,87],"card_choices":[{"not_picked":["Shrug It Off","StuffTheSpire:Resist"],"picked":"jedi:collectorstrike","floor":1},{"not_picked":["Shrug It Off","Twin Strike"],"picked":"jedi:collectorstrike","floor":2},{"not_picked":["Havoc","Defy Death"],"picked":"jedi:collectorstrike","floor":4},{"not_picked":["Ghostly Armor","conspire:Charge","Run Through"],"picked":"SKIP","floor":5},{"not_picked":["jedi:unlimitedpower","Whirlwind"],"picked":"jedi:collectorstrike","floor":6},{"not_picked":["Body Slam","Clothesline"],"picked":"jedi:collectorstrike+1","floor":8},{"not_picked":["Combust","Sentinel"],"picked":"jedi:collectorstrike+1","floor":11},{"not_picked":["Pommel Strike","Shrug It Off"],"picked":"jedi:collectorstrike+1","floor":14}],"player_experience":170691,"relics_obtained":[{"floor":6,"key":"War Paint"},{"floor":9,"key":"DemoMod:PinkGuonStone"},{"floor":15,"key":"Replay:Bottled Eggs"}],"event_choices":[],"is_beta":false,"boss_relics":[],"items_purged_floors":[12],"is_endless":false,"potions_floor_spawned":[1,4,5,14],"killed_by":"Hallownest:BossHornet","ascension_level":0}}