{"host":"xurz8oye0j2lsa2k","time":1609918422,"event":{"mods":["AchievementEnabler","BaseMod","BetterRewards","Colored Map","Hubris","Marisa????????","Minty Spire (QoL Compilation)","Permanent Neow","Replay The Spire","Spicy Shops","StSLib","UnlockEverythingMod"],"gold_per_floor":[113,113,126,168,179,179,210,210,210,138,148,57,68,78,78,175,175,194,194,44,44,44,76,76,91,143,155,185,197,224,236,248,260,260],"floor_reached":33,"playtime":1433,"items_purged":[],"score":290,"play_id":"8b134e06-e92d-4d37-9273-7a11c40a6b2f","local_time":"20210106023342","is_ascension_mode":false,"campfire_choices":[{"data":"Survivor","floor":6,"key":"SMITH"},{"floor":8,"key":"REST"},{"data":"Terror","floor":15,"key":"SMITH"},{"data":"Accuracy","floor":29,"key":"SMITH"},{"data":"Calculated Gamble","floor":32,"key":"SMITH"}],"circlet_count":0,"master_deck":["Strike_G+1","Strike_G+1","Strike_G+1","Strike_G+1","Defend_G+1","Defend_G+1","Defend_G+1","Defend_G+1","Defend_G+1","Survivor+1","Neutralize+1","ReplayTheSpireMod:Speed Training","Phantasmal Killer+1","Infinite Blades","Acrobatics","Calculated Gamble+1","Flechettes","Terror+1","Riddle With Holes","Dodge and Roll+1","Accuracy+1","Cloak And Dagger+1","Blade Dance"],"relics":["HoveringKite","Replay:Kaleidoscope","Whetstone","hubris:TinFlute","Snecko Eye","Bronze Scales","hubris:BottledHeart","Tiny Chest","MawBank","ReplayTheSpireMod:Ring of Collecting","Ring of Fury"],"acts_visited":["Exordium","TheCity"],"potions_floor_usage":[7,16,16,16,25,33],"damage_taken":[{"damage":1,"enemies":"Small Slimes","floor":1,"turns":3},{"damage":0,"enemies":"2 Louse","floor":3,"turns":3},{"damage":0,"enemies":"Jaw Worm","floor":5,"turns":2},{"damage":14,"enemies":"Replay:BlueRogue","floor":7,"turns":10},{"damage":5,"enemies":"3 Louse","floor":11,"turns":4},{"damage":2,"enemies":"Large Slime","floor":13,"turns":6},{"damage":7,"enemies":"Looter","floor":14,"turns":3},{"damage":10,"enemies":"Hexaghost","floor":16,"turns":6},{"damage":0,"enemies":"Shell Parasite","floor":18,"turns":4},{"damage":0,"enemies":"Gremlin Leader","floor":23,"turns":5},{"damage":0,"enemies":"Chosen","floor":25,"turns":3},{"damage":0,"enemies":"Shelled Parasite and Fungi","floor":28,"turns":4},{"damage":0,"enemies":"Centurion and Healer","floor":30,"turns":7},{"damage":11,"enemies":"hubris:MusketHawk","floor":33,"turns":6}],"seed_played":"8230120914039302796","potions_obtained":[{"floor":1,"key":"ColorlessPotion"},{"floor":5,"key":"GhostInAJar"},{"floor":7,"key":"Elixir"},{"floor":14,"key":"Adrenaline Potion"},{"floor":23,"key":"CunningPotion"},{"floor":28,"key":"Dexterity Potion"}],"is_trial":false,"path_per_floor":["M","?","M","?","M","R","E","R","T","$","M","$","M","M","R","B",null,"M","?","$","?","$","E","?","M","T","?","M","R","M","?","R","B"],"character_chosen":"THE_SILENT","items_purchased":["Calculated Gamble","Flechettes","Bronze Scales"],"campfire_rested":1,"item_purchase_floors":[10,12,20],"current_hp_per_floor":[69,69,69,41,41,41,27,48,48,48,43,43,41,34,34,24,70,70,70,70,1,1,1,1,1,1,1,1,1,1,1,1,0,0],"gold":260,"neow_bonus":"BOSS_RELIC","is_daily":false,"chose_seed":false,"campfire_upgraded":4,"win_rate":0.0,"timestamp":1609918422,"path_taken":["M","?","M","?","M","R","E","R","T","?","M","$","M","M","R","BOSS","M","?","$","?","$","E","?","M","T","?","M","R","M","?","R","BOSS"],"items_purchased_type":["Card","Card","Relic"],"build_version":"2020-12-22","purchased_purges":0,"victory":false,"max_hp_per_floor":[70,70,70,70,70,70,70,70,70,70,70,70,70,70,70,70,70,70,70,70,1,1,1,1,1,1,1,1,1,1,1,1,1,1],"card_choices":[{"not_picked":["Sneak Up","Skewer"],"picked":"ReplayTheSpireMod:Speed Training","floor":1},{"not_picked":["Dash","Backstab"],"picked":"Infinite Blades","floor":3},{"not_picked":["Draining Mist","Hidden Blade"],"picked":"Acrobatics","floor":5},{"not_picked":["Sneak Up","Acrobatics","Flying Knee"],"picked":"SKIP","floor":7},{"not_picked":["Blade Dance","ReplayTheSpireMod:Necrosis","Backflip"],"picked":"SKIP","floor":11},{"not_picked":["Prepared","Sucker Punch"],"picked":"Terror","floor":13},{"not_picked":["Quick Slash","Prepared"],"picked":"Riddle With Holes","floor":14},{"not_picked":["hubris:SlightOfHand","Reflex+1"],"picked":"Dodge and Roll+1","floor":18},{"not_picked":["ReplayTheSpireMod:Speed Training","Poisoned Stab","Dagger Throw"],"picked":"SKIP","floor":23},{"not_picked":["Underhanded Strike","ReplayTheSpireMod:Exploit Weakness+1"],"picked":"Cloak And Dagger+1","floor":25},{"not_picked":["Bane","Acrobatics","Riddle With Holes"],"picked":"SKIP","floor":28},{"not_picked":["Acrobatics+1","Deflect+1"],"picked":"Blade Dance","floor":30}],"player_experience":505876,"relics_obtained":[{"floor":4,"key":"Replay:Kaleidoscope"},{"floor":7,"key":"Whetstone"},{"floor":9,"key":"hubris:TinFlute"},{"floor":23,"key":"Tiny Chest"},{"floor":26,"key":"MawBank"},{"floor":31,"key":"ReplayTheSpireMod:Ring of Collecting"},{"floor":31,"key":"Ring of Fury"}],"event_choices":[{"damage_healed":0,"gold_gain":0,"player_choice":"Ignored","damage_taken":0,"max_hp_gain":0,"max_hp_loss":0,"event_name":"Vampires","floor":24,"gold_loss":0},{"damage_healed":0,"gold_gain":0,"player_choice":"Simplicity","damage_taken":0,"max_hp_gain":0,"max_hp_loss":0,"event_name":"Back to Basics","floor":27,"gold_loss":0,"cards_upgraded":["Strike_G","Strike_G","Strike_G","Defend_G","Defend_G","Defend_G","Defend_G","Defend_G"]}],"is_beta":false,"boss_relics":[{"not_picked":["Ring of Chaos","hubris:RunicObelisk"],"picked":"Snecko Eye"}],"items_purged_floors":[],"is_endless":false,"potions_floor_spawned":[1,5,7,14,23,28],"killed_by":"hubris:MusketHawk","ascension_level":0}}