{"host":"2cg6xoexl1he7zus","time":1609943847,"event":{"mods":["AchievementEnabler","BaseMod","Colored Map","Minty Spire (QoL Compilation)","Quick Restart","StSLib","SuperFastMode","everything is the same but u backflip on backflip"],"gold_per_floor":[116,45,45,62,74,74,101,112,139,139,89,107,107,133,133,133,133],"floor_reached":16,"playtime":419,"items_purged":[],"score":182,"play_id":"740baa8b-1c66-430b-800f-0eb3c2a176cc","local_time":"20210106233727","is_ascension_mode":true,"campfire_choices":[{"data":"Dualcast","floor":6,"key":"SMITH"},{"data":"Zap","floor":10,"key":"SMITH"},{"data":"Coolheaded","floor":13,"key":"SMITH"},{"data":"Barrage","floor":15,"key":"SMITH"}],"circlet_count":0,"master_deck":["AscendersBane","Strike_B","Strike_B","Strike_B","Defend_B","Defend_B","Defend_B","Zap+1","Dualcast+1","Conserve Battery","Core Surge","Scrape","Coolheaded+1","Barrage+1","Turbo","Glacier"],"relics":["Cracked Core","Art of War","Centennial Puzzle","Strawberry"],"acts_visited":["Exordium"],"potions_floor_usage":[7],"damage_taken":[{"damage":7,"enemies":"Jaw Worm","floor":1,"turns":3},{"damage":1,"enemies":"Cultist","floor":4,"turns":3},{"damage":0,"enemies":"Small Slimes","floor":5,"turns":2},{"damage":3,"enemies":"3 Sentries","floor":7,"turns":11},{"damage":4,"enemies":"3 Louse","floor":8,"turns":3},{"damage":6,"enemies":"Looter","floor":12,"turns":2},{"damage":15,"enemies":"Gremlin Nob","floor":14,"turns":4},{"damage":41,"enemies":"Hexaghost","floor":16,"turns":9}],"seed_played":"-2899056801589586100","potions_obtained":[{"floor":5,"key":"SkillPotion"},{"floor":7,"key":"Energy Potion"}],"is_trial":false,"path_per_floor":["M","$","?","M","M","R","E","M","T","R","?","M","R","E","R","B"],"character_chosen":"DEFECT","items_purchased":["Core Surge"],"campfire_rested":0,"item_purchase_floors":[2],"current_hp_per_floor":[61,61,61,60,60,60,57,53,53,53,53,47,47,39,39,0,0],"gold":133,"neow_bonus":"THREE_CARDS","is_daily":false,"chose_seed":false,"campfire_upgraded":4,"win_rate":0.0,"timestamp":1609943847,"path_taken":["M","$","?","M","M","R","E","?","T","R","?","M","R","E","R","BOSS"],"items_purchased_type":["Card"],"build_version":"2020-12-22","purchased_purges":0,"victory":false,"max_hp_per_floor":[75,75,75,75,75,75,75,75,75,75,75,75,75,82,82,82,82],"card_choices":[{"not_picked":["Go for the Eyes","Turbo"],"picked":"Conserve Battery","floor":0},{"not_picked":["Steam","Rebound","Gash"],"picked":"SKIP","floor":1},{"not_picked":["Gash","Sweeping Beam"],"picked":"Coolheaded","floor":4},{"not_picked":["Turbo","Hologram","Coolheaded"],"picked":"SKIP","floor":5},{"not_picked":["Stack","Beam Cell","Rebound"],"picked":"SKIP","floor":7},{"not_picked":["Undo","Recycle"],"picked":"Barrage","floor":8},{"not_picked":["Steam","Multi-Cast"],"picked":"Turbo","floor":12},{"not_picked":["Reprogram","Steam"],"picked":"Glacier","floor":14}],"player_experience":260041,"relics_obtained":[{"floor":7,"key":"Art of War"},{"floor":9,"key":"Centennial Puzzle"},{"floor":14,"key":"Strawberry"}],"event_choices":[{"damage_healed":0,"gold_gain":0,"cards_transformed":["Strike_B"],"player_choice":"Transformed","damage_taken":0,"max_hp_gain":0,"max_hp_loss":0,"event_name":"Transmorgrifier","floor":3,"gold_loss":0,"cards_obtained":["Scrape"]},{"cards_removed":["Defend_B"],"damage_healed":0,"gold_gain":0,"player_choice":"Card Removal","damage_taken":0,"max_hp_gain":0,"max_hp_loss":0,"event_name":"The Cleric","floor":11,"gold_loss":50}],"is_beta":false,"boss_relics":[],"items_purged_floors":[],"is_endless":false,"potions_floor_spawned":[5,7],"killed_by":"Hexaghost","ascension_level":13}}