{"host":"r5cycnjhcbwgkpkf","time":1609964591,"event":{"mods":["2.2 Compatiblity","AchievementEnabler","BaseMod","Bestiary","Better Match","Better Note","Better Skull","Better Third Choice","BetterRewards","Colored Map","Colored Powertips","Downfall","Infinite Spire","Minty Spire (QoL Compilation)","Replay The Spire","Spicy Shops","StSLib"],"gold_per_floor":[114,114,129,129,129,170,170,170,170,209,272,272,310,323,323,416,416,441,459,459,478,502,502,517,517,543,39,78,78,93,103,103,179,179,192,192,51,63,63,63,92,92,92,106,106,106,117,117,117,117],"floor_reached":51,"playtime":1947,"items_purged":["Strike_R","Sickly","Strike_R"],"score":1808,"play_id":"d1d1f800-732d-46f0-8ad1-b861d1de44dc","local_time":"20210106122311","is_ascension_mode":true,"campfire_choices":[{"data":"Metallicize","floor":7.0,"key":"SMITH"},{"data":"Bash","floor":12.0,"key":"SMITH"},{"floor":15.0,"key":"REST"},{"floor":23,"key":"REST"},{"data":"Rage","floor":25,"key":"SMITH"},{"data":"Cleave","floor":32,"key":"SMITH"},{"data":"Infernal Blade","floor":40,"key":"SMITH"},{"floor":42,"key":"REST"},{"floor":45,"key":"REST"},{"floor":49,"key":"REST"}],"circlet_count":0,"master_deck":["AscendersBane","Strike_R","Strike_R","Strike_R","Defend_R+1","Defend_R","Defend_R","Defend_R+1","Bash+1","Metallicize+1","Pummel+1","Injury","Evolve+1","Rage+1","Wild Strike","Reaper+1","Metallicize+1","Sword Boomerang","Infernal Blade+1","Spot Weakness","Wild Strike","Cleave+1","Thunderclap+1","infinitespire:Collect","ReplayTheSpireMod:Limb From Limb+1","infinitespire:Collect"],"relics":["Burning Blood","Akabeko","Brimstone","Chemical X","Bottled Tornado","Singing Bowl","Oddly Smooth Stone","Bloody Idol","ReplayTheSpireMod:Ring of Exchange","infinitespire:Broken Mirror","Omamori","infinitespire:FocusingShard","Question Card","Tiny House","Bag of Preparation","DollysMirror","Boot","Art of War","Bag of Marbles","Guide Book","War Paint","Cursed Key","Paper Frog","infinitespire:Beetle Shell","Gremlin Horn"],"acts_visited":["Exordium","TheCity","TheBeyond"],"potions_floor_usage":[24,28,30,33,44,50],"damage_taken":[{"damage":2.0,"enemies":"Small Slimes","floor":1.0,"turns":3.0},{"damage":0.0,"enemies":"2 Louse","floor":3.0,"turns":2.0},{"damage":10.0,"enemies":"Gremlin Nob","floor":6.0,"turns":3.0},{"damage":2.0,"enemies":"Replay:BlueRogue","floor":10.0,"turns":3.0},{"damage":24.0,"enemies":"Gremlin Nob","floor":13.0,"turns":4.0},{"damage":0.0,"enemies":"infinitespire:Voidling","floor":14.0,"turns":1.0},{"damage":48.0,"enemies":"The Guardian","floor":16.0,"turns":8.0},{"damage":21.0,"enemies":"3 Byrds","floor":18.0,"turns":3.0},{"damage":11.0,"enemies":"2 Thieves","floor":19.0,"turns":2.0},{"damage":48,"enemies":"3 Cultists","floor":21,"turns":5},{"damage":23,"enemies":"Cultist and Chosen","floor":22,"turns":4},{"damage":16,"enemies":"Chosen and Byrds","floor":24,"turns":4},{"damage":22,"enemies":"Slavers","floor":28,"turns":4},{"damage":25,"enemies":"Snecko","floor":30,"turns":4},{"damage":0,"enemies":"Snake Plant","floor":31,"turns":2},{"damage":66,"enemies":"Champ","floor":33,"turns":8},{"damage":0,"enemies":"Orb Walker","floor":35,"turns":2},{"damage":35,"enemies":"3 Shapes","floor":38,"turns":3},{"damage":56,"enemies":"Reptomancer","floor":41,"turns":5},{"damage":50,"enemies":"Writhing Mass","floor":44,"turns":3},{"damage":38,"enemies":"Spire Growth","floor":47,"turns":4},{"damage":108,"enemies":"Time Eater","floor":50,"turns":6}],"seed_played":"3216801170687384751","potions_obtained":[{"floor":1.0,"key":"Toxic Potion"},{"floor":10.0,"key":"HeartOfIron"},{"floor":22,"key":"Explosive Potion"},{"floor":24,"key":"BloodPotion"},{"floor":28,"key":"SkillPotion"},{"floor":31,"key":"DuplicationPotion"},{"floor":35,"key":"SkillPotion"}],"is_trial":false,"path_per_floor":["M","?","M","?","?","E","R","T","T","E","AVR","R","E","M","R","B",null,"M","M","?","M","M","R","M","R","T","$","E","?","M","M","R","B",null,"M","?","$","M","?","R","E","R","T","M","R","?","M","?","R","B",null],"character_chosen":"IRONCLAD","items_purchased":["Akabeko","Brimstone","Metallicize","Chemical X","Bottled Tornado","Singing Bowl","Oddly Smooth Stone","Art of War","Bag of Marbles","Guide Book","Paper Frog"],"campfire_rested":5,"item_purchase_floors":[0,0,0,0,0,0,0,27,27,27,37],"current_hp_per_floor":[50,50,56,56,56,52,52,52,52,58,63,63,47,53,78,36,74,64,59,59,49,41,67,64,64,64,64,65,65,80,92,92,54,84,94,72,72,77,94,94,72,96,96,59,88,90,75,75,102,28],"gold":117,"neow_bonus":"","is_daily":false,"chose_seed":false,"campfire_upgraded":5,"win_rate":0.0,"timestamp":1609964591,"path_taken":["M","?","M","?","?","E","R","?","T","E","AVR","R","E","?","R","BOSS","M","M","?","M","M","R","M","R","T","$","E","?","M","M","R","BOSS","M","?","$","M","?","R","E","R","T","M","R","?","M","?","R","BOSS"],"items_purchased_type":["Relic","Relic","Card","Relic","Relic","Relic","Relic","Relic","Relic","Relic","Relic"],"build_version":"2020-12-22","purchased_purges":3,"victory":true,"max_hp_per_floor":[77,77,77,77,77,77,77,77,77,79,84,84,86,86,86,86,86,86,86,86,88,88,88,88,88,88,88,90,90,90,92,92,94,94,94,94,94,94,94,94,96,96,96,98,98,100,102,102,102,102],"card_choices":[{"not_picked":["Flame Barrier","Life Link","Entrench"],"picked":"Singing Bowl","floor":1.0},{"not_picked":["ReplayTheSpireMod:LeadingStrike","Clothesline"],"picked":"Pummel","floor":3.0},{"not_picked":["Shrug It Off","Twin Strike"],"picked":"Evolve","floor":6.0},{"not_picked":["Battle Trance","Power Through","Metallicize"],"picked":"Singing Bowl","floor":10.0},{"not_picked":["Warcry","ReplayTheSpireMod:Strike From Hell","Wild Strike"],"picked":"Rage","floor":11.0},{"not_picked":["ReplayTheSpireMod:LeadingStrike","Seeing Red","Second Wind","Warcry"],"picked":"Singing Bowl","floor":13.0},{"not_picked":["Uppercut","True Grit","Hemokinesis"],"picked":"Wild Strike","floor":14.0},{"not_picked":["Exhume","Immolate","Demonic Infusion"],"picked":"Reaper","floor":16.0},{"not_picked":["Anger","Dropkick","Heavy Blade"],"picked":"Sword Boomerang","floor":18.0},{"not_picked":["Power Through","Rupture","Sword Boomerang+1"],"picked":"Infernal Blade","floor":19},{"not_picked":["Body Slam","Life Link","Armaments","Clash"],"picked":"Singing Bowl","floor":21},{"not_picked":["Havoc","Shrug It Off","ReplayTheSpireMod:Strike From Hell"],"picked":"Spot Weakness","floor":22},{"not_picked":["Twin Strike+1","Clash","Reckless Charge"],"picked":"Wild Strike","floor":24},{"not_picked":["Clothesline","Armaments+1","Hemogenesis","Shrug It Off"],"picked":"Singing Bowl","floor":28},{"not_picked":["Shrug It Off","Blood for Blood","Warcry"],"picked":"Cleave","floor":30},{"not_picked":["Cleave","Iron Wave","Exhume","Wild Strike"],"picked":"Singing Bowl","floor":31},{"not_picked":["Hemogenesis","Replay:Many Hands","Offering","Impervious"],"picked":"Singing Bowl","floor":33},{"not_picked":["Fire Breathing","Shockwave","ReplayTheSpireMod:Strike From Hell+1"],"picked":"Thunderclap+1","floor":35},{"not_picked":["infinitespire:Punishment","ReplayTheSpireMod:Black Plague"],"picked":"infinitespire:Collect","floor":36},{"not_picked":["Twin Strike","Sword Boomerang","Armaments"],"picked":"ReplayTheSpireMod:Limb From Limb+1","floor":38},{"not_picked":["Spot Weakness","infinitespire:OneForAll","Wild Strike","Replay:Undeath\u0027s Touch"],"picked":"Singing Bowl","floor":41},{"not_picked":["Headbutt","Armaments+1","Rage","Iron Wave"],"picked":"Singing Bowl","floor":44},{"not_picked":["expansioncontent:BronzeBeam","Metamorphosis","Transmutation","Trip"],"picked":"Singing Bowl","floor":46},{"not_picked":["Rampage","Second Wind","Life Link","Thunderclap+1"],"picked":"Singing Bowl","floor":47}],"player_experience":405273,"relics_obtained":[{"floor":5.0,"key":"ReplayTheSpireMod:Ring of Exchange"},{"floor":6.0,"key":"infinitespire:Broken Mirror"},{"floor":8.0,"key":"Omamori"},{"floor":9.0,"key":"infinitespire:FocusingShard"},{"floor":10.0,"key":"Question Card"},{"floor":13.0,"key":"Bag of Preparation"},{"floor":26,"key":"Boot"},{"floor":28,"key":"War Paint"},{"floor":41,"key":"infinitespire:Beetle Shell"},{"floor":43,"key":"Gremlin Horn"}],"event_choices":[{"damage_healed":0.0,"max_hp_gain":0.0,"max_hp_loss":0.0,"gold_gain":0.0,"event_name":"Golden Wing","player_choice":"Ignored","floor":2.0,"gold_loss":0.0,"damage_taken":0.0},{"damage_healed":0.0,"max_hp_gain":0.0,"max_hp_loss":0.0,"gold_gain":0.0,"event_name":"Golden Idol","player_choice":"Take Wound","floor":4.0,"gold_loss":0.0,"damage_taken":0.0,"relics_obtained":["Golden Idol"],"cards_obtained":["Injury"]},{"damage_healed":0,"gold_gain":0,"player_choice":"Ignored","damage_taken":0,"max_hp_gain":0,"max_hp_loss":0,"event_name":"Ghosts","floor":20,"gold_loss":0},{"damage_healed":0,"gold_gain":0,"player_choice":"Gave Idol","damage_taken":0,"relics_obtained":["Bloody Idol"],"max_hp_gain":0,"max_hp_loss":0,"event_name":"Forgotten Altar","floor":29,"relics_lost":["Golden Idol"],"gold_loss":0},{"damage_healed":19,"gold_gain":0,"player_choice":"Writhe","damage_taken":0,"max_hp_gain":0,"max_hp_loss":0,"event_name":"Winding Halls","floor":39,"gold_loss":0,"cards_obtained":["Writhe"]},{"damage_healed":0,"gold_gain":0,"player_choice":"Memory 1","damage_taken":0,"max_hp_gain":0,"max_hp_loss":0,"event_name":"SensoryStone","floor":46,"gold_loss":0},{"damage_healed":0,"gold_gain":0,"player_choice":"Copied","damage_taken":0,"max_hp_gain":0,"max_hp_loss":0,"event_name":"Duplicator","floor":48,"gold_loss":0,"cards_obtained":["infinitespire:Collect"]}],"is_beta":false,"boss_relics":[{"not_picked":["PrismaticShard","Runic Cube"],"picked":"DollysMirror"},{"not_picked":["infinitespire:Cupcake","Snecko Eye"],"picked":"Cursed Key"}],"items_purged_floors":[0,11,27],"is_endless":false,"potions_floor_spawned":[1,10,13,14,22,24,28,31,35,38],"ascension_level":19}}