{"host":"mmqs5ul2bvb60kyc","time":1609931334,"event":{"mods":["AchievementEnabler","BaseMod","Minty Spire (QoL Compilation)","StSLib"],"gold_per_floor":[19,19,43,53,53,53,80,80,131,146,146,1,12,32,32,134,134,149,149,165,53,66,91,101,135,162,162,162,162,187,187,187,287,287,300,314,314,405,239,239,271,286,309,309,343,359,384,384,384,384,384,384,90,120,120],"floor_reached":56,"playtime":3899,"items_purged":["Strike_R"],"score":1812,"play_id":"989ecb60-99d9-4d3b-b283-b3b14fde5bb8","local_time":"20210106190854","is_ascension_mode":true,"campfire_choices":[{"data":"Body Slam","floor":6.0,"key":"SMITH"},{"floor":8.0,"key":"RECALL"},{"data":"Dark Embrace","floor":11.0,"key":"SMITH"},{"data":"Bash","floor":15.0,"key":"SMITH"},{"data":"Burning Pact","floor":27.0,"key":"SMITH"},{"data":"Second Wind","floor":32.0,"key":"SMITH"}],"circlet_count":0,"master_deck":["AscendersBane","Defend_R","Defend_R+1","Defend_R","Bash+1","Armaments+1","Body Slam+1","Sentinel+1","Second Wind+1","Dark Embrace+1","Intimidate+1","Burning Pact+1","Impervious+1","Shrug It Off+1","Necronomicurse","Gash","LessonLearned","Flame Barrier+1","Deflect+1","Deep Breath+1","Magnetism","Coolheaded+1","Discovery+1","Sentinel+1","Feel No Pain","Seeing Red","Master of Strategy","Hologram+1","Buffer","FTL+1","Barricade","True Grit","Undo"],"relics":["Burning Blood","Eternal Feather","Pen Nib","Membership Card","Coffee Dripper","Necronomicon","PrismaticShard","Pantograph","Omamori","Vajra","Self Forming Clay","Lizard Tail","Fusion Hammer","Unceasing Top","MealTicket","Happy Flower","Lantern","Bronze Scales","Orichalcum","Bag of Marbles","Mercury Hourglass"],"acts_visited":["Exordium","TheCity","TheBeyond","TheEnding"],"potions_floor_usage":[33,33,44,55,55,55,55,55,55],"damage_taken":[{"damage":1.0,"enemies":"Small Slimes","floor":1.0,"turns":5.0},{"damage":2.0,"enemies":"Jaw Worm","floor":4.0,"turns":8.0},{"damage":31.0,"enemies":"3 Sentries","floor":7.0,"turns":20.0},{"damage":0.0,"enemies":"Cultist","floor":10.0,"turns":3.0},{"damage":15.0,"enemies":"Lots of Slimes","floor":13.0,"turns":6.0},{"damage":11.0,"enemies":"3 Louse","floor":14.0,"turns":5.0},{"damage":29.0,"enemies":"The Guardian","floor":16.0,"turns":13.0},{"damage":8.0,"enemies":"Chosen","floor":18.0,"turns":5.0},{"damage":3.0,"enemies":"3 Byrds","floor":20.0,"turns":8.0},{"damage":26.0,"enemies":"Snake Plant","floor":22.0,"turns":5.0},{"damage":5.0,"enemies":"Slavers","floor":23.0,"turns":6.0},{"damage":9.0,"enemies":"Snecko","floor":24.0,"turns":6.0},{"damage":6.0,"enemies":"Gremlin Leader","floor":25.0,"turns":6.0},{"damage":7.0,"enemies":"Slavers","floor":30.0,"turns":7.0},{"damage":58,"enemies":"Collector","floor":33,"turns":8},{"damage":0,"enemies":"3 Darklings","floor":35,"turns":5},{"damage":0,"enemies":"3 Shapes","floor":36,"turns":4},{"damage":26,"enemies":"2 Orb Walkers","floor":38,"turns":5},{"damage":1,"enemies":"Nemesis","floor":41,"turns":13},{"damage":0,"enemies":"Maw","floor":42,"turns":4},{"damage":6,"enemies":"Giant Head","floor":45,"turns":2},{"damage":6,"enemies":"4 Shapes","floor":46,"turns":5},{"damage":2,"enemies":"Reptomancer","floor":47,"turns":4},{"damage":30,"enemies":"Donu and Deca","floor":50,"turns":7},{"damage":12,"enemies":"Shield and Spear","floor":54,"turns":7},{"damage":26,"enemies":"The Heart","floor":55,"turns":6}],"seed_played":"-2946507056305538467","potions_obtained":[{"floor":4.0,"key":"BloodPotion"},{"floor":14.0,"key":"ColorlessPotion"},{"floor":24.0,"key":"GamblersBrew"},{"floor":33,"key":"SkillPotion"},{"floor":38,"key":"GamblersBrew"},{"floor":41,"key":"GamblersBrew"},{"floor":42,"key":"EntropicBrew"},{"floor":44,"key":"Fruit Juice"},{"floor":44,"key":"PowerPotion"}],"is_trial":false,"path_per_floor":["M","?","T","M","?","R","E","R","T","M","R","$","M","M","R","B",null,"M","?","M","$","M","E","M","E","T","R","?","T","E","?","R","B",null,"M","M","?","?","$","R","E","M","T","?","E","M","E","?","R","B",null,"R","$","E","B",null],"character_chosen":"IRONCLAD","items_purchased":["Membership Card","PrismaticShard","LiquidBronze","Feel No Pain","Seeing Red","Master of Strategy","Barricade","True Grit","Orichalcum","Bag of Marbles"],"campfire_rested":0,"item_purchase_floors":[12,21,21,39,39,39,53,53,53,53],"current_hp_per_floor":[77,77,77,80,80,80,55,61,61,67,73,73,64,59,68,45,71,69,53,56,56,36,37,34,34,34,46,46,46,45,45,57,28,67,73,79,79,59,59,74,79,80,80,85,85,85,85,85,85,61,79,85,85,79,65],"gold":120,"neow_bonus":"REMOVE_TWO","is_daily":false,"chose_seed":false,"campfire_upgraded":5,"win_rate":0.0,"timestamp":1609931334,"path_taken":["M","?","?","M","?","R","E","R","T","?","R","?","M","M","R","BOSS","M","?","M","$","M","E","M","E","T","R","?","?","E","?","R","BOSS","M","M","?","?","$","R","E","M","T","?","E","?","E","?","R","BOSS","R","$","E","BOSS"],"items_purchased_type":["Relic","Relic","Potion","Card","Card","Card","Card","Card","Relic","Relic"],"build_version":"2020-12-22","purchased_purges":1,"victory":true,"max_hp_per_floor":[80,80,80,80,80,80,80,80,80,80,80,80,80,80,80,80,80,80,80,80,80,80,80,80,80,80,80,80,80,80,80,80,80,80,80,80,80,80,80,80,80,80,80,85,85,85,85,85,85,85,85,85,85,85,85],"card_choices":[{"not_picked":["Shrug It Off","Perfected Strike"],"picked":"Armaments","floor":1.0},{"not_picked":["Headbutt","True Grit"],"picked":"Sentinel","floor":4.0},{"not_picked":["Clash","Iron Wave"],"picked":"Second Wind","floor":7.0},{"not_picked":["Flex","Shrug It Off"],"picked":"Dark Embrace","floor":10.0},{"not_picked":["Anger","Clash"],"picked":"Intimidate","floor":13.0},{"not_picked":["Combust","Havoc"],"picked":"Burning Pact","floor":14.0},{"not_picked":["Exhume","Fiend Fire"],"picked":"Impervious","floor":16.0},{"not_picked":["Armaments","True Grit"],"picked":"Shrug It Off","floor":18.0},{"not_picked":["Cleave","Shrug It Off","Rage"],"picked":"SKIP","floor":20.0},{"not_picked":["Pummel","Stack"],"picked":"Gash","floor":22.0},{"not_picked":["Auto Shields","Clothesline"],"picked":"LessonLearned","floor":23.0},{"not_picked":["Rebound","Slice"],"picked":"Flame Barrier+1","floor":24.0},{"not_picked":["Biased Cognition","Thunderclap"],"picked":"Deflect","floor":25.0},{"not_picked":["BowlingBash","Coolheaded"],"picked":"Deep Breath+1","floor":30.0},{"not_picked":["Metamorphosis","Exhume"],"picked":"Magnetism","floor":33},{"not_picked":["Anger","Armaments"],"picked":"Coolheaded+1","floor":35},{"not_picked":["ThirdEye+1","Sword Boomerang+1"],"picked":"Discovery+1","floor":36},{"not_picked":["Second Wind","Collect"],"picked":"Sentinel+1","floor":38},{"not_picked":["Deadly Poison+1","Clothesline+1","SignatureMove+1"],"picked":"SKIP","floor":41},{"not_picked":["Sentinel","Warcry+1"],"picked":"Hologram+1","floor":42},{"not_picked":["Calculated Gamble","Anger+1"],"picked":"Buffer","floor":45},{"not_picked":["Heel Hook+1","Go for the Eyes","CarveReality+1"],"picked":"SKIP","floor":46},{"not_picked":["Barrage+1","WreathOfFlame"],"picked":"FTL+1","floor":47},{"not_picked":["Rip and Tear","FlyingSleeves+1"],"picked":"Undo","floor":54}],"player_experience":230569,"relics_obtained":[{"floor":7.0,"key":"Eternal Feather"},{"floor":9.0,"key":"Pen Nib"},{"floor":19.0,"key":"Necronomicon"},{"floor":23.0,"key":"Pantograph"},{"floor":25.0,"key":"Omamori"},{"floor":26.0,"key":"Vajra"},{"floor":29.0,"key":"Self Forming Clay"},{"floor":30.0,"key":"Lizard Tail"},{"floor":38,"key":"Unceasing Top"},{"floor":41,"key":"MealTicket"},{"floor":43,"key":"Happy Flower"},{"floor":45,"key":"Lantern"},{"floor":47,"key":"Bronze Scales"},{"floor":54,"key":"Mercury Hourglass"}],"event_choices":[{"damage_healed":0.0,"max_hp_gain":0.0,"max_hp_loss":0.0,"gold_gain":0.0,"cards_transformed":["Strike_R"],"event_name":"Living Wall","player_choice":"Change","floor":2.0,"gold_loss":0.0,"damage_taken":0.0,"cards_obtained":["Body Slam"]},{"damage_healed":0.0,"max_hp_gain":0.0,"max_hp_loss":0.0,"gold_gain":0.0,"event_name":"Accursed Blacksmith","player_choice":"Forge","floor":5.0,"gold_loss":0.0,"damage_taken":0.0,"cards_upgraded":["Armaments"]},{"damage_healed":0.0,"max_hp_gain":0.0,"max_hp_loss":0.0,"gold_gain":0.0,"event_name":"Cursed Tome","player_choice":"Obtained Book","floor":19.0,"gold_loss":0.0,"damage_taken":16.0},{"damage_healed":0.0,"max_hp_gain":0.0,"max_hp_loss":0.0,"gold_gain":0.0,"event_name":"Vampires","player_choice":"Ignored","floor":28.0,"gold_loss":0.0,"damage_taken":0.0},{"cards_removed":["Strike_R"],"damage_healed":0.0,"max_hp_gain":0.0,"max_hp_loss":0.0,"gold_gain":0.0,"event_name":"Back to Basics","player_choice":"Elegance","floor":31.0,"gold_loss":0.0,"damage_taken":0.0},{"cards_removed":["Defend_R"],"damage_healed":0,"gold_gain":0,"player_choice":"Removed Skill","damage_taken":0,"max_hp_gain":0,"max_hp_loss":0,"event_name":"Falling","floor":37,"gold_loss":0},{"damage_healed":0,"gold_gain":0,"player_choice":"Fight","damage_taken":0,"max_hp_gain":0,"max_hp_loss":0,"event_name":"Mysterious Sphere","floor":38,"gold_loss":0},{"damage_healed":0,"gold_gain":0,"player_choice":"Got Potions","damage_taken":0,"max_hp_gain":0,"max_hp_loss":0,"event_name":"Lab","floor":44,"gold_loss":0},{"damage_healed":0,"gold_gain":0,"player_choice":"Ignored","damage_taken":0,"max_hp_gain":0,"max_hp_loss":0,"event_name":"Tomb of Lord Red Mask","floor":48,"gold_loss":0}],"is_beta":false,"boss_relics":[{"not_picked":["Runic Cube","SacredBark"],"picked":"Coffee Dripper"},{"not_picked":["Empty Cage","Velvet Choker"],"picked":"Fusion Hammer"}],"items_purged_floors":[53],"is_endless":false,"potions_floor_spawned":[4,14,24,33,38,41,42,47,54],"ascension_level":10}}