{"host":"exyz3r55z4kt6m9o","time":1609933413,"event":{"mods":["2.2 Compatiblity","AchievementEnabler","Aspiration","BaseMod","Better Altar","Better Match","Better Note","Better Sensory Stone","Better Skull","Better Third Choice","BetterRewards","Colored Powertips","Energized Spire","Friendly Minions","GifTheSpireLib","Infinite Spire","Ironclad Rager","Jorbs\u0027s Wanderer Trilogy","Luminous","Marisa????????","Minty Spire (QoL Compilation)","Permanent Neow","Rare Cards Sparkle","Reimu??????","Relic Filter","Replay The Spire","Spicy Shops","StSLib","The Bladedancer","The Blue Laboratory","The Gatherer","The Hayseed","The Mystic","The Runesmith","Wandering Minibosses","yUi"],"gold_per_floor":[115,115,0,14,14,14,42,42,66,79,154,49,49,60,60,160,160,181,181,28,46,46,46],"floor_reached":22,"playtime":782,"items_purged":["Runesmith:Strike_RS","Runesmith:Defend_RS"],"score":191,"play_id":"caddc80e-f4a0-40f3-8ab6-cc6b0f8f5158","local_time":"20210106064333","is_ascension_mode":true,"campfire_choices":[{"data":"Runesmith:CraftFirestone","floor":6,"key":"SMITH"},{"data":"Runesmith:CraftProtectio","floor":8,"key":"SMITH"},{"data":"Panache","floor":15,"key":"SMITH"}],"circlet_count":0,"master_deck":["Runesmith:Strike_RS","Runesmith:Strike_RS","Runesmith:Strike_RS","Runesmith:Defend_RS","Runesmith:Defend_RS","Runesmith:Defend_RS","Runesmith:CraftFirestone+1","Runesmith:CraftProtectio+1","Runesmith:GoWithTheFlow","Runesmith:CraftReservo","aspiration:UnbridledHammer","Runesmith:CraftMagma","Runesmith:CraftMagma","Runesmith:LithiumIon","Panache+1","Runesmith:RuneHurl","Runesmith:CraftMedicinae","Runesmith:HeatedChisel","Runesmith:EarthShield","Runesmith:CraftProtectio"],"relics":["Runesmith:BrokenRuby","Orichalcum","Pantograph","Bronze Scales","Runesmith:UraniumAnvil"],"acts_visited":["Exordium","TheCity"],"potions_floor_usage":[16,16],"damage_taken":[{"damage":5,"enemies":"Jaw Worm","floor":1,"turns":4},{"damage":1,"enemies":"Cultist","floor":4,"turns":4},{"damage":13,"enemies":"3 Sentries","floor":7,"turns":9},{"damage":2,"enemies":"Small Slimes","floor":10,"turns":4},{"damage":5,"enemies":"Looter","floor":14,"turns":2},{"damage":17,"enemies":"Hexaghost","floor":16,"turns":7},{"damage":20,"enemies":"Spheric Guardian","floor":18,"turns":5},{"damage":17,"enemies":"Shell Parasite","floor":21,"turns":5},{"damage":41,"enemies":"3 Cultists","floor":22,"turns":5}],"seed_played":"9034252010905423297","potions_obtained":[{"floor":7,"key":"Strength Potion"},{"floor":10,"key":"MagicPotion:ReiMu"},{"floor":18,"key":"Cursed Concoction"},{"floor":19,"key":"blueLaboratory:PhilterOfMotion"},{"floor":19,"key":"Toxic Potion"}],"is_trial":false,"path_per_floor":["M","?","$","M","$","R","E","R","T","M","?","$","?","M","R","B",null,"M","?","$","M","M"],"character_chosen":"RUNESMITH_CLASS","items_purchased":["Runesmith:GoWithTheFlow","Runesmith:CraftMagma","Runesmith:LithiumIon","Runesmith:EarthShield"],"campfire_rested":0,"item_purchase_floors":[3,12,12,20],"current_hp_per_floor":[65,65,65,64,64,64,51,51,51,49,38,38,38,33,33,41,70,50,50,50,37,0,0],"gold":46,"neow_bonus":"RANDOM_COMMON_RELIC","is_daily":false,"chose_seed":false,"campfire_upgraded":3,"win_rate":0.0,"timestamp":1609933413,"path_taken":["M","?","$","M","?","R","E","R","T","M","?","$","?","M","R","BOSS","M","?","?","M","M"],"items_purchased_type":["Card","Card","Card","Card"],"build_version":"2020-12-22","purchased_purges":2,"victory":false,"max_hp_per_floor":[70,70,70,70,70,70,70,70,70,70,70,70,70,70,70,70,70,70,70,70,70,70,70],"card_choices":[{"not_picked":["Runesmith:Superposition","Runesmith:HeatExchange"],"picked":"Runesmith:CraftProtectio","floor":1},{"not_picked":["Runesmith:HammerAndChisel","Runesmith:FrozenChisel"],"picked":"Runesmith:CraftReservo","floor":4},{"not_picked":["Runesmith:HeatExchange","Runesmith:Overpower","Runesmith:UnstableHammer"],"picked":"SKIP","floor":7},{"not_picked":["Runesmith:HeatedChisel","Runesmith:ChargedHammer"],"picked":"aspiration:UnbridledHammer","floor":10},{"not_picked":["Flash of Steel","Survey Options"],"picked":"Panache","floor":13},{"not_picked":["Runesmith:EnergizedChisel","Runesmith:EarthShield"],"picked":"Runesmith:RuneHurl","floor":14},{"not_picked":["Runesmith:Supernova","Runesmith:CraftPrismatica"],"picked":"Runesmith:CraftMedicinae","floor":16},{"not_picked":["Runesmith:ShiftingStrike","Runesmith:CraftIncendium"],"picked":"Runesmith:HeatedChisel","floor":18},{"not_picked":["Runesmith:HeatedChisel","Runesmith:EnergizedChisel"],"picked":"Runesmith:CraftProtectio","floor":21}],"player_experience":672895,"relics_obtained":[{"floor":7,"key":"Pantograph"},{"floor":9,"key":"Bronze Scales"}],"event_choices":[{"cards_removed":["Runesmith:Fortify"],"damage_healed":0,"gold_gain":0,"player_choice":"Offered Basic","damage_taken":0,"max_hp_gain":0,"max_hp_loss":0,"event_name":"Bonfire Elementals","floor":2,"gold_loss":0},{"damage_healed":0,"gold_gain":75,"player_choice":"Gold","damage_taken":11,"max_hp_gain":0,"max_hp_loss":0,"event_name":"betterThird:BetterGoop","floor":11,"gold_loss":0},{"damage_healed":0,"gold_gain":1,"player_choice":"1","damage_taken":0,"max_hp_gain":0,"max_hp_loss":0,"event_name":"betterStone:BetterStone","floor":13,"gold_loss":0},{"damage_healed":0,"gold_gain":0,"player_choice":"Got Potions","damage_taken":0,"max_hp_gain":0,"max_hp_loss":0,"event_name":"Lab","floor":19,"gold_loss":0}],"is_beta":false,"boss_relics":[{"not_picked":["energizedSpire:StickyHand","Replay:Ancient Bell"],"picked":"Runesmith:UraniumAnvil"}],"items_purged_floors":[3,20],"is_endless":false,"potions_floor_spawned":[7,10,18],"killed_by":"3 Cultists","ascension_level":1}}