{"host":"p4v0hquynnreu717","time":1609957763,"event":{"mods":["BaseMod","Better Vampires","DeckTracker","Googly Eyes","Minty Spire (QoL Compilation)","Quick Restart","StSLib","SuperFastMode"],"gold_per_floor":[116,116,116,41,66,66,40,84,138,151,194,209,209,35,35,124,124,138,163,163,182,195,195,231,231,231,231,255,271,312,106,106,196,196,217,241,262,285,306,306,639,639,664,696,696,708,128,159,159,159,159],"floor_reached":50,"playtime":1931,"items_purged":["Strike_B","Strike_B","Sunder","Blizzard"],"score":1044,"play_id":"62c80c97-9a6a-439f-91c5-a2a480374027","local_time":"20210107022923","is_ascension_mode":true,"campfire_choices":[{"data":"Dualcast","floor":6.0,"key":"SMITH"},{"data":"Defragment","floor":15.0,"key":"SMITH"},{"floor":23.0,"key":"REST"},{"data":"Coolheaded","floor":25.0,"key":"SMITH"},{"data":"Coolheaded","floor":27.0,"key":"SMITH"},{"data":"Double Energy","floor":32.0,"key":"SMITH"},{"data":"Zap","floor":40.0,"key":"SMITH"},{"data":"Amplify","floor":42.0,"key":"SMITH"},{"floor":49.0,"key":"RECALL"}],"circlet_count":0,"master_deck":["AscendersBane","Defend_B","Defend_B","Defend_B","Defend_B","Zap+1","Dualcast+1","Double Energy+1","Electrodynamics","Defragment+1","Biased Cognition","BootSequence+1","Machine Learning+1","Undo+1","Heatsinks","Coolheaded+1","Hologram","Coolheaded+1","White Noise","Impatience","Amplify+1","Loop+1","Skim"],"relics":["Cracked Core","NeowsBlessing","Letter Opener","Nunchaku","White Beast Statue","Bag of Preparation","Astrolabe","Oddly Smooth Stone","Question Card","Red Mask","Sozu","Bag of Marbles","ClockworkSouvenir","Toxic Egg 2","Singing Bowl"],"acts_visited":["Exordium","TheCity","TheBeyond"],"potions_floor_usage":[],"damage_taken":[{"damage":0.0,"enemies":"2 Louse","floor":1.0,"turns":1.0},{"damage":0.0,"enemies":"Jaw Worm","floor":5.0,"turns":1.0},{"damage":0.0,"enemies":"Gremlin Nob","floor":8.0,"turns":1.0},{"damage":0.0,"enemies":"Cultist","floor":10.0,"turns":2.0},{"damage":30.0,"enemies":"Lagavulin","floor":11.0,"turns":5.0},{"damage":12.0,"enemies":"Exordium Wildlife","floor":12.0,"turns":3.0},{"damage":17.0,"enemies":"Hexaghost","floor":16.0,"turns":6.0},{"damage":11.0,"enemies":"Spheric Guardian","floor":18.0,"turns":3.0},{"damage":3.0,"enemies":"Shell Parasite","floor":19.0,"turns":5.0},{"damage":15.0,"enemies":"Snecko","floor":21.0,"turns":5.0},{"damage":9.0,"enemies":"Snake Plant","floor":22.0,"turns":4.0},{"damage":7.0,"enemies":"Slavers","floor":24.0,"turns":3.0},{"damage":4.0,"enemies":"Chosen and Byrds","floor":28.0,"turns":6.0},{"damage":9.0,"enemies":"Shelled Parasite and Fungi","floor":29.0,"turns":8.0},{"damage":3.0,"enemies":"Masked Bandits","floor":30.0,"turns":3.0},{"damage":20.0,"enemies":"Collector","floor":33.0,"turns":12.0},{"damage":2.0,"enemies":"3 Darklings","floor":35.0,"turns":2.0},{"damage":2.0,"enemies":"Orb Walker","floor":36.0,"turns":5.0},{"damage":0.0,"enemies":"Writhing Mass","floor":37.0,"turns":6.0},{"damage":2.0,"enemies":"4 Shapes","floor":38.0,"turns":3.0},{"damage":0.0,"enemies":"Jaw Worm Horde","floor":39.0,"turns":2.0},{"damage":13.0,"enemies":"Reptomancer","floor":44.0,"turns":4.0},{"damage":10.0,"enemies":"Maw","floor":46.0,"turns":9.0},{"damage":0.0,"enemies":"Nemesis","floor":48.0,"turns":11.0},{"damage":0,"enemies":"Time Eater","floor":50,"turns":1}],"seed_played":"-161728269535201524","potions_obtained":[{"floor":8.0,"key":"SpeedPotion"},{"floor":12.0,"key":"DuplicationPotion"},{"floor":16.0,"key":"DuplicationPotion"},{"floor":18.0,"key":"SpeedPotion"},{"floor":19.0,"key":"Swift Potion"},{"floor":21.0,"key":"AttackPotion"},{"floor":24.0,"key":"GamblersBrew"},{"floor":28.0,"key":"FairyPotion"}],"is_trial":false,"path_per_floor":["M","?","?","$","M","R","$","E","T","M","E","M","?","$","R","B",null,"M","M","?","M","M","R","E","R","T","R","M","M","?","$","R","B",null,"M","M","M","M","M","R","?","R","T","E","?","M","$","E","R","B"],"character_chosen":"DEFECT","items_purchased":["Ball Lightning","Defragment","Impatience","ClockworkSouvenir","Skim","Toxic Egg 2"],"campfire_rested":1,"item_purchase_floors":[7,14,31,47,47,47],"current_hp_per_floor":[64,64,69,69,69,69,69,69,69,69,39,27,27,27,27,10,54,43,40,40,25,16,36,29,29,29,29,25,16,13,13,13,20,57,55,53,53,51,51,51,51,51,51,38,38,28,28,30,30,30,30],"gold":159,"neow_bonus":"THREE_ENEMY_KILL","is_daily":false,"chose_seed":false,"campfire_upgraded":7,"win_rate":0.0,"timestamp":1609957763,"path_taken":["M","?","?","$","M","R","$","E","T","M","E","M","?","$","R","BOSS","M","?","?","M","M","R","E","R","T","R","M","M","?","?","R","BOSS","BOSS","M","M","M","?","?","R","?","R","T","E","?","M","?","E","R","BOSS"],"items_purchased_type":["Card","Card","Card","Relic","Card","Relic"],"build_version":"2020-12-22","purchased_purges":4,"victory":false,"max_hp_per_floor":[71,64,69,69,69,69,69,69,69,69,69,69,69,69,69,69,69,69,69,69,69,69,69,69,69,69,69,69,69,69,69,69,69,69,69,69,69,69,69,69,69,69,69,69,69,69,69,71,71,71,71],"card_choices":[{"not_picked":["Gash","Cold Snap"],"picked":"Sunder","floor":1.0},{"not_picked":["Streamline","Genetic Algorithm"],"picked":"Double Energy","floor":5.0},{"not_picked":["Ball Lightning","Streamline"],"picked":"Electrodynamics","floor":8.0},{"not_picked":["Beam Cell","Melter"],"picked":"Static Discharge","floor":10.0},{"not_picked":["Hello World","Steam Power","Cold Snap"],"picked":"SKIP","floor":11.0},{"not_picked":["Redo","Streamline","Cold Snap"],"picked":"SKIP","floor":12.0},{"not_picked":["Meteor Strike","Fission"],"picked":"Biased Cognition","floor":16.0},{"not_picked":["Rebound","Cold Snap","Turbo"],"picked":"SKIP","floor":18.0},{"not_picked":["Rebound","Cold Snap","Turbo"],"picked":"SKIP","floor":18.0},{"not_picked":["Doom and Gloom","Chill"],"picked":"Heatsinks","floor":19.0},{"not_picked":["White Noise","Gash"],"picked":"Coolheaded","floor":21.0},{"not_picked":["Barrage","Chill"],"picked":"Hologram","floor":22.0},{"not_picked":["Streamline","Steam"],"picked":"Coolheaded","floor":24.0},{"not_picked":["Auto Shields","Streamline","Cold Snap","Steam"],"picked":"SKIP","floor":28.0},{"not_picked":["Compile Driver","Genetic Algorithm+1","Storm"],"picked":"White Noise","floor":29.0},{"not_picked":["Creative AI","Seek","Hyperbeam"],"picked":"Amplify","floor":33.0},{"not_picked":["Reprogram+1","Rebound","Compile Driver"],"picked":"Blizzard","floor":35.0},{"not_picked":["Stack","Gash","Sweeping Beam","Chaos"],"picked":"SKIP","floor":36.0},{"not_picked":["Multi-Cast","Hello World","Stack","Rebound"],"picked":"SKIP","floor":37.0},{"not_picked":["Streamline","Ball Lightning+1","Steam","Coolheaded"],"picked":"SKIP","floor":38.0},{"not_picked":["Undo+1","Compile Driver","Sweeping Beam+1"],"picked":"Loop+1","floor":39.0},{"not_picked":["Leap","Machine Learning","Blizzard","Sweeping Beam+1"],"picked":"SKIP","floor":44.0},{"not_picked":["Cold Snap","Reprogram","Blizzard","Rebound"],"picked":"SKIP","floor":46.0},{"not_picked":["Go for the Eyes","Hyperbeam","Barrage","Compile Driver"],"picked":"Singing Bowl","floor":48.0}],"player_experience":761014,"relics_obtained":[{"floor":8.0,"key":"Letter Opener"},{"floor":9.0,"key":"Nunchaku"},{"floor":11.0,"key":"White Beast Statue"},{"floor":24.0,"key":"Oddly Smooth Stone"},{"floor":26.0,"key":"Question Card"},{"floor":30.0,"key":"Red Mask"},{"floor":44.0,"key":"Bag of Marbles"},{"floor":48.0,"key":"Singing Bowl"}],"event_choices":[{"damage_healed":0.0,"max_hp_gain":0.0,"max_hp_loss":7.0,"gold_gain":0.0,"event_name":"Golden Idol","player_choice":"Lose Max HP","floor":2.0,"gold_loss":0.0,"damage_taken":0.0,"relics_obtained":["Golden Idol"]},{"damage_healed":0.0,"max_hp_gain":5.0,"max_hp_loss":0.0,"gold_gain":0.0,"event_name":"Big Fish","player_choice":"Donut","floor":3.0,"gold_loss":0.0,"damage_taken":0.0},{"damage_healed":0.0,"max_hp_gain":0.0,"max_hp_loss":0.0,"gold_gain":0.0,"event_name":"WeMeetAgain","player_choice":"Gave Potion","floor":13.0,"gold_loss":0.0,"damage_taken":0.0,"relics_obtained":["Bag of Preparation"]},{"damage_healed":0.0,"max_hp_gain":0.0,"max_hp_loss":0.0,"gold_gain":0.0,"event_name":"Cursed Tome","player_choice":"Ignored","floor":20.0,"gold_loss":0.0,"damage_taken":0.0},{"damage_healed":0.0,"max_hp_gain":0.0,"max_hp_loss":0.0,"gold_gain":0.0,"event_name":"Masked Bandits","player_choice":"Fought Bandits","floor":30.0,"gold_loss":0.0,"damage_taken":0.0},{"damage_healed":0.0,"max_hp_gain":0.0,"max_hp_loss":0.0,"gold_gain":333.0,"event_name":"The Moai Head","player_choice":"Gave Idol","floor":41.0,"relics_lost":["Golden Idol"],"gold_loss":0.0,"damage_taken":0.0},{"cards_removed":["Ball Lightning"],"damage_healed":0.0,"max_hp_gain":0.0,"max_hp_loss":0.0,"gold_gain":0.0,"event_name":"Falling","player_choice":"Removed Attack","floor":45.0,"gold_loss":0.0,"damage_taken":0.0}],"is_beta":false,"boss_relics":[{"not_picked":["Runic Dome","Empty Cage"],"picked":"Astrolabe"},{"not_picked":["Inserter","SlaversCollar"],"picked":"Sozu"}],"items_purged_floors":[4,14,31,47],"is_endless":false,"potions_floor_spawned":[8,12,16,18,19,21,22,24,28,29,30,33,35,36,37,38,39,44,46,48],"killed_by":"Time Eater","ascension_level":15}}