{"host":"Connor","time":1609909397,"event":{"mods":["BaseMod","Downfall","Marisa????????","Minty Spire (QoL Compilation)","Replay The Spire","StSLib","The Animator","The Cursed","The Jungle","The Servant 0.9.4"],"gold_per_floor":[99,116,131,14,14,28,80,80,109,34,19,39,39,57,72,176,176,176,176,176,176,176,176,176,176,176,176,176,176,176,176,176,176,176,176,176,176,15,15,0,0,0,0,0,0,0,0,0,0,0,0,0,0,0,0],"floor_reached":56,"playtime":4660,"items_purged":["sneckomod:Strike"],"score":1390,"play_id":"50468746-1003-4377-9acc-bae1d3be0979","local_time":"20210105210317","is_ascension_mode":false,"campfire_choices":[{"floor":1.0,"key":"RECALL"},{"floor":10,"key":"REST"},{"floor":13,"key":"REST"},{"data":"sneckomod:UnknownRarePower","floor":18,"key":"SMITH"},{"floor":27,"key":"REST"},{"floor":29,"key":"REST"},{"floor":45,"key":"REST"},{"floor":47,"key":"REST"},{"floor":54,"key":"REST"}],"circlet_count":0,"master_deck":["sneckomod:Defend+1","sneckomod:TailWhip","sneckomod:SnekBite","sneckomod:Unknown","sneckomod:Unknown","sneckomod:UnknownClassSILVER","sneckomod:DiceBlock+1","sneckomod:Mudshield","sneckomod:RainOfDice","sneckomod:Unknown1Cost+2","sneckomod:UnknownUncommonPower+2","sneckomod:UnknownClassRED","sneckomod:Unknown3Cost","sneckomod:QuickBite+1","sneckomod:UnknownRarePower+1","sneckomod:UnknownClassBLUE","sneckomod:SoulCleanse+1","sneckomod:UnknownRareSkill+2","sneckomod:RainOfDice+1","sneckomod:UnknownClassGUARDIAN","sneckomod:UnknownStrike+1","Pot Of Greed+1","Pot Of Greed+1","Pot Of Greed+1","sneckomod:Unknown3Cost+2","sneckomod:CheapStock+1","sneckomod:UnknownClassTHE_UNNAMED+1","Writhe","sneckomod:Restock","hexamod:SixthSeal","sneckomod:DefensiveFlair+1","sneckomod:QuickBite+1","sneckomod:UnlimitedRolls+1","sneckomod:UnknownRareSkill","sneckomod:UnknownWeak+1","sneckomod:QuickMove+1","Pot Of Greed+1","sneckomod:UnknownBlock+1","sneckomod:UnknownClassRED+1","sneckomod:IronFang+1","sneckomod:UnknownRarePower","sneckomod:UnknownWeak+1","sneckomod:DiceBoulder+1","sneckomod:UnknownX+1","sneckomod:UnknownVulnerable+1","sneckomod:UnknownClassBLUE","sneckomod:DefensiveFlair+1","sneckomod:SerpentIdol+1","sneckomod:SoulRoll+1","Pot Of Greed+1","sneckomod:UnknownEthereal","sneckomod:SnekBeam+1"],"relics":["sneckomod:SneckoSoul","Dream Catcher","InkBottle","downfall:HeartBlessingRed","downfall:Hecktoplasm","downfall:HeartBlessingBlue","downfall:KnowingSkull","Grinning Jar","Molten Egg 2","Mirror","downfall:HeartBlessingGreen","CeramicFish","Ring of Chaos","Anchor","Replay:PocketPolymizer","Regal Pillow","Replay:Bandana","Replay:Bottled Eggs","Gambling Chip"],"acts_visited":["Exordium","TheCity","TheBeyond","TheEnding"],"potions_floor_usage":[16,16,26,31,33,33,36,39,40,40,49,55],"damage_taken":[{"damage":5.0,"enemies":"2 Louse","floor":2.0,"turns":3.0},{"damage":16.0,"enemies":"Jaw Worm","floor":3.0,"turns":3.0},{"damage":10,"enemies":"downfall:FleeingMerchant","floor":4,"turns":4},{"damage":0,"enemies":"Cultist","floor":6,"turns":4},{"damage":36,"enemies":"Replay:BlueRogue","floor":9,"turns":9},{"damage":6,"enemies":"downfall:FleeingMerchant","floor":11,"turns":4},{"damage":3,"enemies":"2 Fungi Beasts","floor":12,"turns":6},{"damage":16,"enemies":"Large Slime","floor":14,"turns":6},{"damage":5,"enemies":"Lots of Slimes","floor":15,"turns":5},{"damage":7,"enemies":"downfall:Watcher","floor":16,"turns":6},{"damage":28,"enemies":"3 Byrds","floor":19,"turns":6},{"damage":0,"enemies":"Chosen","floor":20,"turns":3},{"damage":38,"enemies":"Replay:Snechameleon","floor":23,"turns":7},{"damage":22,"enemies":"Snake Plant","floor":25,"turns":2},{"damage":4,"enemies":"Book of Stabbing","floor":26,"turns":5},{"damage":35,"enemies":"3 Cultists","floor":31,"turns":5},{"damage":18,"enemies":"Chosen and Byrds","floor":32,"turns":7},{"damage":29,"enemies":"downfall:Silent","floor":33,"turns":14},{"damage":16,"enemies":"Orb Walker","floor":36,"turns":3},{"damage":18,"enemies":"3 Shapes","floor":37,"turns":6},{"damage":19,"enemies":"downfall:FleeingMerchant","floor":38,"turns":4},{"damage":15,"enemies":"2 Orb Walkers","floor":39,"turns":4},{"damage":1,"enemies":"downfall:FleeingMerchant","floor":40,"turns":4},{"damage":15,"enemies":"Giant Head","floor":42,"turns":9},{"damage":31,"enemies":"3 Darklings","floor":46,"turns":8},{"damage":29,"enemies":"Jaw Worm Horde","floor":49,"turns":4},{"damage":2,"enemies":"downfall:Defect","floor":50,"turns":6},{"damage":113,"enemies":"downfall:CharBossMerchant","floor":52,"turns":11},{"damage":1,"enemies":"downfall:NeowBoss","floor":55,"turns":29}],"seed_played":"4858127699654815082","potions_obtained":[{"floor":2.0,"key":"Fire Potion"},{"floor":3.0,"key":"LifebloodPotion"},{"floor":12,"key":"LiquidBronze"},{"floor":16,"key":"Fruit Juice"},{"floor":20,"key":"Explosive Potion"},{"floor":23,"key":"Guardian:BlockOnCardUsePotion"},{"floor":31,"key":"SteroidPotion"},{"floor":32,"key":"sneckomod:MuddlingPotion"},{"floor":37,"key":"Swift Potion"},{"floor":42,"key":"sneckomod:CheatPotion"},{"floor":42,"key":"Swift Potion"},{"floor":49,"key":"Doom Potion"}],"is_trial":false,"path_per_floor":["R","M","M","$","?","M","T","T","E","R","$","M","R","M","M","B",null,"R","M","M","?","?","E","T","M","E","R","?","R","?","M","M","B",null,"R","M","M","$","?","$","T","E","?","$","R","M","R","?","M","B",null,"E","$","R","B",null],"character_chosen":"THE_SNECKO","items_purchased":["sneckomod:RainOfDice","Anchor"],"campfire_rested":7,"item_purchase_floors":[4,38],"current_hp_per_floor":[99,95,87,77,77,78,78,78,43,74,69,66,98,99,94,97,112,122,94,95,95,88,51,51,30,26,64,64,101,101,66,48,20,127,128,125,108,105,90,90,90,76,76,76,131,101,135,135,106,104,135,22,22,78,97],"gold":0,"neow_bonus":"TEN_PERCENT_HP_BONUS","is_daily":false,"chose_seed":false,"campfire_upgraded":1,"win_rate":0.0,"timestamp":1609909397,"path_taken":["R","M","M","$","?","M","T","?","E","R","?","M","R","M","M","BOSS","R","M","?","?","?","E","T","?","E","R","?","R","?","?","M","BOSS","R","M","M","$","?","?","T","E","?","?","R","?","R","?","M","BOSS","E","$","R","BOSS"],"items_purchased_type":["Card","Relic"],"build_version":"2020-12-18","purchased_purges":1,"victory":true,"max_hp_per_floor":[99,100,100,100,100,101,101,101,102,103,104,104,105,106,106,112,112,122,122,123,123,123,124,124,125,125,126,126,126,126,126,126,127,127,128,128,129,130,130,131,131,132,132,132,133,134,135,135,135,135,135,135,135,136,136],"card_choices":[{"not_picked":["sneckomod:UnknownClassGUARDIAN","sneckomod:Unknown2Cost"],"picked":"sneckomod:UnknownClassSILVER","floor":2.0},{"not_picked":["sneckomod:UnknownWeak","sneckomod:IronFang"],"picked":"sneckomod:DiceBlock","floor":3.0},{"not_picked":["sneckomod:DiceBlock","sneckomod:UnknownWeak"],"picked":"sneckomod:Mudshield","floor":4},{"not_picked":["sneckomod:UnknownCommonSkill","sneckomod:UnknownVulnerable"],"picked":"sneckomod:Unknown1Cost","floor":6},{"not_picked":["sneckomod:DiceBlock","sneckomod:UnknownBlock"],"picked":"sneckomod:UnknownUncommonPower","floor":9},{"not_picked":["sneckomod:IronFang","sneckomod:SoulDraw"],"picked":"sneckomod:UnknownClassRED","floor":10},{"not_picked":["sneckomod:UnknownCommonAttack","sneckomod:UnknownStrike"],"picked":"sneckomod:Unknown3Cost","floor":11},{"not_picked":["sneckomod:UnknownClassPURPLE","sneckomod:RainOfDice"],"picked":"sneckomod:QuickBite","floor":12},{"not_picked":["sneckomod:UnknownVulnerable","sneckomod:WideSting"],"picked":"sneckomod:UnknownRarePower","floor":13},{"not_picked":["sneckomod:QuickMove","sneckomod:SlitherStrike"],"picked":"sneckomod:UnknownClassBLUE","floor":14},{"not_picked":["sneckomod:DiceCrush","sneckomod:UnknownCommonAttack"],"picked":"sneckomod:SoulCleanse","floor":15},{"not_picked":["sneckomod:Mudshield","sneckomod:DangerNoodle"],"picked":"sneckomod:UnknownRareSkill","floor":16},{"not_picked":["sneckomod:IronFang","sneckomod:TrashToTreasure+1"],"picked":"sneckomod:RainOfDice+1","floor":19},{"not_picked":["sneckomod:UnknownClassBLUE","sneckomod:TrashToTreasure+1"],"picked":"sneckomod:UnknownClassGUARDIAN","floor":20},{"not_picked":["sneckomod:IronFang","sneckomod:SoulCleanse"],"picked":"sneckomod:UnknownStrike+1","floor":23},{"not_picked":["sneckomod:UnknownVulnerable","sneckomod:UnknownClassTHE_CURSED_PURPLE"],"picked":"sneckomod:Unknown3Cost","floor":25},{"not_picked":["sneckomod:UnknownClassTHE_ANIMATOR","sneckomod:UnknownCommonAttack+1"],"picked":"sneckomod:CheapStock+1","floor":26},{"not_picked":["sneckomod:DiceCrush+1","sneckomod:QuickMove"],"picked":"sneckomod:UnknownClassTHE_UNNAMED+1","floor":27},{"not_picked":["sneckomod:ImprovisedAttack+1","sneckomod:MasterEye"],"picked":"sneckomod:Restock","floor":29},{"not_picked":["hexamod:SecondSeal","hexamod:ThirdSeal"],"picked":"hexamod:SixthSeal","floor":31},{"not_picked":["sneckomod:Unknown2Cost","sneckomod:IronFang+1"],"picked":"sneckomod:DefensiveFlair+1","floor":31},{"not_picked":["sneckomod:UnknownClassTHE_ANIMATOR","sneckomod:MorePower"],"picked":"sneckomod:QuickBite+1","floor":32},{"not_picked":["sneckomod:UnknownRareAttack+1","sneckomod:Restock"],"picked":"sneckomod:UnlimitedRolls","floor":33},{"not_picked":["sneckomod:SerpentMind","sneckomod:Restock"],"picked":"sneckomod:UnknownRareSkill","floor":33},{"not_picked":["sneckomod:SoulDraw+1","sneckomod:CheapStock+1"],"picked":"sneckomod:UnknownWeak+1","floor":35},{"not_picked":["sneckomod:DiceBlock","sneckomod:DiceCrush+1"],"picked":"sneckomod:QuickMove+1","floor":36},{"not_picked":["sneckomod:WideSting+1","sneckomod:QuickBite+1"],"picked":"sneckomod:UnknownBlock+1","floor":37},{"not_picked":["sneckomod:UnknownClassMARISA_DERIVATIONS","sneckomod:UnknownCommonSkill+1"],"picked":"sneckomod:UnknownClassRED+1","floor":38},{"not_picked":["sneckomod:Unknown0Cost+1","sneckomod:UnknownWeak"],"picked":"sneckomod:IronFang+1","floor":39},{"not_picked":["sneckomod:UnknownClassMARISA_DERIVATIONS+1","sneckomod:CheapStock"],"picked":"sneckomod:UnknownRarePower","floor":40},{"not_picked":["sneckomod:MasterEye","sneckomod:QuickBite+1"],"picked":"sneckomod:UnknownWeak+1","floor":42},{"not_picked":["sneckomod:IronFang+1","sneckomod:UnknownVulnerable"],"picked":"sneckomod:UnknownX+1","floor":45},{"not_picked":["sneckomod:DiceCrush+1","sneckomod:UnknownClassGUARDIAN"],"picked":"sneckomod:UnknownVulnerable+1","floor":46},{"not_picked":["sneckomod:Unknown1Cost+1","sneckomod:Nope+1"],"picked":"sneckomod:DefensiveFlair+1","floor":47},{"not_picked":["sneckomod:DiceBoulder+1","sneckomod:UnknownCommonSkill"],"picked":"sneckomod:SerpentIdol+1","floor":49},{"not_picked":["sneckomod:UnknownBlock","sneckomod:UnknownX"],"picked":"sneckomod:SoulRoll+1","floor":52},{"not_picked":["sneckomod:UnknownCommonSkill+1","sneckomod:UnknownClassPURPLE"],"picked":"sneckomod:SnekBeam+1","floor":54}],"player_experience":543134,"relics_obtained":[{"floor":8,"key":"Dream Catcher"},{"floor":9,"key":"InkBottle"},{"floor":23,"key":"Grinning Jar"},{"floor":24,"key":"Molten Egg 2"},{"floor":26,"key":"Mirror"},{"floor":39,"key":"Replay:PocketPolymizer"},{"floor":41,"key":"Regal Pillow"},{"floor":42,"key":"Replay:Bandana"},{"floor":43,"key":"Replay:Bottled Eggs"},{"floor":52,"key":"Gambling Chip"}],"event_choices":[{"damage_healed":0,"gold_gain":0,"player_choice":"Ignored","damage_taken":0,"max_hp_gain":0,"max_hp_loss":0,"event_name":"Vampires","floor":21,"gold_loss":0},{"damage_healed":0,"gold_gain":0,"player_choice":"Fight","damage_taken":0,"max_hp_gain":0,"max_hp_loss":0,"event_name":"Mysterious Sphere","floor":39,"gold_loss":0}],"is_beta":true,"boss_relics":[{"not_picked":["sneckomod:SuperSneckoSoul","Runic Dome"],"picked":"downfall:Hecktoplasm"},{"not_picked":["Empty Cage","Astrolabe"],"picked":"Ring of Chaos"}],"items_purged_floors":[4],"is_endless":false,"potions_floor_spawned":[2,3,12,16,20,23,31,32,37,42,49],"ascension_level":0}}