{"host":"d1za9dvx43o9v494","time":1609959934,"event":{"mods":["2.2 Compatiblity","BaseMod","Better-Laid Plans","Colored Map","Downfall","Emptier Cage","Minty Spire (QoL Compilation)","Permanent Neow","StSLib"],"gold_per_floor":[99,117,134,44,144,144,169,186,214,114,133,161,61,78,98,196,196,196,207,292,326,340,354,354,389,408,191,203,36,36,48,64,160,160,160,177,177,227,227,252,252,45,0,16,48,59,59,78,90,90,90],"floor_reached":50,"playtime":3037,"items_purged":["bronze:Strike","Writhe","bronze:Strike","Writhe"],"score":665,"play_id":"480e8917-201a-4f93-acec-3d24a8048906","local_time":"20210106220534","is_ascension_mode":true,"campfire_choices":[{"floor":1.0,"key":"RECALL"},{"data":"bronze:Return","floor":10.0,"key":"SMITH"},{"data":"bronze:Mutator","floor":13.0,"key":"SMITH"},{"data":"bronze:Iterate","floor":18.0,"key":"SMITH"},{"data":"bronze:Philosophize","floor":30.0,"key":"SMITH"},{"data":"bronze:Return","floor":35.0,"key":"SMITH"},{"data":"bronze:FineTuning","floor":43,"key":"SMITH"},{"floor":47,"key":"REST"}],"circlet_count":0,"master_deck":["bronze:Strike","bronze:Defend","bronze:Defend","bronze:Defend","bronze:Replicate+1","bronze:Goto","bronze:WhirlingStrike","bronze:Iterate+1","bronze:Return+1","bronze:Mutator+1","bronze:Iterate","bronze:WhirlingStrike","bronze:Iterate","bronze:Return+1","bronze:FineTuning+1","bronze:Iterate+1","bronze:Philosophize+1","bronze:Mutator","bronze:ItsAFeature+1","expansioncontent:Chronoboost+1","bronze:Invalidate+1","bronze:DelayedGuard","bronze:Branch+1"],"relics":["bronze:BronzeCore","Akabeko","Question Card","downfall:HeartBlessingRed","Bag of Preparation","downfall:HeartBlessingGreen","bronze:MakeshiftBattery","Red Mask","Smiling Mask","Gremlin Horn","bronze:DonusWashers","OrangePellets","Ice Cream","bronze:ElectromagneticCoil","champ:DeflectingBracers","Mummified Hand","Membership Card","downfall:HeartBlessingBlue","Bottled Flame"],"acts_visited":["Exordium","TheCity","TheBeyond"],"potions_floor_usage":[38,45,50],"damage_taken":[{"damage":1.0,"enemies":"Cultist","floor":2.0,"turns":3.0},{"damage":3.0,"enemies":"Jaw Worm","floor":3.0,"turns":3.0},{"damage":5.0,"enemies":"downfall:FleeingMerchant","floor":4.0,"turns":4.0},{"damage":0.0,"enemies":"Small Slimes","floor":8.0,"turns":2.0},{"damage":20.0,"enemies":"Gremlin Nob","floor":9.0,"turns":4.0},{"damage":7.0,"enemies":"Exordium Thugs","floor":11.0,"turns":2.0},{"damage":13.0,"enemies":"3 Sentries","floor":12.0,"turns":6.0},{"damage":0.0,"enemies":"Blue Slaver","floor":14.0,"turns":1.0},{"damage":0.0,"enemies":"2 Fungi Beasts","floor":15.0,"turns":1.0},{"damage":22.0,"enemies":"downfall:Watcher","floor":16.0,"turns":3.0},{"damage":0.0,"enemies":"Spheric Guardian","floor":19.0,"turns":1.0},{"damage":0.0,"enemies":"Masked Bandits","floor":21.0,"turns":2.0},{"damage":0.0,"enemies":"3 Byrds","floor":22.0,"turns":2.0},{"damage":0.0,"enemies":"Snake Plant","floor":23.0,"turns":2.0},{"damage":0.0,"enemies":"Gremlin Leader","floor":25.0,"turns":2.0},{"damage":0.0,"enemies":"Cultist and Chosen","floor":26.0,"turns":3.0},{"damage":5.0,"enemies":"downfall:FleeingMerchant","floor":27.0,"turns":4.0},{"damage":6.0,"enemies":"Centurion and Healer","floor":28.0,"turns":2.0},{"damage":0.0,"enemies":"downfall:FleeingMerchant","floor":29.0,"turns":1.0},{"damage":0.0,"enemies":"Snake Plant","floor":31.0,"turns":2.0},{"damage":0.0,"enemies":"3 Cultists","floor":32.0,"turns":1.0},{"damage":13.0,"enemies":"downfall:Silent","floor":33.0,"turns":3.0},{"damage":11.0,"enemies":"3 Shapes","floor":36.0,"turns":2.0},{"damage":1,"enemies":"2 Orb Walkers","floor":38,"turns":2},{"damage":12,"enemies":"Nemesis","floor":40,"turns":3},{"damage":3,"enemies":"3 Darklings","floor":44,"turns":2},{"damage":2,"enemies":"Giant Head","floor":45,"turns":3},{"damage":31,"enemies":"Maw","floor":46,"turns":5},{"damage":0,"enemies":"4 Shapes","floor":48,"turns":2},{"damage":0,"enemies":"Sphere and 2 Shapes","floor":49,"turns":3},{"damage":45,"enemies":"ArchetypeAct3BlockNewAge","floor":50,"turns":4}],"seed_played":"8290210775704498379","potions_obtained":[{"floor":2.0,"key":"Explosive Potion"},{"floor":8.0,"key":"AttackPotion"},{"floor":9.0,"key":"AttackPotion"},{"floor":12.0,"key":"hexamod:SoulburnPotion"},{"floor":16.0,"key":"Guardian:BlockOnCardUsePotion"},{"floor":21.0,"key":"FearPotion"},{"floor":23.0,"key":"Ancient Potion"},{"floor":25.0,"key":"hexamod:SoulburnPotion"},{"floor":28.0,"key":"DistilledChaos"},{"floor":40,"key":"Explosive Potion"},{"floor":44,"key":"Block Potion"},{"floor":48,"key":"ColorlessPotion"}],"is_trial":false,"path_per_floor":["R","M","M","$","?","?","T","M","E","R","M","E","R","M","M","B",null,"R","M","?","?","M","M","T","E","M","$","M","$","R","M","M","B",null,"R","M","?","?","?","E","T","$","R","M","E","M","R","M","M","B"],"character_chosen":"THE_AUTOMATON","items_purchased":["bronze:DonusWashers","OrangePellets","Ice Cream","Membership Card"],"campfire_rested":1,"item_purchase_floors":[27,29,29,42],"current_hp_per_floor":[70,69,66,61,61,61,61,61,41,41,34,21,21,21,21,19,70,70,70,56,56,56,56,56,56,56,51,45,45,45,45,45,32,70,70,59,59,58,58,46,46,46,56,53,51,20,44,44,44,0,0],"gold":90,"neow_bonus":"UPGRADE_CARD","is_daily":false,"chose_seed":false,"campfire_upgraded":6,"win_rate":0.0,"timestamp":1609959934,"path_taken":["R","M","?","$","?","?","T","M","E","R","M","E","R","?","M","BOSS","R","M","?","?","M","M","T","E","M","$","M","$","R","M","M","BOSS","R","M","?","?","?","E","T","$","R","M","E","?","R","M","M","BOSS"],"items_purchased_type":["Relic","Relic","Relic","Relic"],"build_version":"2020-12-22","purchased_purges":4,"victory":false,"max_hp_per_floor":[70,70,70,70,70,70,70,70,70,70,70,70,70,70,70,70,70,70,70,70,70,70,70,70,70,70,70,70,70,70,70,70,70,70,70,70,70,70,70,70,70,70,80,80,80,80,80,80,80,80,80],"card_choices":[{"not_picked":["bronze:Constructor","bronze:Fortify","bronze:Optimize"],"picked":"SKIP","floor":2.0},{"not_picked":["bronze:OilSpill","bronze:FineTuning"],"picked":"bronze:WhirlingStrike","floor":3.0},{"not_picked":["bronze:ChildClass","bronze:Branch"],"picked":"bronze:Iterate","floor":4.0},{"not_picked":["bronze:WhirlingStrike","bronze:Overheat"],"picked":"bronze:Return","floor":8.0},{"not_picked":["bronze:OilSpill","bronze:BronzeArmor"],"picked":"bronze:Mutator","floor":9.0},{"not_picked":["bronze:DelayedGuard","bronze:Refactor","bronze:NullPointer"],"picked":"bronze:Iterate","floor":11.0},{"not_picked":["bronze:ChildClass","bronze:Separator","bronze:Safeguard","bronze:BuggyMess"],"picked":"SKIP","floor":12.0},{"not_picked":["bronze:Constructor","bronze:Turbo","bronze:DigitalCarnage"],"picked":"bronze:WhirlingStrike","floor":14.0},{"not_picked":["bronze:Terminator","bronze:Repulsor","bronze:ForLoop"],"picked":"bronze:Iterate","floor":15.0},{"not_picked":["bronze:DelayedSlice+1","bronze:Turbo","bronze:BitShift","bronze:CutThrough"],"picked":"SKIP","floor":19.0},{"not_picked":["bronze:Boost","bronze:Invalidate","bronze:Assembly","bronze:Safeguard"],"picked":"SKIP","floor":22.0},{"not_picked":["bronze:DelayedSlice+1","bronze:BuggyMess","bronze:Frontload+1"],"picked":"bronze:Return","floor":23.0},{"not_picked":["bronze:Backtrace","bronze:CutThrough","bronze:Deprecate+1"],"picked":"bronze:FineTuning","floor":25.0},{"not_picked":["bronze:WhirlingStrike+1","bronze:BugBarrage","bronze:OilSpill"],"picked":"bronze:Iterate+1","floor":26.0},{"not_picked":["bronze:Fortify","bronze:DelayedSlice+1","bronze:Refactor"],"picked":"bronze:Philosophize","floor":27.0},{"not_picked":["bronze:BronzeOrb","bronze:Constructor+1","bronze:WhirlingStrike","bronze:Refactor+1"],"picked":"SKIP","floor":28.0},{"not_picked":["bronze:OilSpill+1","bronze:BitShift","bronze:Iterate","bronze:DelayedSlice"],"picked":"SKIP","floor":29.0},{"not_picked":["bronze:Optimize","bronze:Shield","bronze:FineTuning"],"picked":"bronze:Mutator","floor":31.0},{"not_picked":["bronze:Boost+1","bronze:Terminator","bronze:Turbo+1","bronze:WildBeam"],"picked":"SKIP","floor":32.0},{"not_picked":["bronze:Repair","bronze:ForLoop+1","bronze:Optimize"],"picked":"bronze:ItsAFeature+1","floor":36.0},{"not_picked":["expansioncontent:PrepareCrush","expansioncontent:GuardianWhirl","expansioncontent:SuperHexaguard"],"picked":"expansioncontent:Chronoboost","floor":37.0},{"not_picked":["bronze:Frontload","bronze:BuggyMess+1","bronze:Backtrace+1"],"picked":"bronze:Invalidate","floor":38},{"not_picked":["bronze:DelayedSlice+1","bronze:Turbo","bronze:WildBeam+1","bronze:Frontload+1"],"picked":"SKIP","floor":40},{"not_picked":["bronze:DelayedSlice+1","bronze:Turbo","bronze:WildBeam+1","bronze:Frontload+1"],"picked":"SKIP","floor":40},{"not_picked":["bronze:ThunderWave","bronze:Overheat+1","bronze:NullPointer","bronze:Deprecate"],"picked":"SKIP","floor":44},{"not_picked":["bronze:OilSpill","bronze:WildBeam+1","bronze:Fortify+1","bronze:SpaghettiCode"],"picked":"SKIP","floor":45},{"not_picked":["bronze:Shell","bronze:Turbo+1","bronze:Philosophize+1"],"picked":"bronze:DelayedGuard","floor":46},{"not_picked":["bronze:Return+1","bronze:Invalidate","bronze:DelayedGuard+1"],"picked":"bronze:Branch+1","floor":48},{"not_picked":["bronze:ChildClass+1","bronze:FollowUp","bronze:Terminator","bronze:DigitalCarnage+1"],"picked":"SKIP","floor":49}],"player_experience":671347,"relics_obtained":[{"floor":7.0,"key":"Akabeko"},{"floor":9.0,"key":"Question Card"},{"floor":12.0,"key":"Bag of Preparation"},{"floor":21.0,"key":"Red Mask"},{"floor":24.0,"key":"Smiling Mask"},{"floor":25.0,"key":"Gremlin Horn"},{"floor":38,"key":"champ:DeflectingBracers"},{"floor":40,"key":"Mummified Hand"},{"floor":45,"key":"Bottled Flame"}],"event_choices":[{"damage_healed":0.0,"max_hp_gain":0.0,"max_hp_loss":0.0,"gold_gain":0.0,"event_name":"Masked Bandits","player_choice":"Fought Bandits","floor":21.0,"gold_loss":0.0,"damage_taken":0.0},{"damage_healed":0,"gold_gain":0,"player_choice":"Fight","damage_taken":0,"max_hp_gain":0,"max_hp_loss":0,"event_name":"Mysterious Sphere","floor":38,"gold_loss":0}],"is_beta":false,"boss_relics":[{"not_picked":["Empty Cage","Pandora\u0027s Box"],"picked":"bronze:MakeshiftBattery"},{"not_picked":["Black Star","Fusion Hammer"],"picked":"bronze:ElectromagneticCoil"}],"items_purged_floors":[4,27,29,42],"is_endless":false,"potions_floor_spawned":[2,8,9,11,12,16,21,23,25,28,32,33,40,44,48],"killed_by":"ArchetypeAct3BlockNewAge","ascension_level":1}}