{"host":"it4jxgnaprwjes7d","time":1609922629,"event":{"mods":["BaseMod","Downfall","Highlight Path","Minty Spire (QoL Compilation)","Replay The Spire","StSLib"],"gold_per_floor":[362,362,362,58,78,78,108,121,121,121,121,136,147,164,164,183,183,283,283,297,1,1,20,20,20,53,53,127,127,137,62,76,92,142,154,154],"floor_reached":35,"playtime":2690,"items_purged":[],"score":279,"play_id":"8a7e7dd1-0703-46e9-9571-28ff93e32fe2","local_time":"20210106004349","is_ascension_mode":false,"campfire_choices":[{"data":"Bash","floor":6,"key":"SMITH"},{"data":"Life Link","floor":15,"key":"SMITH"},{"floor":17,"key":"REST"},{"data":"Shockwave","floor":25,"key":"SMITH"},{"floor":27,"key":"REST"},{"data":"Armaments","floor":29,"key":"SMITH"}],"circlet_count":0,"master_deck":["Strike_R+1","Strike_R+1","Strike_R+1","Strike_R+1","Strike_R+1","Defend_R+1","Defend_R+1","Defend_R+1","Defend_R+1","Bash+1","ReplayReversal+1","ReplayReversal","ReplayReversal","Dropkick+1","Armaments+1","Pommel Strike+1","Flame Barrier","Body Slam+1","Life Link+1","Body Slam+1","Bludgeon+1","Shockwave+1","Intimidate","Necronomicurse","Headbutt+1","Iron Wave+1","Ghostly Armor","Shrug It Off","Dropkick+1","Doubt"],"relics":["Burning Blood","Molten Egg 2","Question Card","Replay:Bottled Eggs","Ring of Chaos","Bottled Flame","Necronomicon","Toy Ornithopter","ReplayTheSpireMod:Ninjato","Ring of Hypnosis","Ring of Greed","MawBank","Membership Card"],"acts_visited":["Exordium","TheCity"],"potions_floor_usage":[5,7,26,33,35,35],"damage_taken":[{"damage":3,"enemies":"Jaw Worm","floor":1,"turns":4},{"damage":2,"enemies":"Cultist","floor":5,"turns":5},{"damage":22,"enemies":"Gremlin Nob","floor":7,"turns":4},{"damage":2,"enemies":"Small Slimes","floor":8,"turns":5},{"damage":11,"enemies":"3 Louse","floor":12,"turns":6},{"damage":12,"enemies":"Looter","floor":13,"turns":3},{"damage":0,"enemies":"Large Slime","floor":14,"turns":3},{"damage":4,"enemies":"Blue Slaver","floor":16,"turns":3},{"damage":36,"enemies":"Fading Forest","floor":18,"turns":11},{"damage":20,"enemies":"3 Byrds","floor":20,"turns":5},{"damage":15,"enemies":"2 Thieves","floor":23,"turns":5},{"damage":21,"enemies":"Replay:Snechameleon","floor":26,"turns":8},{"damage":0,"enemies":"Snake Plant","floor":30,"turns":1},{"damage":0,"enemies":"Centurion and Healer","floor":32,"turns":4},{"damage":0,"enemies":"Shelled Parasite and Fungi","floor":33,"turns":2},{"damage":107,"enemies":"Champ","floor":35,"turns":11}],"seed_played":"-1531315784984268130","potions_obtained":[{"floor":1,"key":"AttackPotion"},{"floor":5,"key":"PowerPotion"},{"floor":7,"key":"LiquidBronze"},{"floor":12,"key":"SpeedPotion"},{"floor":16,"key":"ElixirPotion"},{"floor":30,"key":"Strength Potion"},{"floor":32,"key":"Adrenaline Potion"}],"is_trial":false,"path_per_floor":["M","?","?","$","M","R","E","M","T","PTL","PTL","M","M","M","R","M","R","B",null,"M","$","?","M","?","R","E","R","T","R","M","?","M","M","R","B"],"character_chosen":"IRONCLAD","items_purchased":["Molten Egg 2","ReplayReversal","Bottled Flame","Intimidate"],"campfire_rested":2,"item_purchase_floors":[4,4,21,21],"current_hp_per_floor":[80,80,80,80,80,80,64,68,68,68,68,63,57,63,63,65,80,50,80,66,66,50,41,41,41,26,50,50,50,56,56,62,73,73,0,0],"gold":154,"neow_bonus":"TWO_FIFTY_GOLD","is_daily":false,"chose_seed":false,"campfire_upgraded":4,"win_rate":0.0,"timestamp":1609922629,"path_taken":["M","?","?","$","M","R","E","M","T","PTL","PTL","M","M","M","R","M","R","BOSS","M","?","?","M","?","R","E","R","T","R","M","?","M","M","R","BOSS"],"items_purchased_type":["Relic","Card","Relic","Card"],"build_version":"2020-12-22","purchased_purges":0,"victory":false,"max_hp_per_floor":[80,80,80,80,80,80,80,80,80,80,80,80,80,80,80,80,80,80,80,80,80,80,80,80,80,80,80,80,80,80,80,80,80,80,80,80],"card_choices":[{"not_picked":["True Grit","Clash"],"picked":"ReplayReversal","floor":1},{"not_picked":["Thunderclap+1","ReplayTheSpireMod:LeadingStrike+1"],"picked":"Dropkick+1","floor":5},{"not_picked":["Clash+1","Demonic Infusion"],"picked":"Armaments","floor":7},{"not_picked":["True Grit","Clash+1","ReplayTheSpireMod:Corrosion Curse"],"picked":"Pommel Strike+1","floor":8},{"not_picked":["Run Through+1","Rampage+1","ReplayTheSpireMod:Strike From Hell+1"],"picked":"Flame Barrier","floor":12},{"not_picked":["Burning Pact","Replay:Many Hands","Pommel Strike+1"],"picked":"Body Slam+1","floor":13},{"not_picked":["Sword Boomerang+1","Anger+1","Reckless Charge+1"],"picked":"Life Link","floor":14},{"not_picked":["Battle Trance","Perfected Strike+1","True Grit"],"picked":"Body Slam+1","floor":16},{"not_picked":["Offering","Replay:Many Hands","Eclipse"],"picked":"Bludgeon+1","floor":18},{"not_picked":["Thunderclap+1","Bloodletting","Battle Trance"],"picked":"Shockwave","floor":20},{"not_picked":["ReplayTheSpireMod:Limb From Limb+1","Blood for Blood+1","Warcry"],"picked":"Headbutt+1","floor":23},{"not_picked":["Replay:Many Hands","Feel No Pain+1","ReplayTheSpireMod:Stacked"],"picked":"Iron Wave+1","floor":26},{"not_picked":["Cleave+1","Fire Breathing","Headbutt+1"],"picked":"Ghostly Armor","floor":30},{"not_picked":["Ghostly Armor","Replay:Undeath\u0027s Touch+1","Dark Embrace"],"picked":"Shrug It Off","floor":32},{"not_picked":["Clothesline+1","Twin Strike+1","Clash+1"],"picked":"Dropkick+1","floor":33}],"player_experience":1681,"relics_obtained":[{"floor":7,"key":"Question Card"},{"floor":9,"key":"Replay:Bottled Eggs"},{"floor":22,"key":"Necronomicon"},{"floor":26,"key":"Toy Ornithopter"},{"floor":28,"key":"ReplayTheSpireMod:Ninjato"},{"floor":34,"key":"Ring of Hypnosis"},{"floor":34,"key":"Ring of Greed"},{"floor":34,"key":"MawBank"},{"floor":34,"key":"Membership Card"}],"event_choices":[{"damage_healed":0,"gold_gain":0,"player_choice":"Grow","damage_taken":0,"max_hp_gain":0,"max_hp_loss":0,"event_name":"Living Wall","floor":2,"gold_loss":0,"cards_upgraded":["ReplayReversal"]},{"cards_removed":["ReplayTheSpireMod:Splinters"],"damage_healed":0,"gold_gain":0,"player_choice":"Purged","damage_taken":0,"max_hp_gain":0,"max_hp_loss":0,"event_name":"Purifier","floor":3,"gold_loss":0},{"damage_healed":0,"gold_gain":0,"player_choice":"Obtained Book","damage_taken":16,"max_hp_gain":0,"max_hp_loss":0,"event_name":"Cursed Tome","floor":22,"gold_loss":0},{"damage_healed":0,"gold_gain":0,"player_choice":"Simplicity","damage_taken":0,"max_hp_gain":0,"max_hp_loss":0,"event_name":"Back to Basics","floor":24,"gold_loss":0,"cards_upgraded":["Strike_R","Strike_R","Strike_R","Strike_R","Strike_R"]},{"cards_removed":["Intimidate"],"damage_healed":0,"gold_gain":0,"player_choice":"Gave Gold","damage_taken":0,"max_hp_gain":0,"max_hp_loss":0,"event_name":"Beggar","floor":31,"gold_loss":75}],"is_beta":false,"boss_relics":[{"not_picked":["Replay:Drink Me","Replay:Grab Bag"],"picked":"Ring of Chaos"}],"items_purged_floors":[],"is_endless":false,"potions_floor_spawned":[1,5,7,12,16,30,32],"killed_by":"Champ","ascension_level":0}}