{"host":"mi0eibewekhugwl1","time":1609934687,"event":{"mods":["AchievementEnabler","BaseMod","Colored Map","Colored Powertips","DeckTracker","Keyboard Shortcuts","Minty Spire (QoL Compilation)","Quick Restart","Rare Cards Sparkle","Relic Stats","StSLib","SuperFastMode","everything is the same but u backflip on backflip"],"gold_per_floor":[111,111,16,66,78,105,105,138,138,157,173,230,230,246,246,320,320,331,381,11,26,36,36,66,83,110,385,385,396,415,291,291,364,364,383,383,383,383,394,425,425,439,439,458,148,176,176,34,34,34,34,34],"floor_reached":51,"playtime":1103,"items_purged":["Regret","Strike_R"],"score":1470,"play_id":"97fa7ef4-045b-4939-ad8e-582e36a232e0","local_time":"20210106210447","is_ascension_mode":true,"campfire_choices":[{"data":"Immolate","floor":7.0,"key":"SMITH"},{"data":"Inflame","floor":13.0,"key":"SMITH"},{"data":"Disarm","floor":15.0,"key":"SMITH"},{"data":"Power Through","floor":23.0,"key":"SMITH"},{"floor":28.0,"key":"REST"},{"data":"Entrench","floor":32,"key":"SMITH"},{"data":"Dark Embrace","floor":41,"key":"SMITH"},{"floor":47,"key":"REST"},{"floor":49,"key":"RECALL"}],"circlet_count":0,"master_deck":["AscendersBane","Defend_R","Defend_R","Defend_R","Defend_R","Bash","Fire Breathing","Immolate+1","Wild Strike","Inflame+1","Sword Boomerang+1","Shrug It Off","Double Tap","Disarm+1","Feed+1","Power Through+1","Pommel Strike+1","Body Slam+1","Battle Trance","Flame Barrier","Bloodletting","Entrench+1","Fiend Fire+1","Perfected Strike+1","Reaper+1","Carnage+1","Flash of Steel+1","Dark Embrace+1","Feel No Pain+1","Fire Breathing","Power Through+1","Reckless Charge+1"],"relics":["Burning Blood","NeowsBlessing","Molten Egg 2","Shuriken","Mercury Hourglass","Mummified Hand","Philosopher\u0027s Stone","Membership Card","Prayer Wheel","StoneCalendar","Blood Vial","Lee\u0027s Waffle","Astrolabe","Boot","Pantograph","DollysMirror","Omamori","Kunai"],"acts_visited":["Exordium","TheCity","TheBeyond"],"potions_floor_usage":[33,33,38,40,40,40,46],"damage_taken":[{"damage":0.0,"enemies":"Jaw Worm","floor":1.0,"turns":1.0},{"damage":0.0,"enemies":"2 Louse","floor":5.0,"turns":1.0},{"damage":0.0,"enemies":"3 Sentries","floor":6.0,"turns":1.0},{"damage":40.0,"enemies":"Lagavulin","floor":8.0,"turns":6.0},{"damage":0.0,"enemies":"Cultist","floor":10.0,"turns":2.0},{"damage":0.0,"enemies":"Large Slime","floor":11.0,"turns":3.0},{"damage":31.0,"enemies":"Lagavulin Event","floor":12.0,"turns":5.0},{"damage":0.0,"enemies":"Exordium Wildlife","floor":14.0,"turns":1.0},{"damage":13.0,"enemies":"The Guardian","floor":16.0,"turns":9.0},{"damage":14.0,"enemies":"Shell Parasite","floor":18.0,"turns":2.0},{"damage":14.0,"enemies":"2 Thieves","floor":21.0,"turns":3.0},{"damage":12.0,"enemies":"Snake Plant","floor":22.0,"turns":3.0},{"damage":26.0,"enemies":"Slavers","floor":24.0,"turns":4.0},{"damage":14.0,"enemies":"Snecko","floor":25.0,"turns":3.0},{"damage":0.0,"enemies":"Centurion and Healer","floor":29.0,"turns":2.0},{"damage":34,"enemies":"Shelled Parasite and Fungi","floor":30,"turns":4},{"damage":39,"enemies":"Collector","floor":33,"turns":7},{"damage":3,"enemies":"3 Darklings","floor":35,"turns":2},{"damage":12,"enemies":"Orb Walker","floor":39,"turns":3},{"damage":49,"enemies":"Reptomancer","floor":40,"turns":7},{"damage":43,"enemies":"4 Shapes","floor":42,"turns":4},{"damage":22,"enemies":"Sphere and 2 Shapes","floor":44,"turns":4},{"damage":61,"enemies":"Giant Head","floor":46,"turns":7},{"damage":131,"enemies":"Donu and Deca","floor":50,"turns":9},{"damage":59,"enemies":"Awakened One","floor":51,"turns":4}],"seed_played":"2723712758578932552","potions_obtained":[{"floor":5.0,"key":"SteroidPotion"},{"floor":8.0,"key":"Strength Potion"},{"floor":11.0,"key":"Fruit Juice"},{"floor":12.0,"key":"Fire Potion"},{"floor":22.0,"key":"Fire Potion"},{"floor":35,"key":"BloodPotion"},{"floor":38,"key":"EntropicBrew"},{"floor":38,"key":"Weak Potion"},{"floor":40,"key":"Dexterity Potion"}],"is_trial":false,"path_per_floor":["M","?","$","?","M","E","R","E","T","M","M","?","R","M","R","B",null,"M","?","$","M","M","R","E","M","T","?","R","M","M","$","R","B",null,"M","?","?","?","M","E","R","M","T","M","$","E","R","$","R","B","B"],"character_chosen":"IRONCLAD","items_purchased":["Wild Strike","Inflame","Membership Card","Prayer Wheel","Pommel Strike+1","Lee\u0027s Waffle","Pantograph","DollysMirror","Reckless Charge+1","Kunai"],"campfire_rested":2,"item_purchase_floors":[3,3,20,20,20,31,45,45,45,48],"current_hp_per_floor":[74,74,74,67,73,75,75,41,41,47,53,33,33,39,39,32,68,64,64,64,56,50,50,34,26,26,26,52,60,34,95,95,66,91,99,99,89,99,93,76,76,62,62,61,61,24,56,56,56,16,0,0],"gold":34,"neow_bonus":"THREE_ENEMY_KILL","is_daily":false,"chose_seed":false,"campfire_upgraded":6,"win_rate":0.0,"timestamp":1609934687,"path_taken":["M","?","$","?","?","E","R","E","T","M","M","?","R","M","R","BOSS","M","?","$","M","M","R","E","M","T","?","R","?","M","$","R","BOSS","M","?","?","?","M","E","R","?","T","M","$","E","R","$","R","BOSS","BOSS"],"items_purchased_type":["Card","Card","Relic","Relic","Card","Relic","Relic","Relic","Card","Relic"],"build_version":"2020-12-22","purchased_purges":2,"victory":false,"max_hp_per_floor":[75,75,75,75,75,75,75,75,75,75,75,80,80,80,80,80,80,84,84,84,84,84,84,88,88,88,88,88,88,88,95,95,99,99,99,99,99,99,99,99,99,103,103,107,107,107,107,107,107,107,111,111],"relic_stats":{"Lee\u0027s Waffle":61,"counters":[25,97],"Astrolabe":["Perfected Strike","Reaper","Carnage"],"StoneCalendar":[133],"Boot":[18],"Burning Blood":137,"Mercury Hourglass":[383],"Blood Vial":18,"Shuriken":[18],"Mummified Hand":[42],"Pantograph":50,"Prayer Wheel":10,"Kunai":[2],"obtain_stats":[{"Lee\u0027s Waffle":31,"NeowsBlessing":0,"Astrolabe":34,"StoneCalendar":24,"Omamori":46,"Boot":40,"Burning Blood":0,"Mercury Hourglass":9,"Blood Vial":26,"Shuriken":8,"Mummified Hand":12,"DollysMirror":45,"Pantograph":45,"Molten Egg 2":6,"Philosopher\u0027s Stone":17,"Prayer Wheel":20,"Membership Card":20,"Kunai":48},{"Lee\u0027s Waffle":16,"NeowsBlessing":0,"Astrolabe":17,"StoneCalendar":13,"Omamori":23,"Boot":20,"Burning Blood":0,"Mercury Hourglass":4,"Blood Vial":14,"Shuriken":4,"Mummified Hand":6,"DollysMirror":22,"Pantograph":22,"Molten Egg 2":3,"Philosopher\u0027s Stone":9,"Prayer Wheel":10,"Membership Card":10,"Kunai":23},{"Lee\u0027s Waffle":50,"NeowsBlessing":0,"Astrolabe":57,"StoneCalendar":41,"Omamori":84,"Boot":69,"Burning Blood":0,"Mercury Hourglass":9,"Blood Vial":44,"Shuriken":9,"Mummified Hand":14,"DollysMirror":77,"Pantograph":77,"Molten Egg 2":3,"Philosopher\u0027s Stone":29,"Prayer Wheel":31,"Membership Card":31,"Kunai":84}]},"card_choices":[{"not_picked":["True Grit","Warcry"],"picked":"Fire Breathing","floor":1.0},{"not_picked":["Rupture","Twin Strike","Havoc"],"picked":"SKIP","floor":5.0},{"not_picked":["Burning Pact","Pummel+1"],"picked":"Sword Boomerang+1","floor":6.0},{"not_picked":["Infernal Blade","Spot Weakness"],"picked":"Shrug It Off","floor":8.0},{"not_picked":["Disarm","Twin Strike+1"],"picked":"Double Tap","floor":10.0},{"not_picked":["Twin Strike+1","Clash+1","Sword Boomerang+1"],"picked":"SKIP","floor":11.0},{"not_picked":["Searing Blow+1","Rage"],"picked":"Disarm","floor":14.0},{"not_picked":["Exhume","Brutality"],"picked":"Feed+1","floor":16.0},{"not_picked":["Evolve","Havoc"],"picked":"Power Through","floor":18.0},{"not_picked":["Clothesline+1","Combust","Twin Strike+1"],"picked":"SKIP","floor":21.0},{"not_picked":["Searing Blow+1","Thunderclap+1","Disarm"],"picked":"SKIP","floor":21.0},{"not_picked":["Pommel Strike+1","Perfected Strike+1"],"picked":"Body Slam+1","floor":22.0},{"not_picked":["Rage","Pommel Strike+1","Flex"],"picked":"SKIP","floor":22.0},{"not_picked":["Rage","Pommel Strike+1","Flex"],"picked":"SKIP","floor":22.0},{"not_picked":["Rupture+1","Perfected Strike+1"],"picked":"Battle Trance","floor":24.0},{"not_picked":["Searing Blow+1","Dropkick+1","Warcry"],"picked":"SKIP","floor":25.0},{"not_picked":["Metallicize","Brutality","Twin Strike+1"],"picked":"SKIP","floor":25.0},{"not_picked":["Twin Strike+1","Anger+1"],"picked":"Flame Barrier","floor":29},{"not_picked":["Sever Soul+1","Headbutt+1","Rupture"],"picked":"SKIP","floor":29},{"not_picked":["Cleave+1","Headbutt+1"],"picked":"Bloodletting","floor":30},{"not_picked":["Heavy Blade+1","Thunderclap+1"],"picked":"Entrench","floor":30},{"not_picked":["Impervious","Double Tap"],"picked":"Fiend Fire+1","floor":33},{"not_picked":["Sever Soul+1","Hemokinesis+1","Armaments"],"picked":"SKIP","floor":35},{"not_picked":["Warcry","Iron Wave+1","Metallicize"],"picked":"SKIP","floor":35},{"not_picked":["Mind Blast+1","Secret Technique"],"picked":"Flash of Steel+1","floor":37},{"not_picked":["Reckless Charge+1","Armaments"],"picked":"Dark Embrace","floor":39},{"not_picked":["True Grit","Clothesline+1","Disarm"],"picked":"SKIP","floor":39},{"not_picked":["Berserk","Heavy Blade+1","True Grit"],"picked":"SKIP","floor":40},{"not_picked":["Berserk","Heavy Blade+1","True Grit"],"picked":"SKIP","floor":40},{"not_picked":["Flex","Entrench"],"picked":"Feel No Pain+1","floor":42},{"not_picked":["Pommel Strike+1","Spot Weakness","Body Slam+1"],"picked":"SKIP","floor":42},{"not_picked":["Warcry","Cleave+1"],"picked":"Fire Breathing","floor":44},{"not_picked":["Warcry","Limit Break","Cleave+1"],"picked":"SKIP","floor":44},{"not_picked":["Sentinel","Carnage+1","Flex"],"picked":"SKIP","floor":46}],"player_experience":1737323,"relics_obtained":[{"floor":6.0,"key":"Molten Egg 2"},{"floor":8.0,"key":"Shuriken"},{"floor":9.0,"key":"Mercury Hourglass"},{"floor":24.0,"key":"StoneCalendar"},{"floor":26.0,"key":"Blood Vial"},{"floor":40,"key":"Boot"},{"floor":46,"key":"Omamori"}],"event_choices":[{"damage_healed":0.0,"max_hp_gain":0.0,"max_hp_loss":0.0,"gold_gain":0.0,"cards_transformed":["Strike_R"],"event_name":"Living Wall","player_choice":"Change","floor":2.0,"gold_loss":0.0,"damage_taken":0.0,"cards_obtained":["Immolate"]},{"damage_healed":0.0,"max_hp_gain":0.0,"max_hp_loss":0.0,"gold_gain":50.0,"event_name":"FaceTrader","player_choice":"Touch","floor":4.0,"gold_loss":0.0,"damage_taken":7.0},{"damage_healed":0.0,"max_hp_gain":0.0,"max_hp_loss":0.0,"gold_gain":0.0,"event_name":"Dead Adventurer","player_choice":"Searched \u00272\u0027 times","floor":12.0,"gold_loss":0.0,"damage_taken":0.0,"relics_obtained":["Mummified Hand"]},{"damage_healed":0.0,"max_hp_gain":0.0,"max_hp_loss":0.0,"gold_gain":50.0,"event_name":"Nest","player_choice":"Stole From Cult","floor":19.0,"gold_loss":0.0,"damage_taken":0.0},{"damage_healed":0.0,"max_hp_gain":0.0,"max_hp_loss":0.0,"gold_gain":275.0,"event_name":"Golden Shrine","player_choice":"Desecrate","floor":27.0,"gold_loss":0.0,"damage_taken":0.0,"cards_obtained":["Regret"]},{"damage_healed":0,"gold_gain":0,"player_choice":"Ignored","damage_taken":0,"max_hp_gain":0,"max_hp_loss":0,"event_name":"Tomb of Lord Red Mask","floor":36,"gold_loss":0},{"damage_healed":0,"gold_gain":0,"player_choice":"Memory 3","damage_taken":10,"max_hp_gain":0,"max_hp_loss":0,"event_name":"SensoryStone","floor":37,"gold_loss":0},{"damage_healed":0,"gold_gain":0,"player_choice":"Got Potions","damage_taken":0,"max_hp_gain":0,"max_hp_loss":0,"event_name":"Lab","floor":38,"gold_loss":0}],"is_beta":false,"boss_relics":[{"not_picked":["Velvet Choker","Fusion Hammer"],"picked":"Philosopher\u0027s Stone"},{"not_picked":["Tiny House","Empty Cage"],"picked":"Astrolabe"}],"items_purged_floors":[31,45],"is_endless":false,"potions_floor_spawned":[5,8,11,12,22,24,25,29,35,40,42],"killed_by":"Awakened One","ascension_level":20}}