{"host":"h0xw20cia6ppa69g","time":1609923979,"event":{"mods":["AchievementEnabler","BaseMod","Colored Map","Filter the Spire","Googly Eyes","Minty Spire (QoL Compilation)","Relic Stats","StSLib","The Awakened One except there are too many feathers","everything is the same but u backflip on backflip"],"gold_per_floor":[114,114,132,132,153,186,205,13,64,82,100,131,131,144,144,263,263,281,304,319,87,100,131,131,144,144,243,12,45,90,155,155,316,316,397,730,843,415,415,505,579,579,579,671,581,581,666,3,3,63,63,63,29,64,64],"floor_reached":56,"playtime":16258,"items_purged":["CarveReality"],"score":1459,"play_id":"87d23729-2cc2-475d-a79f-b5a45ee1337d","local_time":"20210106030619","is_ascension_mode":true,"campfire_choices":[{"data":"Eruption","floor":13.0,"key":"SMITH"},{"data":"ThirdEye","floor":15.0,"key":"SMITH"},{"data":"Fasting2","floor":32.0,"key":"SMITH"},{"floor":42,"key":"RECALL"},{"floor":49,"key":"REST"},{"data":"Worship","floor":52,"key":"SMITH"}],"circlet_count":0,"master_deck":["Eruption+1","Vigilance","Brilliance","Prostrate","BowlingBash","ThirdEye","Prostrate","Protect","ThirdEye+1","Establishment","Wireheading","Tantrum","WheelKick","Devotion","Pray","WaveOfTheHand","EmptyBody","Blasphemy","Prostrate+1","Meditate+1","Vengeance","DeusExMachina","Worship+1","Fasting2+1","MentalFortress","WaveOfTheHand+1","Wish+1","TalkToTheHand","Vault+1","Omniscience+1","Omniscience+1","FearNoEvil","Evaluate+1","Panacea+1","Panache+1","Jack Of All Trades+1","Protect+1","ForeignInfluence+1","ClearTheMind+1","Omniscience+1","Brilliance","Evaluate+1","Indignation+1","JustLucky"],"relics":["PureWater","Singing Bowl","OrangePellets","PreservedInsect","Centennial Puzzle","Pandora\u0027s Box","Anchor","Toxic Egg 2","Nloth\u0027s Gift","Juzu Bracelet","Ginger","Cursed Key","Pocketwatch","Damaru","Nunchaku","Bag of Marbles","Frozen Egg 2","Oddly Smooth Stone","DollysMirror","FossilizedHelix","Blood Vial"],"acts_visited":["Exordium","TheCity","TheBeyond","TheEnding"],"potions_floor_usage":[37,47,55,55],"damage_taken":[{"damage":0.0,"enemies":"Small Slimes","floor":1.0,"turns":3.0},{"damage":6.0,"enemies":"Jaw Worm","floor":3.0,"turns":3.0},{"damage":0.0,"enemies":"Cultist","floor":5.0,"turns":2.0},{"damage":17.0,"enemies":"3 Sentries","floor":6.0,"turns":10.0},{"damage":6.0,"enemies":"Exordium Thugs","floor":7.0,"turns":4.0},{"damage":2.0,"enemies":"Gremlin Gang","floor":10.0,"turns":2.0},{"damage":0.0,"enemies":"3 Louse","floor":11.0,"turns":3.0},{"damage":0.0,"enemies":"Lagavulin","floor":12.0,"turns":4.0},{"damage":0.0,"enemies":"Blue Slaver","floor":14.0,"turns":3.0},{"damage":11.0,"enemies":"Hexaghost","floor":16.0,"turns":13.0},{"damage":0.0,"enemies":"Shell Parasite","floor":18.0,"turns":4.0},{"damage":1.0,"enemies":"Chosen","floor":19.0,"turns":6.0},{"damage":8.0,"enemies":"Centurion and Healer","floor":20.0,"turns":4.0},{"damage":0.0,"enemies":"Snake Plant","floor":22.0,"turns":4.0},{"damage":0.0,"enemies":"Gremlin Leader","floor":23.0,"turns":4.0},{"damage":9.0,"enemies":"Shelled Parasite and Fungi","floor":25.0,"turns":3.0},{"damage":5.0,"enemies":"Slavers","floor":29.0,"turns":4.0},{"damage":0.0,"enemies":"Centurion and Healer","floor":30.0,"turns":8.0},{"damage":9.0,"enemies":"Book of Stabbing","floor":31.0,"turns":4.0},{"damage":5.0,"enemies":"Collector","floor":33.0,"turns":8.0},{"damage":25.0,"enemies":"Orb Walker","floor":35.0,"turns":9.0},{"damage":10,"enemies":"2 Orb Walkers","floor":37,"turns":4},{"damage":1,"enemies":"Nemesis","floor":40,"turns":8},{"damage":0,"enemies":"3 Darklings","floor":41,"turns":10},{"damage":3,"enemies":"Giant Head","floor":44,"turns":6},{"damage":18,"enemies":"Nemesis","floor":47,"turns":3},{"damage":41,"enemies":"Time Eater","floor":50,"turns":14},{"damage":0,"enemies":"Shield and Spear","floor":54,"turns":4},{"damage":15,"enemies":"The Heart","floor":55,"turns":8}],"seed_played":"863696604608848145","potions_obtained":[{"floor":6.0,"key":"LiquidMemories"},{"floor":7.0,"key":"ColorlessPotion"},{"floor":10.0,"key":"ColorlessPotion"},{"floor":11.0,"key":"Fire Potion"},{"floor":33.0,"key":"Ancient Potion"},{"floor":37,"key":"GamblersBrew"},{"floor":44,"key":"DuplicationPotion"}],"is_trial":false,"path_per_floor":["M","?","M","?","M","E","M","$","T","M","M","E","R","M","R","B",null,"M","M","M","$","M","E","?","M","T","?","$","E","M","E","R","B",null,"M","?","?","$","?","E","M","R","T","E","?","?","E","$","R","B",null,"R","$","E","B",null],"character_chosen":"WATCHER","items_purchased":["OrangePellets","Protect","DeusExMachina","Anchor","MentalFortress","WaveOfTheHand+1","Damaru","Evaluate+1","Nunchaku","StancePotion","DollysMirror","FossilizedHelix","Brilliance","Evaluate+1","Indignation+1"],"campfire_rested":1,"item_purchase_floors":[8,8,21,21,28,28,38,38,38,38,48,48,48,48,53],"current_hp_per_floor":[51,33,27,27,28,12,7,7,7,6,9,10,10,13,13,3,84,85,85,78,78,79,80,80,73,73,73,73,68,68,59,59,54,91,66,66,56,56,46,47,47,47,47,44,44,44,26,26,53,12,93,93,93,93,78],"gold":64,"neow_bonus":"THREE_RARE_CARDS","is_daily":false,"chose_seed":false,"campfire_upgraded":4,"win_rate":0.0,"timestamp":1609923979,"path_taken":["M","?","M","?","M","E","M","$","T","?","M","E","R","M","R","BOSS","M","M","M","$","M","E","?","?","T","?","$","E","M","E","R","BOSS","M","?","?","$","?","E","M","R","T","E","?","?","E","$","R","BOSS","R","$","E","BOSS"],"items_purchased_type":["Relic","Card","Card","Relic","Card","Card","Relic","Card","Relic","Potion","Relic","Relic","Card","Card","Card"],"build_version":"2020-12-22","purchased_purges":1,"victory":true,"max_hp_per_floor":[72,72,72,72,73,74,75,75,75,76,79,80,80,83,83,84,84,85,86,87,87,88,89,89,91,91,91,91,91,91,91,91,91,91,91,91,91,91,91,93,93,93,93,93,93,93,93,93,93,93,93,93,93,93,93],"relic_stats":{"Singing Bowl":8,"counters":[29,162],"PreservedInsect":441,"Juzu Bracelet":2,"Ginger":[10],"Cursed Key":0,"Blood Vial":0,"OrangePellets":[13],"Centennial Puzzle":[42],"Nunchaku":[5],"Pandora\u0027s Box":["Wireheading","Tantrum","WheelKick","Devotion","Pray","WaveOfTheHand","EmptyBody","Blasphemy"],"Nloth\u0027s Gift":6,"obtain_stats":[{"Singing Bowl":6,"Golden Idol":2,"Damaru":38,"Oddly Smooth Stone":47,"PreservedInsect":9,"Juzu Bracelet":29,"Ginger":31,"Frozen Egg 2":44,"Cursed Key":34,"Blood Vial":54,"OrangePellets":8,"Centennial Puzzle":12,"Anchor":21,"Nunchaku":38,"FaceOfCleric":4,"DollysMirror":48,"Pandora\u0027s Box":17,"Nloth\u0027s Gift":24,"Bag of Marbles":40,"PureWater":0,"Toxic Egg 2":23,"FossilizedHelix":48,"Pocketwatch":37},{"Singing Bowl":4,"Golden Idol":1,"Damaru":22,"Oddly Smooth Stone":26,"PreservedInsect":5,"Juzu Bracelet":17,"Ginger":19,"Frozen Egg 2":25,"Cursed Key":20,"Blood Vial":28,"OrangePellets":5,"Centennial Puzzle":8,"Anchor":13,"Nunchaku":22,"FaceOfCleric":2,"DollysMirror":26,"Pandora\u0027s Box":10,"Nloth\u0027s Gift":15,"Bag of Marbles":23,"PureWater":0,"Toxic Egg 2":15,"FossilizedHelix":26,"Pocketwatch":22},{"Singing Bowl":18,"Golden Idol":3,"Damaru":109,"Oddly Smooth Stone":136,"PreservedInsect":22,"Juzu Bracelet":76,"Ginger":88,"Frozen Egg 2":133,"Cursed Key":96,"Blood Vial":154,"OrangePellets":22,"Centennial Puzzle":31,"Anchor":61,"Nunchaku":109,"FaceOfCleric":6,"DollysMirror":136,"Pandora\u0027s Box":47,"Nloth\u0027s Gift":69,"Bag of Marbles":117,"PureWater":0,"Toxic Egg 2":69,"FossilizedHelix":136,"Pocketwatch":109}],"Pocketwatch":[21]},"card_choices":[{"not_picked":["DevaForm","Judgement"],"picked":"Brilliance","floor":0.0},{"not_picked":["Halt","Evaluate"],"picked":"Prostrate","floor":1.0},{"not_picked":["ClearTheMind","Pray"],"picked":"BowlingBash","floor":3.0},{"not_picked":["Consecrate","Weave"],"picked":"ThirdEye","floor":5.0},{"not_picked":["Vengeance","BowlingBash"],"picked":"CarveReality","floor":6.0},{"not_picked":["DevaForm","ThirdEye"],"picked":"Prostrate","floor":7.0},{"not_picked":["WindmillStrike","FollowUp"],"picked":"Halt","floor":10.0},{"not_picked":["JustLucky","FlurryOfBlows","FollowUp"],"picked":"Singing Bowl","floor":11.0},{"not_picked":["Ragnarok","Evaluate"],"picked":"ThirdEye","floor":12.0},{"not_picked":["Vengeance","CutThroughFate","LikeWater"],"picked":"Singing Bowl","floor":14.0},{"not_picked":["Blasphemy","Wish"],"picked":"Establishment","floor":16.0},{"not_picked":["FollowUp","WreathOfFlame+1"],"picked":"Prostrate+1","floor":18.0},{"not_picked":["CutThroughFate","Evaluate"],"picked":"Meditate+1","floor":19.0},{"not_picked":["BowlingBash","Evaluate"],"picked":"Vengeance","floor":20.0},{"not_picked":["ClearTheMind","Blasphemy"],"picked":"Worship","floor":22.0},{"not_picked":["FlyingSleeves","EmptyBody+1"],"picked":"Fasting2","floor":23.0},{"not_picked":["Conclude+1","Nirvana","WindmillStrike"],"picked":"Singing Bowl","floor":25.0},{"not_picked":["Prostrate+1","DeusExMachina+1"],"picked":"Wish+1","floor":29.0},{"not_picked":["ClearTheMind+1","FlyingSleeves"],"picked":"TalkToTheHand","floor":30.0},{"not_picked":["Scrawl+1","Protect+1"],"picked":"Vault+1","floor":31.0},{"not_picked":["Scrawl+1","SpiritShield+1"],"picked":"Omniscience+1","floor":33.0},{"not_picked":["Crescendo+1","Consecrate"],"picked":"Omniscience+1","floor":35.0},{"not_picked":["WreathOfFlame+1","Wireheading"],"picked":"FearNoEvil","floor":37},{"not_picked":["Thinking Ahead+1","Deep Breath+1"],"picked":"Panacea+1","floor":39},{"not_picked":["Violence+1","Finesse+1"],"picked":"Panache","floor":39},{"not_picked":["Blind+1","Dramatic Entrance"],"picked":"Jack Of All Trades+1","floor":39},{"not_picked":["ConjureBlade+1","Prostrate+1","EmptyBody+1"],"picked":"Singing Bowl","floor":40},{"not_picked":["Alpha+1","CrushJoints+1"],"picked":"Protect+1","floor":41},{"not_picked":["SignatureMove+1","Protect+1"],"picked":"ForeignInfluence+1","floor":44},{"not_picked":["SandsOfTime+1","CutThroughFate+1"],"picked":"ClearTheMind+1","floor":47},{"not_picked":["ClearTheMind+1","Establishment+1"],"picked":"JustLucky","floor":54}],"player_experience":3634860,"relics_obtained":[{"floor":6.0,"key":"Singing Bowl"},{"floor":9.0,"key":"PreservedInsect"},{"floor":12.0,"key":"Centennial Puzzle"},{"floor":23.0,"key":"Toxic Egg 2"},{"floor":29.0,"key":"Juzu Bracelet"},{"floor":31.0,"key":"Ginger"},{"floor":37,"key":"Pocketwatch"},{"floor":40,"key":"Bag of Marbles"},{"floor":44,"key":"Frozen Egg 2"},{"floor":47,"key":"Oddly Smooth Stone"},{"floor":54,"key":"Blood Vial"}],"event_choices":[{"damage_healed":0.0,"max_hp_gain":0.0,"max_hp_loss":0.0,"gold_gain":0.0,"event_name":"Golden Idol","player_choice":"Take Damage","floor":2.0,"gold_loss":0.0,"damage_taken":18.0,"relics_obtained":["Golden Idol"]},{"damage_healed":0.0,"max_hp_gain":0.0,"max_hp_loss":0.0,"gold_gain":0.0,"event_name":"FaceTrader","player_choice":"Trade","floor":4.0,"gold_loss":0.0,"damage_taken":0.0,"relics_obtained":["FaceOfCleric"]},{"damage_healed":0.0,"max_hp_gain":0.0,"max_hp_loss":0.0,"gold_gain":0.0,"event_name":"N\u0027loth","player_choice":"Traded Relic","floor":24.0,"relics_lost":["FaceOfCleric"],"gold_loss":0.0,"damage_taken":0.0,"relics_obtained":["Nloth\u0027s Gift"]},{"damage_healed":0.0,"max_hp_gain":0.0,"max_hp_loss":0.0,"gold_gain":99.0,"event_name":"Nest","player_choice":"Stole From Cult","floor":27.0,"gold_loss":0.0,"damage_taken":0.0},{"damage_healed":0.0,"max_hp_gain":0.0,"max_hp_loss":0.0,"gold_gain":333.0,"event_name":"The Moai Head","player_choice":"Gave Idol","floor":36.0,"relics_lost":["Golden Idol"],"gold_loss":0.0,"damage_taken":0.0},{"damage_healed":0,"gold_gain":0,"player_choice":"Fight","damage_taken":0,"max_hp_gain":0,"max_hp_loss":0,"event_name":"Mysterious Sphere","floor":37,"gold_loss":0},{"damage_healed":0,"gold_gain":0,"player_choice":"Memory 3","damage_taken":10,"max_hp_gain":0,"max_hp_loss":0,"event_name":"SensoryStone","floor":39,"gold_loss":0},{"cards_removed":["Halt"],"damage_healed":0,"gold_gain":0,"player_choice":"Upgrade and Remove","damage_taken":0,"max_hp_gain":0,"max_hp_loss":0,"event_name":"Designer","floor":45,"gold_loss":90,"cards_upgraded":["Panache"]},{"damage_healed":0,"gold_gain":0,"player_choice":"Ignored","damage_taken":0,"max_hp_gain":0,"max_hp_loss":0,"event_name":"Tomb of Lord Red Mask","floor":46,"gold_loss":0}],"is_beta":false,"boss_relics":[{"not_picked":["Snecko Eye","Sozu"],"picked":"Pandora\u0027s Box"},{"not_picked":["Empty Cage","Runic Dome"],"picked":"Cursed Key"}],"items_purged_floors":[28],"is_endless":false,"potions_floor_spawned":[6,7,10,11,16,18,22,23,29,33,37,41,44],"ascension_level":1}}