{"host":"sl4rf9j4s63ev6os","time":1609908807,"event":{"mods":["AchievementEnabler","BaseMod","Colored Map","Colored Powertips","DeckTracker","Minty Spire (QoL Compilation)","Relic Sorter"],"gold_per_floor":[110,124,124,143,143,173,173,185,185,215,231,257,6,6,6,6,6],"floor_reached":16,"playtime":915,"items_purged":[],"score":120,"play_id":"717e9504-ed85-4268-9753-c711655e9900","local_time":"20210106145327","is_ascension_mode":false,"campfire_choices":[{"data":"FlurryOfBlows","floor":7,"key":"SMITH"},{"floor":15,"key":"RECALL"}],"circlet_count":0,"master_deck":["Strike_P","Strike_P","Defend_P","Defend_P","Eruption","Vigilance","FlurryOfBlows","FlurryOfBlows+1","Evaluate","Alpha","EmptyBody","Parasite"],"relics":["PureWater","Singing Bowl","Lantern","Regal Pillow","Meat on the Bone"],"acts_visited":["Exordium"],"potions_floor_usage":[10,10,16],"damage_taken":[{"damage":0,"enemies":"2 Louse","floor":1,"turns":2},{"damage":0,"enemies":"Small Slimes","floor":2,"turns":2},{"damage":0,"enemies":"Jaw Worm","floor":4,"turns":4},{"damage":10,"enemies":"Gremlin Nob","floor":6,"turns":3},{"damage":0,"enemies":"Large Slime","floor":8,"turns":2},{"damage":11,"enemies":"Lagavulin","floor":10,"turns":4},{"damage":4,"enemies":"Blue Slaver","floor":11,"turns":2},{"damage":24,"enemies":"Gremlin Nob","floor":12,"turns":4},{"damage":36,"enemies":"Slime Boss","floor":16,"turns":8}],"seed_played":"-8429351600845597241","potions_obtained":[{"floor":6,"key":"Fire Potion"},{"floor":8,"key":"SkillPotion"},{"floor":12,"key":"GamblersBrew"}],"is_trial":false,"path_per_floor":["M","M","?","M","?","E","R","M","T","E","M","E","$","?","R","B"],"character_chosen":"WATCHER","items_purchased":["Meat on the Bone"],"campfire_rested":0,"item_purchase_floors":[13],"current_hp_per_floor":[65,65,58,58,58,50,50,50,50,41,37,15,15,32,32,0,0],"gold":6,"neow_bonus":"REMOVE_TWO","is_daily":false,"chose_seed":false,"campfire_upgraded":1,"win_rate":0.0,"timestamp":1609908807,"path_taken":["M","M","?","M","?","E","R","M","T","E","M","E","$","?","R","BOSS"],"items_purchased_type":["Relic"],"build_version":"2020-12-22","purchased_purges":0,"victory":false,"max_hp_per_floor":[65,65,65,65,65,67,67,67,67,69,69,71,71,71,71,71,71],"card_choices":[{"not_picked":["Consecrate","FlyingSleeves"],"picked":"FlurryOfBlows","floor":1},{"not_picked":["CutThroughFate","ThirdEye"],"picked":"FlurryOfBlows","floor":2},{"not_picked":["Worship","Prostrate"],"picked":"Evaluate","floor":4},{"not_picked":["Pray","Prostrate","Indignation"],"picked":"Singing Bowl","floor":6},{"not_picked":["FlyingSleeves","Protect"],"picked":"Alpha","floor":8},{"not_picked":["PathToVictory","WheelKick","CarveReality"],"picked":"Singing Bowl","floor":10},{"not_picked":["WaveOfTheHand","SashWhip"],"picked":"EmptyBody","floor":11},{"not_picked":["Perseverance","Omniscience","ClearTheMind"],"picked":"Singing Bowl","floor":12}],"player_experience":186019,"relics_obtained":[{"floor":6,"key":"Singing Bowl"},{"floor":10,"key":"Lantern"},{"floor":12,"key":"Regal Pillow"}],"event_choices":[{"cards_removed":["Strike_P"],"damage_healed":0,"gold_gain":0,"player_choice":"Card Removal","damage_taken":7,"max_hp_gain":0,"max_hp_loss":0,"event_name":"Golden Wing","floor":3,"gold_loss":0},{"cards_removed":["Defend_P"],"damage_healed":0,"gold_gain":0,"player_choice":"Forget","damage_taken":0,"max_hp_gain":0,"max_hp_loss":0,"event_name":"Living Wall","floor":5,"gold_loss":0},{"damage_healed":17,"gold_gain":0,"player_choice":"Healed and dodged fight","damage_taken":0,"max_hp_gain":0,"max_hp_loss":0,"event_name":"Mushrooms","floor":14,"gold_loss":0,"cards_obtained":["Parasite"]}],"is_beta":false,"boss_relics":[],"items_purged_floors":[],"is_endless":false,"potions_floor_spawned":[6,8,12],"killed_by":"Slime Boss","ascension_level":0}}