{"host":"g75gtovmj0ine2rf","time":1609931864,"event":{"mods":["2.2 Compatiblity","AchievementEnabler","Act Like it!","Aspiration","Astrologer","Bard","BaseMod","Better Match","BetterRewards","CapriCore","Challenge The Spire","ChefMod","Colored Map","Conspire","Elementarium","Energized Spire","Friendly Minions","Gensokyo","Halation","Hallownest","Hermit","HexUI Lib","Highlight Path","Hubris","Infinite Spire","Jedi Mod","Lobotomy","Menagerie","Minty Spire (QoL Compilation)","Puzzle Mod","Quick Restart","Rare Cards Sparkle","Relic Stats","Replay The Spire","Robot Space Explorer","Shade Mod","Shop Mod","Spicy Shops","StSLib","SuperFastMode","The Construct","The Cursed","The Dragon Tamer","The Factory","The Jungle","The Marked","The Runesmith","TheBandit","TheFirefly","TheSwordswoman","TheVacant","Transform Curses","Wandering Minibosses","thorton","vexMod"],"gold_per_floor":[111,111,128,128,128,128,171,171,222,256,256,256,274,299,299,425,425,446,467,487,510,324,324,324],"floor_reached":23,"playtime":1208,"items_purged":[],"score":201,"play_id":"aa28f98b-e9c8-4431-9626-5374d240a5de","local_time":"20210106221744","is_ascension_mode":false,"campfire_choices":[{"data":"theMarked:RogueSparks","floor":6,"key":"SMITH"},{"data":"theMarked:ParalyzingBlade","floor":8,"key":"SMITH"},{"floor":11,"key":"REST"},{"data":"theMarked:BanishingStrike","floor":15,"key":"SMITH"}],"circlet_count":0,"master_deck":["theMarked:Strike","theMarked:Strike","theMarked:Strike","theMarked:Strike","theMarked:Defend","theMarked:Defend","theMarked:Defend","theMarked:Defend","theMarked:SoldierOfQuellstein","theMarked:RogueSparks+1","theMarked:ParalyzingBlade+1","theMarked:BanishingStrike+1","theMarked:ElementalBlade","theMarked:Panic","theMarked:SuspiciousRaven","theMarked:ComboAttacks","theMarked:BanishingWave","theMarked:DeterminationOfTheMarked","Gensokyo:RustyChest"],"relics":["theMarked:ArtifactOfAir","Golden Idol","Girya","Replay:Rubber Ducky","jedi:HeartOfTheCards","StoneCalendar","Snecko Heart","wanderingMiniBosses:Inkheart","halation:Jellyphish","Bird Faced Urn"],"acts_visited":["Exordium","Menagerie:Menagerie"],"potions_floor_usage":[10,20,21,21],"damage_taken":[{"damage":0,"enemies":"Menagerie:MonstrousExperiment","floor":1,"turns":4},{"damage":4,"enemies":"Menagerie:WhisperingWraith","floor":3,"turns":4},{"damage":10,"enemies":"Menagerie:MaskedSummoner","floor":7,"turns":11},{"damage":21,"enemies":"Menagerie:VoidReaper","floor":10,"turns":6},{"damage":0,"enemies":"Menagerie:2_RABBITS","floor":13,"turns":5},{"damage":8,"enemies":"Menagerie:STYGIAN_BOAR_AND_WHISPERING_WRAITH","floor":14,"turns":7},{"damage":23,"enemies":"Menagerie:AVATARS","floor":16,"turns":6},{"damage":14,"enemies":"Gensokyo:3_Dogs","floor":18,"turns":5},{"damage":0,"enemies":"Gensokyo:Chomper","floor":19,"turns":3},{"damage":44,"enemies":"Gensokyo:Wraith","floor":20,"turns":5},{"damage":0,"enemies":"Gensokyo:Swordslinger","floor":21,"turns":4},{"damage":18,"enemies":"Gensokyo:Tenshi","floor":23,"turns":1}],"seed_played":"-3938195112660048365","potions_obtained":[{"floor":1,"key":"LiquidBronze"},{"floor":3,"key":"construct:ShiftPotion"},{"floor":16,"key":"ColorlessPotion"},{"floor":19,"key":"ColorlessPotion"}],"is_trial":false,"path_per_floor":["M","?","M","?","?","R","E","R","T","E","R","T","M","M","R","B",null,"M","M","M","M","COS","E"],"character_chosen":"THE_DEFAULT","items_purchased":[],"campfire_rested":1,"item_purchase_floors":[],"current_hp_per_floor":[70,70,66,70,53,53,43,43,43,22,43,43,43,35,35,12,70,56,56,12,12,12,0,0],"gold":324,"neow_bonus":"RANDOM_EVENT","is_daily":false,"chose_seed":false,"campfire_upgraded":3,"win_rate":0.0,"timestamp":1609931864,"path_taken":["M","?","M","?","?","R","E","R","T","E","R","?","M","?","R","BOSS","M","?","M","M","COS","E"],"items_purchased_type":[],"build_version":"2020-12-22","purchased_purges":0,"victory":false,"max_hp_per_floor":[70,70,70,70,70,70,70,70,70,70,70,70,70,70,70,70,70,70,70,70,70,70,70,70],"relic_stats":{"counters":[12,59],"Golden Idol":67,"Bird Faced Urn":[4],"StoneCalendar":[52],"obtain_stats":[{"theMarked:ArtifactOfAir":0,"Girya":7,"Snecko Heart":17,"Golden Idol":5,"halation:Jellyphish":22,"Bird Faced Urn":23,"StoneCalendar":12,"jedi:HeartOfTheCards":10,"wanderingMiniBosses:Inkheart":20,"Replay:Rubber Ducky":9},{"theMarked:ArtifactOfAir":0,"Girya":3,"Snecko Heart":7,"Golden Idol":2,"halation:Jellyphish":11,"Bird Faced Urn":11,"StoneCalendar":4,"jedi:HeartOfTheCards":4,"wanderingMiniBosses:Inkheart":10,"Replay:Rubber Ducky":3},{"theMarked:ArtifactOfAir":0,"Girya":18,"Snecko Heart":42,"Golden Idol":7,"halation:Jellyphish":58,"Bird Faced Urn":58,"StoneCalendar":24,"jedi:HeartOfTheCards":24,"wanderingMiniBosses:Inkheart":54,"Replay:Rubber Ducky":18}]},"card_choices":[{"not_picked":["theMarked:Frustration","theMarked:EnhanceMovement","theMarked:EmpowerWeapon"],"picked":"SKIP","floor":1},{"not_picked":["theMarked:Electrocute","theMarked:ResourceFulStrike"],"picked":"theMarked:ParalyzingBlade","floor":3},{"not_picked":["theMarked:Static","theMarked:WardOff"],"picked":"theMarked:BanishingStrike","floor":7},{"not_picked":["theMarked:EmpowerWeapon","theMarked:Indomitable"],"picked":"theMarked:ElementalBlade","floor":10},{"not_picked":["theMarked:EmpowerWeapon","theMarked:ElectricStrings","theMarked:MysticalArsenal"],"picked":"SKIP","floor":13},{"not_picked":["theMarked:TakeCover","theMarked:Improvise"],"picked":"theMarked:Panic","floor":14},{"not_picked":["theMarked:ThrowWeapon","theMarked:Levitate"],"picked":"theMarked:SuspiciousRaven","floor":16},{"not_picked":["theMarked:Overthink","theMarked:WardOff","theMarked:RepellingDischarge+1"],"picked":"SKIP","floor":18},{"not_picked":["theMarked:WardOff","theMarked:Aftermath+1"],"picked":"theMarked:ComboAttacks","floor":19},{"not_picked":["theMarked:ElementalBlade","theMarked:Reabsorb"],"picked":"theMarked:BanishingWave","floor":20},{"not_picked":["theMarked:Aftermath+1","theMarked:ElectricStrings+1"],"picked":"theMarked:DeterminationOfTheMarked","floor":21}],"player_experience":1387493,"relics_obtained":[{"floor":7,"key":"Girya"},{"floor":9,"key":"Replay:Rubber Ducky"},{"floor":10,"key":"jedi:HeartOfTheCards"},{"floor":12,"key":"StoneCalendar"},{"floor":20,"key":"wanderingMiniBosses:Inkheart"}],"event_choices":[{"cards_removed":["theMarked:Strike"],"damage_healed":0,"gold_gain":0,"player_choice":"Snake","damage_taken":0,"max_hp_gain":0,"max_hp_loss":0,"event_name":"Menagerie:ThreeAnimals","floor":2,"gold_loss":0},{"damage_healed":0,"gold_gain":0,"player_choice":"Take Damage","damage_taken":17,"relics_obtained":["Golden Idol"],"max_hp_gain":0,"max_hp_loss":0,"event_name":"Golden Idol","floor":5,"gold_loss":0}],"is_beta":false,"boss_relics":[{"not_picked":["Honey Jar","hubris:RunicObelisk"],"picked":"Snecko Heart"}],"items_purged_floors":[],"is_endless":false,"potions_floor_spawned":[1,3,16,19],"killed_by":"Gensokyo:Tenshi","ascension_level":0}}