{"host":"6jrnojxwearbrjzo","time":1609923810,"event":{"mods":["BaseMod","Minty Spire (QoL Compilation)","Replay The Spire","Shop Mod","Spicy Shops","StSLib","The Cursed","The Servant 0.9.4","[功能]功能增强和修复MOD","vexMod"],"gold_per_floor":[110,1,13,288,308,334,334,364,364,364,364,382,382,382,382,479,579,598,314,314,314,74,107,126,126,174,186,39,39,51,83,151,254,254,267,279,235,210,210,210,80,96,96,96,96,96,127,62,62,62],"floor_reached":51,"playtime":2516,"items_purged":["Strike_S","Defend_S","Regret","Strike_S","Defend_S","Defend_S","Writhe","Alleviate","Clumsy","ReplayTheSpireMod:Restless Dread","Spreading Infection","Clumsy","Pot Of Greed","Decay","Revamp+1","Ricochet+1","Defend_S","Strike_S","Strike_S"],"score":1048,"play_id":"0748d745-0caa-4f09-8597-e26424a0471f","local_time":"20210106170330","is_ascension_mode":true,"campfire_choices":[{"data":"Defend_S","floor":7.0,"key":"SMITH"},{"data":"Revamp","floor":10.0,"key":"SMITH"},{"data":"Strike_S","floor":13.0,"key":"SMITH"},{"data":"Potential","floor":25,"key":"SMITH"},{"data":"1","floor":40,"key":"LIFT"},{"data":"FanOfKnives","floor":45,"key":"SMITH"},{"data":"ForgedInTime","floor":45,"key":"SMITH"},{"data":"Deny","floor":46,"key":"SMITH"},{"data":"Pot Of Greed","floor":46,"key":"SMITH"},{"data":"2","floor":49,"key":"LIFT"}],"circlet_count":0,"master_deck":["KidneyShot+1","Exchange","Rearm+1","Pot Of Greed","Pot Of Greed+1","Sunlight+1","Replace+1","Potential+1","FanOfKnives+1","Potential+1","FastForward","SurpressingFire","Alleviate+1","ForgedInTime+1","Dilation","Deny+1","MurderousAura+1","Panache+1","Pot Of Greed+1"],"relics":["Uniform","Guide Book","Bag of Marbles","Simple Rune","vexMod:FocusSash","Grinning Jar","Spirit Poop","ReplayTheSpireMod:Ninjato","Replay:Wanted Poster","ReplayTheSpireMod:TigerMarble","PreservedInsect","Kunai","vexMod:PaidLearning","Ancient Tea Set","Lee\u0027s Waffle","Pen Nib","Centennial Puzzle","WingedGreaves","Chemical X","Nunchaku","HornCleat","Bronze Scales","Oddly Smooth Stone","Membership Card","Replay:Arrowhead","vexMod:GildedClover","ReplayFunnel","Replay:Rubber Ducky","Ornamental Fan","Nloth\u0027s Gift","Regal Pillow","Replay:Ancient Bell","Lantern","Divine Protection","Girya","Golden Egg","vexMod:Spyglass","Boot","Mummified Hand","InkBottle","OrangePellets","Dream Catcher","Replay:Baseball","Orrery"],"acts_visited":["Exordium","TheCity","TheBeyond"],"potions_floor_usage":[16,16,23,30,33,33,33],"damage_taken":[{"damage":0.0,"enemies":"Cultist","floor":1.0,"turns":3.0},{"damage":0.0,"enemies":"Small Slimes","floor":3.0,"turns":2.0},{"damage":0.0,"enemies":"Jaw Worm","floor":5.0,"turns":1.0},{"damage":14.0,"enemies":"3 Sentries","floor":6.0,"turns":5.0},{"damage":10.0,"enemies":"Replay:BlueRogue","floor":8.0,"turns":4.0},{"damage":0.0,"enemies":"2 Fungi Beasts","floor":12.0,"turns":1.0},{"damage":39,"enemies":"Fading Forest","floor":16,"turns":11},{"damage":12,"enemies":"Spheric Guardian","floor":18,"turns":4},{"damage":3,"enemies":"Gremlin Leader","floor":23,"turns":2},{"damage":10,"enemies":"Chosen","floor":24,"turns":1},{"damage":1,"enemies":"Snake Plant","floor":27,"turns":1},{"damage":3,"enemies":"Centurion and Healer","floor":30,"turns":2},{"damage":14,"enemies":"Book of Stabbing","floor":31,"turns":2},{"damage":0,"enemies":"Automaton","floor":33,"turns":5},{"damage":0,"enemies":"3 Darklings","floor":35,"turns":3},{"damage":0,"enemies":"3 Shapes","floor":36,"turns":2},{"damage":0,"enemies":"Spire Growth","floor":42,"turns":2},{"damage":0,"enemies":"Nemesis","floor":47,"turns":3},{"damage":0,"enemies":"Donu and Deca","floor":50,"turns":3}],"seed_played":"8307859170783484487","potions_obtained":[{"floor":1.0,"key":"SteroidPotion"},{"floor":5.0,"key":"Reflective Coating"},{"floor":6.0,"key":"Energy Potion"},{"floor":8.0,"key":"FearPotion"},{"floor":8.0,"key":"Strength Potion"},{"floor":8.0,"key":"ColorlessPotion"},{"floor":12.0,"key":"Energy Potion"},{"floor":16,"key":"EssenceOfSteel"},{"floor":18,"key":"Energy Potion"},{"floor":23,"key":"Block Potion"},{"floor":27,"key":"Strength Potion"},{"floor":31,"key":"Strength Potion"},{"floor":33,"key":"Fruit Juice"},{"floor":35,"key":"Adrenaline Potion"},{"floor":36,"key":"Elixir"}],"is_trial":false,"path_per_floor":["M","$","M","?","M","E","R","E","T","R","?","M","R","?","R","B",null,"M","$","?","?","$","E","M","R","T","M","$","?","M","E","R","B",null,"M","M","$","?","?","R","$","M","T","?","R","R","E","$","R","B",null],"character_chosen":"THE_SERVANT","items_purchased":["Guide Book","Rearm","Bag of Marbles","Simple Rune","Strength Potion","ReplayTheSpireMod:TigerMarble","Potential","Poisoned Strike","PreservedInsect","Kunai","vexMod:PaidLearning","Ancient Tea Set","Lee\u0027s Waffle","FanOfKnives","Centennial Puzzle","WingedGreaves","Chemical X","Nunchaku","HornCleat","FastForward","DuplicationPotion","SurpressingFire","Membership Card","Replay:Arrowhead","vexMod:GildedClover","DuplicationPotion","ReplayFunnel","Replay:Rubber Ducky","Ornamental Fan","Deny","Golden Egg","vexMod:Spyglass","Boot","Mummified Hand","InkBottle","OrangePellets","MurderousAura","Replay:Baseball","Panache","Orrery"],"campfire_rested":0,"item_purchase_floors":[2,2,2,2,2,19,19,19,19,19,19,19,19,19,22,22,22,22,22,22,22,22,28,28,28,28,28,28,28,37,41,41,41,41,41,41,41,48,48,48],"current_hp_per_floor":[65,65,65,65,65,51,51,41,41,41,41,41,41,41,60,21,65,53,72,72,72,72,69,59,59,59,58,58,58,55,41,41,46,77,77,77,77,77,77,77,77,77,77,77,77,77,77,77,77,77],"gold":62,"neow_bonus":"UPGRADE_CARD","is_daily":false,"chose_seed":false,"campfire_upgraded":8,"win_rate":0.0,"timestamp":1609923810,"path_taken":["M","$","?","?","?","E","R","E","T","R","?","?","R","?","R","BOSS","M","$","?","?","$","E","?","R","T","?","$","?","?","E","R","BOSS","M","?","$","?","?","R","$","?","T","?","R","R","E","$","R","BOSS"],"items_purchased_type":["Relic","Card","Relic","Relic","Potion","Relic","Card","Card","Relic","Relic","Relic","Relic","Relic","Card","Relic","Relic","Relic","Relic","Relic","Card","Potion","Card","Relic","Relic","Relic","Potion","Relic","Relic","Relic","Card","Relic","Relic","Relic","Relic","Relic","Relic","Card","Relic","Card","Relic"],"build_version":"2020-12-22","purchased_purges":19,"victory":true,"max_hp_per_floor":[65,65,65,65,65,65,65,65,65,65,65,65,65,65,65,65,65,65,72,72,72,72,72,72,72,72,72,72,72,72,72,72,77,77,77,77,77,77,77,77,77,77,77,77,77,77,77,77,77,77],"card_choices":[{"not_picked":["TimeWarp","BestPractice"],"picked":"Ricochet","floor":1.0},{"not_picked":["DoubleEdge","Starlight"],"picked":"Revamp","floor":3.0},{"not_picked":["Rearm","StarChef","Deadline"],"picked":"SKIP","floor":5.0},{"not_picked":["Solidify","Barrier","MoonPhase"],"picked":"SKIP","floor":6.0},{"not_picked":["Foresight","Defy"],"picked":"Alleviate","floor":8.0},{"not_picked":["StarChef","DoubleEdge","Deadline"],"picked":"SKIP","floor":12.0},{"not_picked":["TheWorld","KillingDoll"],"picked":"Sunlight","floor":16},{"not_picked":["Starlight","Manipulate"],"picked":"Replace+1","floor":18},{"not_picked":["Potential","Hightail","Revamp"],"picked":"SKIP","floor":23},{"not_picked":["Alleviate","WasteNot","Moonlight"],"picked":"SKIP","floor":24},{"not_picked":["Moonlight","Comet+1"],"picked":"Alleviate+1","floor":27},{"not_picked":["Duplication","Solidify","Embodiment"],"picked":"SKIP","floor":30},{"not_picked":["PendulumOfEternity","Sunlight"],"picked":"ForgedInTime","floor":31},{"not_picked":["Voices","Pain"],"picked":"Clumsy","floor":34},{"not_picked":["CurseOfTheBell","ReplayTheSpireMod:Faulty Equipment"],"picked":"ReplayTheSpireMod:Restless Dread","floor":34},{"not_picked":["Replay:Hysterical Blindness","Languid"],"picked":"Spreading Infection","floor":34},{"not_picked":["Embodiment","TheWorld","ForgedInTime"],"picked":"SKIP","floor":35},{"not_picked":["SoulSculpture","KillingDoll"],"picked":"Dilation","floor":36},{"not_picked":["Embodiment","TrueSight","Initiator"],"picked":"SKIP","floor":42},{"not_picked":["SoulSculpture","Initiator","Solidify"],"picked":"SKIP","floor":47}],"player_experience":22598,"relics_obtained":[{"floor":6.0,"key":"Pet Ghost"},{"floor":8.0,"key":"vexMod:FocusSash"},{"floor":9.0,"key":"Grinning Jar"},{"floor":23,"key":"Bronze Scales"},{"floor":26,"key":"Oddly Smooth Stone"},{"floor":31,"key":"Regal Pillow"},{"floor":47,"key":"Dream Catcher"}],"event_choices":[{"damage_healed":0.0,"max_hp_gain":0.0,"max_hp_loss":0.0,"gold_gain":275.0,"event_name":"Golden Shrine","player_choice":"Desecrate","floor":4.0,"gold_loss":0.0,"damage_taken":0.0,"cards_obtained":["Regret"]},{"cards_removed":["Regret"],"damage_healed":0.0,"max_hp_gain":0.0,"max_hp_loss":0.0,"gold_gain":0.0,"event_name":"Bonfire Elementals","player_choice":"Offered Curse","floor":11.0,"gold_loss":0.0,"damage_taken":0.0,"relics_obtained":["Spirit Poop"]},{"damage_healed":0.0,"max_hp_gain":0.0,"max_hp_loss":0.0,"gold_gain":0.0,"event_name":"Big Fish","player_choice":"Box","floor":14.0,"gold_loss":0.0,"damage_taken":0.0,"relics_obtained":["ReplayTheSpireMod:Ninjato"],"cards_obtained":["Regret"]},{"damage_healed":0,"gold_gain":0,"player_choice":"Read","damage_taken":0,"max_hp_gain":0,"max_hp_loss":0,"event_name":"The Library","floor":20,"gold_loss":0,"cards_obtained":["Potential"]},{"damage_healed":0,"gold_gain":0,"player_choice":"Gave Potion","damage_taken":0,"relics_obtained":["Pen Nib"],"max_hp_gain":0,"max_hp_loss":0,"event_name":"WeMeetAgain","floor":21,"gold_loss":0},{"damage_healed":0,"gold_gain":0,"player_choice":"Traded Relic","damage_taken":0,"relics_obtained":["Nloth\u0027s Gift"],"max_hp_gain":0,"max_hp_loss":0,"event_name":"N\u0027loth","floor":29,"relics_lost":["Pet Ghost"],"gold_loss":0},{"damage_healed":0,"gold_gain":0,"player_choice":"Ignored","damage_taken":0,"max_hp_gain":0,"max_hp_loss":0,"event_name":"SecretPortal","floor":39,"gold_loss":0},{"cards_removed":["Poisoned Strike"],"damage_healed":0,"gold_gain":0,"player_choice":"Removed Attack","damage_taken":0,"max_hp_gain":0,"max_hp_loss":0,"event_name":"Falling","floor":44,"gold_loss":0}],"is_beta":false,"boss_relics":[{"not_picked":["vexMod:CursedCompass","Snecko Eye"],"picked":"Replay:Wanted Poster"},{"not_picked":["ChewingGum","Black Star"],"picked":"Replay:Ancient Bell"},{"not_picked":["Blue Doll","Replay:Bandana"],"picked":"Lantern"},{"not_picked":["Pantograph","Replay:Bottled Flurry"],"picked":"Divine Protection"},{"not_picked":["Thread and Needle","Lizard Tail"],"picked":"Girya"}],"items_purged_floors":[19,19,19,19,19,19,19,28,28,37,37,37,37,41,48,48,48,48,48],"is_endless":false,"potions_floor_spawned":[1,1,5,6,8,8,8,12,16,18,23,27,31,31,33,35,36,36,42,47],"ascension_level":2}}