{"host":"z9grmtg2w0nmz8n1","time":1609967631,"event":{"mods":["Aspiration","Bard","BaseMod","Beaked The Cultist","Better Altar","Better Match","Better Note","Better Sensory Stone","Better Skull","Better Third Choice","BetterRewards","CCEM","Colored Map","Conspire","Downfall","GifTheSpireLib","Googly Eyes","Halation","Hermit","Highlight Path","Hubris","Hunter ??","Jedi Mod","Jorbs\u0027s Wanderer Trilogy","Mad Scientist","Marisa????????","Minty Spire (QoL Compilation)","Permanent Neow","Replay The Spire","Shade Mod","Shop Mod","Spicy Shops","StSLib","Stuff the Spire","The Bug Knight","The Construct","The Necromancer","The Runesmith","The Witch"],"gold_per_floor":[117,117,134,84,97,125,125,157,231,26,26,70,92,124,124,239,239,264,264],"floor_reached":18,"playtime":860,"items_purged":["Strike_G","Strike_G"],"score":181,"play_id":"65e413f8-e489-4eee-8880-f997766c4ff4","local_time":"20210106191351","is_ascension_mode":true,"campfire_choices":[{"floor":7,"key":"RECALL"},{"floor":11,"key":"REST"},{"data":"Noxious Fumes","floor":15,"key":"SMITH"}],"circlet_count":0,"master_deck":["Strike_G","Strike_G","Strike_G","Defend_G","Defend_G","Defend_G","Defend_G","Defend_G","Survivor","Neutralize","Underhanded Strike","Poisoned Stab","Deadly Poison","Dagger Throw","Noxious Fumes+1","jedi:studypoison","conspire:Blindness","Footwork","Replay:Bag of Tricks","ReplayTheSpireMod:Restless Dread"],"relics":["Ring of the Snake","Ancient Tea Set","ReplayTheSpireMod:Ring of Collecting","Replay:Bottled Flurry","CCEMRelics:GrapeVine","Ring of Greed","Replay:Bandana","The Courier","jedi:arcanewood","hubris:CrackedHourglass"],"acts_visited":["Exordium","TheCity"],"potions_floor_usage":[6],"damage_taken":[{"damage":2,"enemies":"Small Slimes","floor":1,"turns":4},{"damage":0,"enemies":"2 Louse","floor":3,"turns":3},{"damage":2,"enemies":"conspire:RoseBush","floor":5,"turns":3},{"damage":3,"enemies":"Lagavulin","floor":6,"turns":5},{"damage":19,"enemies":"3 Sentries","floor":8,"turns":7},{"damage":19,"enemies":"conspire:MimicChest","floor":12,"turns":5},{"damage":2,"enemies":"Blue Slaver","floor":13,"turns":3},{"damage":1,"enemies":"2 Fungi Beasts","floor":14,"turns":3},{"damage":20,"enemies":"Slime Boss","floor":16,"turns":8},{"damage":14,"enemies":"Spheric Guardian","floor":18,"turns":4}],"seed_played":"-6548226780881116587","potions_obtained":[{"floor":3,"key":"DistilledChaos"},{"floor":12,"key":"Milkshake"},{"floor":14,"key":"champ:CounterPotion"}],"is_trial":false,"path_per_floor":["M","?","M","?","M","E","R","E","T","$","R","?","M","M","R","B",null,"M"],"character_chosen":"THE_SILENT","items_purchased":["Noxious Fumes"],"campfire_rested":1,"item_purchase_floors":[10],"current_hp_per_floor":[68,68,68,68,66,63,63,44,44,44,65,46,44,43,43,23,70,56,56],"gold":264,"neow_bonus":"RANDOM_COMMON_RELIC","is_daily":false,"chose_seed":false,"campfire_upgraded":1,"win_rate":0.0,"timestamp":1609967631,"path_taken":["M","?","M","?","M","E","R","E","T","$","R","?","M","M","R","BOSS","M"],"items_purchased_type":["Card"],"build_version":"2020-12-22","purchased_purges":2,"victory":false,"max_hp_per_floor":[70,70,70,70,70,70,70,70,70,70,70,70,70,70,70,70,70,70,70],"card_choices":[{"not_picked":["jedi:pocketpoison","ReplayTheSpireMod:Tripwire"],"picked":"Underhanded Strike","floor":1},{"not_picked":["Hidden Blade","Dodge and Roll"],"picked":"Poisoned Stab","floor":3},{"not_picked":["Quick Slash","conspire:DoublingDagger"],"picked":"Deadly Poison","floor":5},{"not_picked":["hubris:SlightOfHand","Quick Slash","StuffTheSpire:Incantation"],"picked":"SKIP","floor":6},{"not_picked":["Quick Slash","Outmaneuver"],"picked":"Dagger Throw","floor":8},{"not_picked":["Sucker Punch","Replay:Poison Smokescreen"],"picked":"jedi:studypoison","floor":12},{"not_picked":["Acrobatics","Flechettes","StuffTheSpire:Injection"],"picked":"SKIP","floor":13},{"not_picked":["Infinite Blades","Concentrate"],"picked":"Footwork","floor":14},{"not_picked":["jedi:brewingpoison","Corpse Explosion"],"picked":"Replay:Bag of Tricks","floor":16}],"player_experience":801669,"relics_obtained":[{"floor":2,"key":"ReplayTheSpireMod:Ring of Collecting"},{"floor":6,"key":"Replay:Bottled Flurry"},{"floor":8,"key":"CCEMRelics:GrapeVine"},{"floor":9,"key":"Ring of Greed"},{"floor":9,"key":"Replay:Bandana"},{"floor":9,"key":"The Courier"},{"floor":12,"key":"jedi:arcanewood"}],"event_choices":[{"cards_removed":["Voices"],"damage_healed":0,"gold_gain":0,"player_choice":"Card Removal","damage_taken":0,"max_hp_gain":0,"max_hp_loss":0,"event_name":"The Cleric","floor":4,"gold_loss":50}],"is_beta":false,"boss_relics":[{"not_picked":["halation:ForbiddenBikini","Ring of Chaos"],"picked":"hubris:CrackedHourglass"}],"items_purged_floors":[10,10],"is_endless":false,"potions_floor_spawned":[3,12,14],"killed_by":"Spheric Guardian","ascension_level":1}}