{"host":"k6u7q08ihsmpx7o5","time":1609916315,"event":{"mods":["BaseMod","Bestiary","Filter the Spire","Minty Spire (QoL Compilation)","Permanent Neow","Relic Stats","StSLib"],"gold_per_floor":[115,115,190,204,204,245,245,289,289,289,289,329,347,18,18,111,111,124,174,198,211,227,227,227,227],"floor_reached":24,"playtime":1281,"items_purged":[],"score":628,"play_id":"0fe2d501-c73e-429d-834e-246169910de8","local_time":"20210106075835","is_ascension_mode":true,"campfire_choices":[{"data":"Omniscience","floor":7,"key":"SMITH"},{"data":"TalkToTheHand","floor":10,"key":"SMITH"},{"data":"MentalFortress","floor":15,"key":"SMITH"},{"data":"Prostrate","floor":23,"key":"SMITH"}],"circlet_count":0,"master_deck":["AscendersBane","Eruption+1","Vigilance+1","ConjureBlade","BattleHymn+1","CrushJoints","Wallop+1","Collect+1","Omniscience+1","CutThroughFate","TalkToTheHand+1","Prostrate+1","JustLucky","Sanctity","MentalFortress+1","Prostrate","LessonLearned","Halt+1","EmptyBody","JustLucky+1","InnerPeace"],"relics":["Pandora\u0027s Box","Golden Idol","HornCleat","Orichalcum","Pantograph","Darkstone Periapt","Yang","VioletLotus"],"acts_visited":["Exordium","TheCity"],"potions_floor_usage":[18,20,24,24],"damage_taken":[{"damage":4,"enemies":"Jaw Worm","floor":1,"turns":2},{"damage":0,"enemies":"Small Slimes","floor":4,"turns":3},{"damage":1,"enemies":"Lagavulin","floor":6,"turns":5},{"damage":0,"enemies":"Gremlin Nob","floor":8,"turns":3},{"damage":0,"enemies":"Lagavulin","floor":12,"turns":5},{"damage":0,"enemies":"2 Louse","floor":13,"turns":2},{"damage":0,"enemies":"Hexaghost","floor":16,"turns":9},{"damage":10,"enemies":"Shell Parasite","floor":18,"turns":9},{"damage":0,"enemies":"2 Thieves","floor":20,"turns":4},{"damage":13,"enemies":"3 Cultists","floor":21,"turns":4},{"damage":18,"enemies":"Centurion and Healer","floor":22,"turns":6},{"damage":23,"enemies":"Slavers","floor":24,"turns":1}],"seed_played":"-2000319772500131314","potions_obtained":[{"floor":1,"key":"SkillPotion"},{"floor":4,"key":"FearPotion"},{"floor":18,"key":"Fire Potion"},{"floor":21,"key":"Explosive Potion"}],"is_trial":false,"path_per_floor":["M","?","?","M","?","E","R","E","T","R","?","E","M","$","R","B",null,"M","?","M","M","M","R","E"],"character_chosen":"WATCHER","items_purchased":["Yang","Prostrate"],"campfire_rested":0,"item_purchase_floors":[14,14],"current_hp_per_floor":[57,50,39,39,39,38,38,38,38,38,19,19,19,19,19,44,58,48,48,48,35,17,17,0,0],"gold":227,"neow_bonus":"BOSS_RELIC","is_daily":false,"chose_seed":false,"campfire_upgraded":4,"win_rate":0.0,"timestamp":1609916315,"path_taken":["M","?","?","M","?","E","R","E","T","R","?","E","M","?","R","BOSS","M","?","?","M","M","R","E"],"items_purchased_type":["Relic","Card"],"build_version":"2020-12-22","purchased_purges":0,"victory":false,"max_hp_per_floor":[68,68,68,68,62,62,62,62,62,62,62,62,62,62,62,62,62,62,62,62,62,62,62,62,62],"relic_stats":{"Darkstone Periapt":0,"counters":[12,53],"Golden Idol":62,"Pantograph":25,"Pandora\u0027s Box":["ConjureBlade","BattleHymn","CrushJoints","Wallop","Collect","Alpha","Omniscience","CutThroughFate"],"Yang":[64],"VioletLotus":[2],"Orichalcum":[6],"obtain_stats":[{"Darkstone Periapt":12,"HornCleat":6,"Golden Idol":5,"Pantograph":9,"Pandora\u0027s Box":0,"Yang":14,"VioletLotus":17,"PureWater":0,"Orichalcum":8},{"Darkstone Periapt":5,"HornCleat":3,"Golden Idol":2,"Pantograph":4,"Pandora\u0027s Box":0,"Yang":6,"VioletLotus":7,"PureWater":0,"Orichalcum":4},{"Darkstone Periapt":18,"HornCleat":10,"Golden Idol":5,"Pantograph":13,"Pandora\u0027s Box":0,"Yang":20,"VioletLotus":29,"PureWater":0,"Orichalcum":13}]},"card_choices":[{"not_picked":["Halt","CutThroughFate"],"picked":"TalkToTheHand","floor":1},{"not_picked":["PathToVictory","Fasting2"],"picked":"Prostrate","floor":4},{"not_picked":["Alpha","EmptyBody"],"picked":"JustLucky","floor":6},{"not_picked":["Crescendo","ClearTheMind"],"picked":"Sanctity","floor":8},{"not_picked":["EmptyBody","Perseverance","BowlingBash"],"picked":"SKIP","floor":12},{"not_picked":["Evaluate","DeceiveReality"],"picked":"MentalFortress","floor":13},{"not_picked":["Omniscience","Blasphemy"],"picked":"LessonLearned","floor":16},{"not_picked":["Wallop","Adaptation"],"picked":"Halt+1","floor":18},{"not_picked":["ReachHeaven","ClearTheMind"],"picked":"EmptyBody","floor":20},{"not_picked":["MentalFortress","FollowUp+1"],"picked":"JustLucky","floor":21},{"not_picked":["Crescendo","ForeignInfluence"],"picked":"InnerPeace","floor":22}],"player_experience":1967127,"relics_obtained":[{"floor":6,"key":"HornCleat"},{"floor":8,"key":"Orichalcum"},{"floor":9,"key":"Pantograph"},{"floor":12,"key":"Darkstone Periapt"}],"event_choices":[{"cards_removed":["Alpha"],"damage_healed":0,"gold_gain":0,"player_choice":"Card Removal","damage_taken":7,"max_hp_gain":0,"max_hp_loss":0,"event_name":"Golden Wing","floor":2,"gold_loss":0},{"damage_healed":0,"gold_gain":75,"player_choice":"Gather Gold","damage_taken":11,"max_hp_gain":0,"max_hp_loss":0,"event_name":"World of Goop","floor":3,"gold_loss":0},{"damage_healed":0,"gold_gain":0,"player_choice":"Lose Max HP","damage_taken":0,"relics_obtained":["Golden Idol"],"max_hp_gain":0,"max_hp_loss":6,"event_name":"Golden Idol","floor":5,"gold_loss":0},{"damage_healed":0,"gold_gain":0,"player_choice":"Entered Light","damage_taken":19,"max_hp_gain":0,"max_hp_loss":0,"event_name":"Shining Light","floor":11,"gold_loss":0,"cards_upgraded":["BattleHymn","Collect"]},{"damage_healed":0,"gold_gain":50,"player_choice":"Pray","damage_taken":0,"max_hp_gain":0,"max_hp_loss":0,"event_name":"Golden Shrine","floor":19,"gold_loss":0}],"is_beta":false,"boss_relics":[{"not_picked":["SacredBark","Sozu"],"picked":"VioletLotus"}],"items_purged_floors":[],"is_endless":false,"potions_floor_spawned":[1,4,12,16,18,21],"killed_by":"Slavers","ascension_level":20}}