{"host":"0m7uut7ws4kj19nt","time":1609922328,"event":{"mods":["AchievementEnabler","BaseMod","Minty Spire (QoL Compilation)","Replay The Spire","StSLib","The Cursed","The Necromancer"],"gold_per_floor":[111,111,111,129,129,164,181,181,181],"floor_reached":8,"playtime":335,"items_purged":[],"score":73,"play_id":"ec963b69-3e20-47f3-8cce-3f378b8e0b28","local_time":"20210106153848","is_ascension_mode":true,"campfire_choices":[],"circlet_count":0,"master_deck":["Strike_G","Strike_G","Strike_G","Strike_G","Defend_G","Defend_G","Defend_G","Defend_G","Defend_G","Survivor","Neutralize","Calculated Gamble","Eviscerate+1","Concentrate","Pot Of Greed","Pot Of Greed","Setup","Choke"],"relics":["ChewingGum","Omamori","Grinning Jar"],"acts_visited":["Exordium"],"potions_floor_usage":[6,8],"damage_taken":[{"damage":0,"enemies":"Small Slimes","floor":1,"turns":4},{"damage":0,"enemies":"2 Louse","floor":4,"turns":4},{"damage":46,"enemies":"Lagavulin","floor":6,"turns":9},{"damage":0,"enemies":"Cultist","floor":7,"turns":3},{"damage":19,"enemies":"Replay:BlueRogue","floor":8,"turns":5}],"seed_played":"7591801522643791536","potions_obtained":[{"floor":1,"key":"Regen Potion"},{"floor":7,"key":"Venom Potion"}],"is_trial":false,"path_per_floor":["M","?","?","M","?","E","M","E"],"character_chosen":"THE_SILENT","items_purchased":[],"campfire_rested":0,"item_purchase_floors":[],"current_hp_per_floor":[63,63,51,51,51,20,20,1,1],"gold":181,"neow_bonus":"BOSS_RELIC","is_daily":false,"chose_seed":false,"campfire_upgraded":0,"win_rate":0.0,"timestamp":1609922328,"path_taken":["M","?","?","M","?","E","?","E"],"items_purchased_type":[],"build_version":"2020-12-22","purchased_purges":0,"victory":false,"max_hp_per_floor":[70,70,70,70,70,70,70,70,70],"card_choices":[{"not_picked":["ReplayTheSpireMod:The Works","Blade Dance"],"picked":"Calculated Gamble","floor":1},{"not_picked":["Flying Knee","Tactician"],"picked":"Concentrate","floor":4},{"not_picked":["Finisher","Poisoned Stab"],"picked":"Setup","floor":6},{"not_picked":["Backstab","Quick Slash"],"picked":"Choke","floor":7}],"player_experience":133868,"relics_obtained":[{"floor":6,"key":"Grinning Jar"}],"event_choices":[{"damage_healed":0,"gold_gain":0,"player_choice":"Success","damage_taken":12,"relics_obtained":["Omamori"],"max_hp_gain":0,"max_hp_loss":0,"event_name":"Scrap Ooze","floor":3,"gold_loss":0},{"damage_healed":0,"gold_gain":0,"player_choice":"Bought 0 Potions","damage_taken":0,"max_hp_gain":0,"max_hp_loss":0,"event_name":"The Woman in Blue","floor":5,"gold_loss":0}],"is_beta":false,"boss_relics":[],"items_purged_floors":[],"is_endless":false,"potions_floor_spawned":[1,7],"killed_by":"Replay:BlueRogue","ascension_level":6}}