{"host":"w01zow3jg16g8jdh","time":1609945283,"event":{"mods":["AchievementEnabler","BaseMod","DeckTracker","Keyboard Shortcuts","Minty Spire (QoL Compilation)","Permanent Neow","StSLib","SuperFastMode"],"gold_per_floor":[117,14,14,33,47,74,74,74,74],"floor_reached":8,"playtime":177,"items_purged":["Strike_R"],"score":112,"play_id":"d396721f-2119-4585-9c3b-89f944bcadfe","local_time":"20210107000123","is_ascension_mode":true,"campfire_choices":[{"floor":7,"key":"REST"}],"circlet_count":0,"master_deck":["AscendersBane","Strike_R","Strike_R","Strike_R","Defend_R","Defend_R","Defend_R","Defend_R","Bash","Armaments+1","Headbutt","Sword Boomerang","Blood for Blood"],"relics":["Burning Blood","Singing Bowl"],"acts_visited":["Exordium"],"potions_floor_usage":[6],"damage_taken":[{"damage":8.0,"enemies":"2 Louse","floor":1.0,"turns":4.0},{"damage":1.0,"enemies":"Cultist","floor":4.0,"turns":3.0},{"damage":7.0,"enemies":"Jaw Worm","floor":5.0,"turns":4.0},{"damage":56,"enemies":"Lagavulin","floor":6,"turns":13},{"damage":45,"enemies":"3 Sentries","floor":8,"turns":8}],"seed_played":"-7576570403029564060","potions_obtained":[{"floor":5.0,"key":"DuplicationPotion"}],"is_trial":false,"path_per_floor":["M","$","?","M","M","E","R","E"],"character_chosen":"IRONCLAD","items_purchased":["Headbutt"],"campfire_rested":1,"item_purchase_floors":[2],"current_hp_per_floor":[66,66,66,71,70,22,45,0,0],"gold":74,"neow_bonus":"REMOVE_CARD","is_daily":false,"chose_seed":false,"campfire_upgraded":0,"win_rate":0.0,"timestamp":1609945283,"path_taken":["M","$","?","M","?","E","R","E"],"items_purchased_type":["Card"],"build_version":"2020-12-22","purchased_purges":1,"victory":false,"max_hp_per_floor":[75,75,75,75,75,77,77,77,77],"card_choices":[{"not_picked":["Clothesline","Havoc"],"picked":"Armaments","floor":1.0},{"not_picked":["Cleave","Havoc"],"picked":"Sword Boomerang","floor":4.0},{"not_picked":["Twin Strike","Havoc"],"picked":"Blood for Blood","floor":5.0},{"not_picked":["Berserk","Whirlwind","Clash"],"picked":"Singing Bowl","floor":6}],"player_experience":299437,"relics_obtained":[{"floor":6,"key":"Singing Bowl"}],"event_choices":[{"damage_healed":0.0,"max_hp_gain":0.0,"max_hp_loss":0.0,"gold_gain":0.0,"event_name":"Upgrade Shrine","player_choice":"Upgraded","floor":3.0,"gold_loss":0.0,"damage_taken":0.0,"cards_upgraded":["Armaments"]}],"is_beta":false,"boss_relics":[],"items_purged_floors":[2],"is_endless":false,"potions_floor_spawned":[5],"killed_by":"3 Sentries","ascension_level":20}}