{"host":"kj566mc1j9861y4f","time":1609901855,"event":{"mods":["AchievementEnabler","Act Like it!","BaseMod","Better Altar","Better Note","Better Vampires","BetterRewards","Colored Powertips","Downfall","Hermit","Infinite Spire","Lobotomy","Luminous","Minty Spire (QoL Compilation)","Relic Stats","Replay The Spire","Shade Mod","Shop Mod","Spicy Shops","StSLib","The Blue Laboratory","Uncapped"],"gold_per_floor":[111,122,136,153,135,190,190,190,190,210,2,2,32,49,49,49,49],"floor_reached":16,"playtime":668,"items_purged":[],"score":125,"play_id":"fb5631a9-33ef-4fa4-9e8f-77410838d714","local_time":"20210105205735","is_ascension_mode":true,"campfire_choices":[{"floor":8.0,"key":"REST"},{"floor":12.0,"key":"REST"},{"floor":15.0,"key":"REST"}],"circlet_count":0,"master_deck":["Strike_B","Strike_B","Strike_B","Strike_B","Defend_B","Defend_B","Defend_B","Defend_B","Zap","Dualcast","MHz","Streamline","BeautyBeast","Conserve Battery","OldLady","Melter","MeatLantern","Static Discharge","OSAHOGD","Ball Lightning","Laetitia","Doom and Gloom","Defragment","Defragment","Self Repair","ShyLook","ReplayTheSpireMod:Reroute Power","ReplayTheSpireMod:Repulse"],"relics":["Cracked Core","CogitoBucket","infinitespire:Eraser","PreservedInsect","Replay:PocketPolymizer"],"acts_visited":["Exordium"],"potions_floor_usage":[16,16],"damage_taken":[{"damage":1.0,"enemies":"Cultist","floor":1.0,"turns":3.0},{"damage":4.0,"enemies":"Jaw Worm","floor":2.0,"turns":3.0},{"damage":6.0,"enemies":"Small Slimes","floor":3.0,"turns":3.0},{"damage":5.0,"enemies":"Looter","floor":4.0,"turns":3.0},{"damage":51.0,"enemies":"Exordium Thugs","floor":5.0,"turns":5.0},{"damage":15.0,"enemies":"Blue Slaver","floor":10.0,"turns":3.0},{"damage":6.0,"enemies":"Replay:BlueRogue","floor":13.0,"turns":4.0},{"damage":14.0,"enemies":"3 Louse","floor":14.0,"turns":6.0},{"damage":44,"enemies":"The Guardian","floor":16,"turns":9}],"seed_played":"6050474517155775237","potions_obtained":[{"floor":2.0,"key":"GamblersBrew"},{"floor":4.0,"key":"Venom Potion"},{"floor":14.0,"key":"blueLaboratory:BottledHope"}],"is_trial":false,"path_per_floor":["M","M","M","M","M","?","?","R","T","M","$","R","E","M","R","B"],"character_chosen":"DEFECT","items_purchased":["PreservedInsect","Defragment"],"campfire_rested":3,"item_purchase_floors":[11,11],"current_hp_per_floor":[74,70,64,59,8,8,1,23,23,8,8,30,24,17,39,0,0],"gold":49,"neow_bonus":"","is_daily":false,"chose_seed":false,"campfire_upgraded":0,"win_rate":0.0,"timestamp":1609901855,"path_taken":["M","M","M","M","M","?","?","R","T","M","$","R","E","M","R","BOSS"],"items_purchased_type":["Relic","Card"],"build_version":"2020-12-22","purchased_purges":0,"victory":false,"max_hp_per_floor":[75,75,75,75,75,75,75,75,75,75,75,75,75,75,75,75,75],"relic_stats":{"counters":[10,40],"PreservedInsect":22,"obtain_stats":[{"BackwardClock":10,"CogitoBucket":0,"Replay:PocketPolymizer":13,"PreservedInsect":11,"infinitespire:Eraser":9,"Cracked Core":0},{"BackwardClock":7,"CogitoBucket":0,"Replay:PocketPolymizer":8,"PreservedInsect":7,"infinitespire:Eraser":5,"Cracked Core":0},{"BackwardClock":21,"CogitoBucket":0,"Replay:PocketPolymizer":25,"PreservedInsect":21,"infinitespire:Eraser":17,"Cracked Core":0}]},"card_choices":[{"not_picked":["UniverseFragment","SpiderBud"],"picked":"MHz","floor":1.0},{"not_picked":["Rebound","Coolheaded"],"picked":"Streamline","floor":1.0},{"not_picked":["FairyFestival","Murderer"],"picked":"BeautyBeast","floor":2.0},{"not_picked":["Chill","Coolheaded"],"picked":"Conserve Battery","floor":2.0},{"not_picked":["NakedNest","SpiderBud"],"picked":"OldLady","floor":3.0},{"not_picked":["Steam","Static Discharge"],"picked":"Melter","floor":3.0},{"not_picked":["Scorched","CherryBlossoms"],"picked":"MeatLantern","floor":4.0},{"not_picked":["FTL","Sweeping Beam"],"picked":"Static Discharge","floor":4.0},{"not_picked":["CherryBlossoms","PunishingBird"],"picked":"OSAHOGD","floor":5.0},{"not_picked":["Hologram","Cold Snap"],"picked":"Ball Lightning","floor":5.0},{"not_picked":["GreedKing","Alriune"],"picked":"Laetitia","floor":10.0},{"not_picked":["Compile Driver","All For One"],"picked":"Doom and Gloom","floor":10.0},{"not_picked":["QueenBee","Funeral"],"picked":"Wellcheers","floor":13.0},{"not_picked":["Reinforced Body","Chill"],"picked":"Self Repair","floor":13.0},{"not_picked":["PunishingBird","Woodsman"],"picked":"ShyLook","floor":14.0},{"not_picked":["ReplayTheSpireMod:Calculation Training","Compile Driver"],"picked":"ReplayTheSpireMod:Reroute Power","floor":14.0}],"player_experience":170733,"relics_obtained":[{"floor":9.0,"key":"infinitespire:Eraser"},{"floor":13.0,"key":"Replay:PocketPolymizer"}],"event_choices":[{"damage_healed":0.0,"max_hp_gain":0.0,"max_hp_loss":0.0,"gold_gain":55.0,"event_name":"Golden Wing","player_choice":"Gained Gold","floor":6.0,"gold_loss":0.0,"damage_taken":0.0},{"damage_healed":0.0,"max_hp_gain":0.0,"max_hp_loss":0.0,"gold_gain":0.0,"event_name":"Scrap Ooze","player_choice":"Fled","floor":7.0,"gold_loss":0.0,"damage_taken":7.0}],"is_beta":false,"boss_relics":[],"items_purged_floors":[],"is_endless":false,"potions_floor_spawned":[2,4,14],"killed_by":"The Guardian","ascension_level":4}}