{"host":"w01zow3jg16g8jdh","time":1609947251,"event":{"mods":["AchievementEnabler","BaseMod","DeckTracker","Keyboard Shortcuts","Minty Spire (QoL Compilation)","Permanent Neow","StSLib","SuperFastMode"],"gold_per_floor":[109,34,54,64,64,93,106,106,106],"floor_reached":8,"playtime":133,"items_purged":["Strike_P"],"score":116,"play_id":"5d52e9d7-8cc9-4e58-be9f-8a681362f3f7","local_time":"20210107003411","is_ascension_mode":true,"campfire_choices":[],"circlet_count":0,"master_deck":["AscendersBane","Strike_P","Strike_P","Strike_P","Defend_P","Defend_P","Defend_P","Eruption","Vigilance","InnerPeace","EmptyMind"],"relics":["Philosopher\u0027s Stone","Eternal Feather"],"acts_visited":["Exordium"],"potions_floor_usage":[],"damage_taken":[{"damage":13.0,"enemies":"Small Slimes","floor":1.0,"turns":5.0},{"damage":4.0,"enemies":"2 Louse","floor":3.0,"turns":3.0},{"damage":0.0,"enemies":"Cultist","floor":4.0,"turns":3.0},{"damage":18.0,"enemies":"Gremlin Nob","floor":6.0,"turns":3.0},{"damage":2.0,"enemies":"Looter","floor":7.0,"turns":3.0},{"damage":0,"enemies":"Lagavulin","floor":8,"turns":1}],"seed_played":"6591780975736460610","potions_obtained":[{"floor":3.0,"key":"Strength Potion"},{"floor":4.0,"key":"DistilledChaos"}],"is_trial":false,"path_per_floor":["M","$","M","M","?","E","M","E"],"character_chosen":"WATCHER","items_purchased":[],"campfire_rested":0,"item_purchase_floors":[],"current_hp_per_floor":[48,48,44,44,37,19,17,17,17],"gold":106,"neow_bonus":"BOSS_RELIC","is_daily":false,"chose_seed":false,"campfire_upgraded":0,"win_rate":0.0,"timestamp":1609947251,"path_taken":["M","$","M","M","?","E","M","E"],"items_purchased_type":[],"build_version":"2020-12-22","purchased_purges":1,"victory":false,"max_hp_per_floor":[68,68,68,68,68,68,68,68,68],"card_choices":[{"not_picked":["Protect","Pray"],"picked":"InnerPeace","floor":1.0},{"not_picked":["Prostrate","PathToVictory","Vengeance"],"picked":"SKIP","floor":3.0},{"not_picked":["Fasting2","Collect","Evaluate"],"picked":"SKIP","floor":4.0},{"not_picked":["ForeignInfluence","Conclude"],"picked":"EmptyMind","floor":6.0},{"not_picked":["SashWhip","Collect","FlurryOfBlows"],"picked":"SKIP","floor":7.0}],"player_experience":300345,"relics_obtained":[{"floor":6.0,"key":"Eternal Feather"}],"event_choices":[{"cards_removed":["Defend_P"],"damage_healed":0.0,"max_hp_gain":0.0,"max_hp_loss":0.0,"gold_gain":0.0,"event_name":"Golden Wing","player_choice":"Card Removal","floor":5.0,"gold_loss":0.0,"damage_taken":7.0}],"is_beta":false,"boss_relics":[],"items_purged_floors":[2],"is_endless":false,"potions_floor_spawned":[3,4],"killed_by":"Lagavulin","ascension_level":20}}