{"host":"7sni158j623xchr2","time":1609916857,"event":{"mods":["BaseMod","Colored Map","Highlight Path","Minty Spire (QoL Compilation)","Permanent Neow","Potion Indicator Mod","Rare Cards Sparkle","Relic Sorter","Relic Stats","StSLib","everything is the same but u backflip on backflip"],"gold_per_floor":[13,13,28,47,62,90,15,15,15,40,54,74,74,93,93,93,93],"floor_reached":16,"playtime":394,"items_purged":["Strike_G"],"score":120,"play_id":"c71c4d2a-281d-4b35-a282-f0efab16feac","local_time":"20210106010737","is_ascension_mode":true,"campfire_choices":[{"data":"Cloak And Dagger","floor":8,"key":"SMITH"},{"data":"A Thousand Cuts","floor":13,"key":"SMITH"},{"data":"Terror","floor":15,"key":"SMITH"}],"circlet_count":0,"master_deck":["Strike_G","Strike_G","Strike_G","Strike_G","Defend_G","Defend_G","Defend_G","Defend_G","Defend_G","Survivor","Neutralize","A Thousand Cuts+1","Terror+1","Dagger Spray","Cloak And Dagger+1","Bullet Time","Cloak And Dagger","All Out Attack","Noxious Fumes","Finisher"],"relics":["Ring of the Snake","Anchor","Eternal Feather","Bottled Flame"],"acts_visited":["Exordium"],"potions_floor_usage":[5,6],"damage_taken":[{"damage":7,"enemies":"2 Louse","floor":1,"turns":3},{"damage":1,"enemies":"Cultist","floor":3,"turns":3},{"damage":3,"enemies":"Jaw Worm","floor":4,"turns":4},{"damage":19,"enemies":"Gremlin Gang","floor":5,"turns":3},{"damage":2,"enemies":"3 Sentries","floor":6,"turns":5},{"damage":20,"enemies":"Gremlin Nob","floor":10,"turns":5},{"damage":8,"enemies":"Exordium Wildlife","floor":11,"turns":5},{"damage":2,"enemies":"Blue Slaver","floor":12,"turns":4},{"damage":0,"enemies":"Looter","floor":14,"turns":3},{"damage":30,"enemies":"Slime Boss","floor":16,"turns":3}],"seed_played":"9138896015571310504","potions_obtained":[{"floor":1,"key":"Swift Potion"},{"floor":2,"key":"CultistPotion"},{"floor":2,"key":"PowerPotion"},{"floor":5,"key":"BlessingOfTheForge"},{"floor":6,"key":"Fire Potion"}],"is_trial":false,"path_per_floor":["M","?","M","M","M","E","$","R","T","E","M","M","R","M","R","B"],"character_chosen":"THE_SILENT","items_purchased":[],"campfire_rested":0,"item_purchase_floors":[],"current_hp_per_floor":[63,63,62,59,40,38,38,38,38,18,10,8,17,17,29,0,0],"gold":93,"neow_bonus":"THREE_RARE_CARDS","is_daily":false,"chose_seed":false,"campfire_upgraded":3,"win_rate":0.0,"timestamp":1609916857,"path_taken":["M","?","M","M","?","E","$","R","T","E","M","?","R","M","R","BOSS"],"items_purchased_type":[],"build_version":"2020-12-22","purchased_purges":1,"victory":false,"max_hp_per_floor":[70,70,70,70,70,70,70,70,70,70,70,70,70,70,70,70,70],"relic_stats":{"counters":[10,38],"Eternal Feather":21,"obtain_stats":[{"Anchor":6,"Bottled Flame":10,"Eternal Feather":9,"Ring of the Snake":0},{"Anchor":5,"Bottled Flame":6,"Eternal Feather":5,"Ring of the Snake":0},{"Anchor":18,"Bottled Flame":23,"Eternal Feather":18,"Ring of the Snake":0}],"Ring of the Snake":[20]},"card_choices":[{"not_picked":["Doppelganger","Tools of the Trade"],"picked":"A Thousand Cuts","floor":0},{"not_picked":["Acrobatics","Footwork"],"picked":"Terror","floor":1},{"not_picked":["Reflex","Riddle With Holes","Underhanded Strike"],"picked":"SKIP","floor":3},{"not_picked":["Dodge and Roll","Prepared"],"picked":"Dagger Spray","floor":4},{"not_picked":["Heel Hook","Poisoned Stab"],"picked":"Cloak And Dagger","floor":5},{"not_picked":["Underhanded Strike","Backflip"],"picked":"Bullet Time","floor":6},{"not_picked":["Distraction","Dagger Throw"],"picked":"Cloak And Dagger","floor":10},{"not_picked":["Flechettes","Backflip"],"picked":"All Out Attack","floor":11},{"not_picked":["Dodge and Roll","Backflip"],"picked":"Noxious Fumes","floor":12},{"not_picked":["Outmaneuver","Reflex"],"picked":"Finisher","floor":14}],"player_experience":1598280,"relics_obtained":[{"floor":6,"key":"Anchor"},{"floor":9,"key":"Eternal Feather"},{"floor":10,"key":"Bottled Flame"}],"event_choices":[{"damage_healed":0,"gold_gain":0,"player_choice":"Got Potions","damage_taken":0,"max_hp_gain":0,"max_hp_loss":0,"event_name":"Lab","floor":2,"gold_loss":0}],"is_beta":false,"boss_relics":[],"items_purged_floors":[7],"is_endless":false,"potions_floor_spawned":[1,5,6,10,12],"killed_by":"Slime Boss","ascension_level":1}}