{"host":"5c1rfni4ms1ztn71","time":1609974712,"event":{"mods":["100% Spire Juice","AchievementEnabler","BaseMod","ChefMod","Downfall","Duelist Mod","Hermit","Hubris","Infinite Spire","Jorbs\u0027s Wanderer Trilogy","Marisa????????","Minty Spire (QoL Compilation)","Potionbrewer","Replay The Spire","Robot Space Explorer","SOS???????","Somnambulant","StSLib","Td1madao Mod","The Administrix","The Animator","The Bladedancer","The Bug Knight","The Construct","The Cursed","The Death Knight","The Disciple","The Forsaken","The Hierophant","The Mystic","The Necromancer","The Poker Player","The Runesmith","The Senshi","The Servant 0.9.4","The Wild Card","???Mod??????Boss"],"gold_per_floor":[109,109,119,119,130,10,26,77,157,168,48,48,48,66,66,168,168,183,98,98,115,82,82,110,110,110,110,110,2,15,37,37,142,142,40,40,40,63,111,151,151,153,153],"floor_reached":42,"playtime":4152,"items_purged":[],"score":513,"play_id":"554265c4-0682-48a0-8c60-0f23b128c45e","local_time":"20210106181152","is_ascension_mode":false,"campfire_choices":[{"data":"Moonworks:IndiscriminateFireSupport","floor":6,"key":"SMITH"},{"data":"Moonworks:x16BigRocket","floor":13,"key":"SMITH"},{"data":"Moonworks:x16BigRocket+1","floor":15,"key":"SMITH"},{"data":"Moonworks:TreasureThief","floor":23,"key":"SMITH"},{"data":"Moonworks:BindingChains","floor":25,"key":"SMITH"},{"data":"theWildCard:Michael","floor":27,"key":"SMITH"},{"data":"Moonworks:ImOnFire","floor":32,"key":"SMITH"},{"data":"Moonworks:MeltingMemories","floor":41,"key":"SMITH"}],"circlet_count":0,"master_deck":["Moonworks:Strike","Moonworks:Strike","Moonworks:Strike","Moonworks:Strike","Moonworks:Defend","Moonworks:Defend","Moonworks:Defend","Moonworks:Defend","Moonworks:Ambush","Moonworks:LongDistanceShot","Moonworks:EvilSpyWorkPreparation","theWildCard:Michael+1","Moonworks:IndiscriminateFireSupport+1","Moonworks:x16BigRocket+2","Moonworks:Flamethrower","Moonworks:BindingChains+1","Moonworks:LulusLuckyEgg","Moonworks:SinkOrSwim","Moonworks:TreasureThief+1","Moonworks:LulusLuckyEgg","Moonworks:Flamethrower","Moonworks:SakisCookie","Moonworks:ImOnFire+1","Moonworks:EvilSpyWorkPreparation+1","Moonworks:LulusLuckyEgg","Moonworks:MeltingMemories+1","Moonworks:ImOnFire","Moonworks:NicePresent","Moonworks:MixPhenomenon"],"relics":["Moonworks:BrokenBomb","Moonworks:Homemark","theSenshi:SailorFukuRelic","Gremlin Horn","infinitespire:CursedDice","hubris:Icosahedron","Philosopher\u0027s Stone","infinitespire:Midas Blood","Blood Vial","Potion Belt","HollowMod:PaleOreRelic"],"acts_visited":["Exordium","TheCity","TheBeyond"],"potions_floor_usage":[24,24,31,33,33,40],"damage_taken":[{"damage":1,"enemies":"Jaw Worm","floor":1,"turns":4},{"damage":0,"enemies":"Small Slimes","floor":3,"turns":3},{"damage":0,"enemies":"Cultist","floor":5,"turns":2},{"damage":0,"enemies":"Blue Slaver","floor":7,"turns":1},{"damage":4,"enemies":"Looter","floor":10,"turns":2},{"damage":0,"enemies":"Large Slime","floor":14,"turns":2},{"damage":7,"enemies":"Fading Forest","floor":16,"turns":11},{"damage":0,"enemies":"Chosen","floor":18,"turns":4},{"damage":10,"enemies":"2 Thieves","floor":21,"turns":3},{"damage":0,"enemies":"Snake Plant","floor":22,"turns":4},{"damage":0,"enemies":"Book of Stabbing","floor":24,"turns":3},{"damage":0,"enemies":"3 Cultists","floor":29,"turns":3},{"damage":0,"enemies":"Sentry and Sphere","floor":30,"turns":3},{"damage":10,"enemies":"Snake Plant","floor":31,"turns":3},{"damage":9,"enemies":"hubris:MusketHawk","floor":33,"turns":6},{"damage":0,"enemies":"Orb Walker","floor":35,"turns":3},{"damage":43,"enemies":"3 Shapes","floor":38,"turns":3},{"damage":36,"enemies":"Nightmare","floor":40,"turns":7},{"damage":34,"enemies":"Maw","floor":42,"turns":2}],"seed_played":"-7637538453814117698","potions_obtained":[{"floor":5,"key":"Swift Potion"},{"floor":10,"key":"Strength Potion"},{"floor":16,"key":"Languid Potion"},{"floor":22,"key":"potionbrewer:NoxiousPotion"},{"floor":29,"key":"Reflective Coating"},{"floor":30,"key":"Strength Potion"},{"floor":33,"key":"SkillPotion"},{"floor":40,"key":"SteroidPotion"}],"is_trial":false,"path_per_floor":["M","?","M","?","M","R","M","T","T","M","?","?","R","M","R","B",null,"M","?","$","M","M","R","E","R","T","R","?","M","M","M","R","B",null,"M","$","?","M","T","NM","R","M"],"character_chosen":"THE_STARBREAKER","items_purchased":[],"campfire_rested":0,"item_purchase_floors":[],"current_hp_per_floor":[65,65,65,65,65,65,65,65,65,61,43,43,43,66,66,59,66,66,66,66,56,56,56,56,56,56,56,56,62,64,60,60,57,66,66,66,63,24,24,23,23,0,0],"gold":153,"neow_bonus":"TEN_PERCENT_HP_BONUS","is_daily":false,"chose_seed":false,"campfire_upgraded":8,"win_rate":0.0,"timestamp":1609974712,"path_taken":["M","?","M","?","M","R","M","?","T","?","?","?","R","M","R","BOSS","M","?","$","M","M","R","E","R","T","R","?","M","?","M","R","BOSS","M","$","?","M","?","NM","R","M"],"items_purchased_type":[],"build_version":"2020-12-22","purchased_purges":0,"victory":false,"max_hp_per_floor":[66,66,66,66,66,66,66,66,66,66,66,66,66,66,66,66,66,66,66,66,66,66,66,66,66,66,66,66,66,66,66,66,66,66,66,66,63,63,63,63,63,63,63],"card_choices":[{"not_picked":["Moonworks:CookingTime","Moonworks:BigMagnum"],"picked":"Moonworks:EvilSpyWorkPreparation","floor":1},{"not_picked":["Moonworks:CookingTime","Moonworks:StiffCrystal"],"picked":"Moonworks:IndiscriminateFireSupport","floor":3},{"not_picked":["Moonworks:ImmovableObject","Moonworks:JonathanRush"],"picked":"Moonworks:x16BigRocket","floor":5},{"not_picked":["Moonworks:EvilSpyWorkPreparation","Moonworks:GoAway"],"picked":"Moonworks:Flamethrower","floor":7},{"not_picked":["Moonworks:CompletionReward","Moonworks:Assault"],"picked":"Moonworks:BindingChains","floor":10},{"not_picked":["Moonworks:UnluckyCharm","Moonworks:CompletionReward"],"picked":"Moonworks:LulusLuckyEgg","floor":14},{"not_picked":["Moonworks:Gamble","Moonworks:SubspaceTunnel"],"picked":"Moonworks:SinkOrSwim","floor":16},{"not_picked":["Moonworks:EvilSpyWorkPreparation","Moonworks:Heat300Percent+1"],"picked":"Moonworks:TreasureThief","floor":18},{"not_picked":["Moonworks:StiffCrystal","Moonworks:ExtendedPhotonRifle"],"picked":"Moonworks:LulusLuckyEgg","floor":21},{"not_picked":["Moonworks:IntelligenceOfficer","Moonworks:DeployBits"],"picked":"Moonworks:Flamethrower","floor":22},{"not_picked":["Moonworks:ForcedRevival","Moonworks:CloudOfSeagulls"],"picked":"Moonworks:SakisCookie","floor":24},{"not_picked":["Moonworks:NicePresent","Moonworks:WindyEnchantment"],"picked":"Moonworks:ImOnFire","floor":29},{"not_picked":["Moonworks:IndiscriminateFireSupport","Moonworks:TreasureThief"],"picked":"Moonworks:EvilSpyWorkPreparation+1","floor":30},{"not_picked":["Moonworks:Assault","Moonworks:IndiscriminateFireSupport"],"picked":"Moonworks:LulusLuckyEgg","floor":31},{"not_picked":["Moonworks:GoAway","Moonworks:AccelHyper"],"picked":"Moonworks:MeltingMemories","floor":33},{"not_picked":["Moonworks:CloudOfSeagulls","Moonworks:BigMagnum"],"picked":"Moonworks:ImOnFire","floor":35},{"not_picked":["Moonworks:ForcedRevival+1","Moonworks:EvilSpyWorkPreparation+1"],"picked":"Moonworks:NicePresent","floor":38},{"not_picked":["Moonworks:ForcedRevival+1","Moonworks:RagingMadness+1"],"picked":"Moonworks:MixPhenomenon","floor":40}],"player_experience":56022,"relics_obtained":[{"floor":8,"key":"theSenshi:SailorFukuRelic"},{"floor":9,"key":"Gremlin Horn"},{"floor":24,"key":"Blood Vial"},{"floor":39,"key":"Potion Belt"},{"floor":40,"key":"HollowMod:PaleOreRelic"}],"event_choices":[{"damage_healed":0,"gold_gain":0,"player_choice":"Success","damage_taken":18,"relics_obtained":["infinitespire:CursedDice"],"max_hp_gain":0,"max_hp_loss":0,"event_name":"Scrap Ooze","floor":11,"gold_loss":0},{"damage_healed":0,"gold_gain":0,"player_choice":"Obtained Relic","damage_taken":0,"relics_obtained":["infinitespire:Midas Blood"],"max_hp_gain":0,"max_hp_loss":0,"event_name":"Addict","floor":19,"gold_loss":85},{"damage_healed":0,"gold_gain":0,"player_choice":"Ignored","damage_taken":0,"max_hp_gain":0,"max_hp_loss":0,"event_name":"Vampires","floor":28,"gold_loss":0},{"damage_healed":0,"gold_gain":0,"player_choice":"Max HP","damage_taken":0,"max_hp_gain":0,"max_hp_loss":3,"event_name":"Winding Halls","floor":37,"gold_loss":0}],"is_beta":false,"boss_relics":[{"not_picked":["hubris:RunicObelisk","Painkiller Herb"],"picked":"Philosopher\u0027s Stone"},{"not_picked":["ReplayTheSpireMod:DimensionalGlitch","theForsaken:PaleLantern","Snecko Eye"]}],"items_purged_floors":[],"is_endless":false,"potions_floor_spawned":[5,10,16,22,29,30,33,40],"killed_by":"Maw","ascension_level":0}}