{"host":"pa65g39v0cwbmgvo","time":1609918203,"event":{"mods":["2.2 Compatiblity","ATMod(°¢èªMod)","BaseMod","Better Skull","Better Third Choice","BetterRewards","Dota2Spire","Minty Spire (QoL Compilation)","Quick Restart","Replay The Spire","Spicy Shops","StSLib","SuperFastMode","¡¾ÒÅÎï¿¨ÅÆ¡¿REMEMod"],"gold_per_floor":[111,111,33,33,44,44,78,78,104,104,132,132,144,157,157,257,257,277,336,336,31,50,84,44,73,99,130,5,5,32,55,55,169,169,197,197,197,24,46,118,144,185,185,185,206,227,235,235],"floor_reached":47,"playtime":1582,"items_purged":["Strike_R","ReplayTheSpireMod:Splinters"],"score":823,"play_id":"24a7165d-1648-44fe-80c8-d62cdc91e2ca","local_time":"20210106153003","is_ascension_mode":true,"campfire_choices":[{"data":"Armaments","floor":6,"key":"SMITH"},{"data":"Armaments","floor":10,"key":"SMITH"},{"data":"AT_OneInchPunch","floor":12,"key":"SMITH"},{"floor":15,"key":"DIG"},{"floor":29,"key":"REST"},{"data":"Berserk","floor":32,"key":"SMITH"},{"floor":44,"key":"REST"}],"circlet_count":0,"master_deck":["Strike_R","Strike_R","Strike_R+2","Strike_R+1","Defend_R","Defend_R","Defend_R+1","Defend_R","Bash","Armaments+1","AT_OneInchPunch+1","AT_DrawKnifeCut","Berserk+1","Armaments+1","AT_ManFootWork","Deep Breath","AT_Dispersion+1","CurseOfTheBell","AT_CaressingTears+1","ReplayTheSpireMod:Stacked","Burning Pact","Limit Break","Finesse","Clumsy"],"relics":["Burning Blood","REME_ComplimentaryCards","AT_ATBox","Simple Rune","Dota2Spire:Dagon","Art of War","Smiling Mask","Dota2Spire:BladeMail","Gremlin Horn","Calling Bell","Dota2Spire:LotusOrb","Darkstone Periapt","Incense Burner","Dota2Spire:UrnOfShadows","Membership Card","Anchor","Dota2Spire:DrumOfEndurance","Replay:Bandana","Torii","Red Skull","Black Star","ReplayTheSpireMod:CursedCoin","Replay:Baseball","Nunchaku","Dota2Spire:BlackKingBar","Toy Ornithopter","Bottled Flame","Calipers","Champion Belt","Replay:Wax Seal"],"acts_visited":["TheCity","TheBeyond"],"potions_floor_usage":[21,23,25,40,40,46],"damage_taken":[{"damage":0.0,"enemies":"Cultist","floor":1.0,"turns":2.0},{"damage":0,"enemies":"Jaw Worm","floor":5,"turns":2},{"damage":14,"enemies":"Lagavulin","floor":7,"turns":5},{"damage":4,"enemies":"3 Sentries","floor":11,"turns":6},{"damage":0,"enemies":"2 Louse","floor":13,"turns":3},{"damage":0,"enemies":"Looter","floor":14,"turns":1},{"damage":44,"enemies":"Hexaghost","floor":16,"turns":8},{"damage":11,"enemies":"3 Byrds","floor":18,"turns":5},{"damage":2,"enemies":"Spheric Guardian","floor":22,"turns":3},{"damage":46,"enemies":"Gremlin Leader","floor":23,"turns":8},{"damage":6,"enemies":"3 Cultists","floor":25,"turns":4},{"damage":1,"enemies":"Cultist and Chosen","floor":27,"turns":6},{"damage":7,"enemies":"Snecko","floor":30,"turns":4},{"damage":1,"enemies":"Centurion and Healer","floor":31,"turns":4},{"damage":9,"enemies":"Collector","floor":33,"turns":9},{"damage":8,"enemies":"3 Shapes","floor":35,"turns":4},{"damage":24,"enemies":"Orb Walker","floor":39,"turns":5},{"damage":54,"enemies":"Giant Head","floor":40,"turns":10},{"damage":11,"enemies":"Jaw Worm Horde","floor":41,"turns":4},{"damage":30,"enemies":"R_Hoarder","floor":42,"turns":10},{"damage":8,"enemies":"Sphere and 2 Shapes","floor":45,"turns":5},{"damage":34,"enemies":"Transient","floor":46,"turns":5},{"damage":19,"enemies":"Writhing Mass","floor":47,"turns":3}],"seed_played":"-4300157866727147630","potions_obtained":[{"floor":5,"key":"BloodPotion"},{"floor":18,"key":"Languid Potion"},{"floor":19,"key":"GamblersBrew"},{"floor":30,"key":"Doom Potion"},{"floor":31,"key":"SkillPotion"},{"floor":39,"key":"REME_GoldPotion"},{"floor":42,"key":"Strength Potion"},{"floor":45,"key":"PowerPotion"},{"floor":46,"key":"FearPotion"}],"is_trial":false,"path_per_floor":["M","?","$","T","M","R","E","?","T","R","E","R","M","M","R","B",null,"M","?","?","$","M","E","?","M","T","M","$","R","M","M","R","B",null,"M","?","?","$","M","E","M","E","T","R","M","M","M"],"character_chosen":"IRONCLAD","items_purchased":["Simple Rune","Armaments","Armaments","Membership Card","Anchor","Dota2Spire:DrumOfEndurance","Torii","Red Skull","ReplayTheSpireMod:CursedCoin","Replay:Baseball","Nunchaku","Dota2Spire:BlackKingBar"],"campfire_rested":2,"item_purchase_floors":[0,0,3,21,21,21,28,28,38,38,38,38],"current_hp_per_floor":[80,64,64,64,70,70,62,62,62,62,64,64,70,76,76,38,80,75,43,28,45,49,9,9,15,15,20,20,45,44,49,49,52,85,83,83,83,95,85,37,32,8,8,37,35,12,0,0],"gold":235,"neow_bonus":"","is_daily":false,"chose_seed":false,"campfire_upgraded":4,"win_rate":0.0,"timestamp":1609918203,"path_taken":["M","?","?","?","?","R","E","?","T","R","E","R","?","?","R","BOSS","M","?","?","?","M","E","?","?","T","?","$","R","M","M","R","BOSS","M","?","?","$","M","E","M","E","T","R","M","?","M"],"items_purchased_type":["Relic","Card","Card","Relic","Relic","Relic","Relic","Relic","Relic","Relic","Relic","Relic"],"build_version":"2020-12-22","purchased_purges":2,"victory":false,"max_hp_per_floor":[80,80,80,80,80,80,80,80,80,80,80,80,80,80,80,80,80,80,80,85,85,85,85,85,85,85,85,85,85,85,85,85,85,85,85,85,85,97,97,97,97,97,97,97,97,97,97,97],"card_choices":[{"not_picked":["Ghostly Armor","Replay:Undeath\u0027s Touch"],"picked":"AT_DrawKnifeCut","floor":1.0},{"not_picked":["Run Through","Massacre","Heavy Blade"],"picked":"SKIP","floor":5},{"not_picked":["Run Through","AT_CaressingTears"],"picked":"AT_ManFootWork","floor":7},{"not_picked":["Abandon","Warcry","Clothesline"],"picked":"SKIP","floor":11},{"not_picked":["Dropkick","Perfected Strike","Pummel"],"picked":"SKIP","floor":13},{"not_picked":["Sword Boomerang","Whirlwind","Pommel Strike"],"picked":"SKIP","floor":14},{"not_picked":["REME_TheLastStrike","Hemogenesis"],"picked":"AT_Dispersion","floor":16},{"not_picked":["Combust","Sentinel","Pommel Strike"],"picked":"SKIP","floor":18},{"not_picked":["Sword Boomerang","Carnage+1"],"picked":"AT_CaressingTears+1","floor":19},{"not_picked":["Perfected Strike","Wild Strike"],"picked":"ReplayTheSpireMod:Stacked","floor":22},{"not_picked":["Abandon","Wild Strike"],"picked":"Burning Pact","floor":23},{"not_picked":["Pummel","Thunderclap","Rupture"],"picked":"SKIP","floor":25},{"not_picked":["Searing Blow","Rampage","AT_BodySlamDance"],"picked":"SKIP","floor":27},{"not_picked":["Hemogenesis","Wild Strike","Dual Wield+1"],"picked":"SKIP","floor":30},{"not_picked":["Ghostly Armor+1","Perfected Strike","Shockwave+1"],"picked":"SKIP","floor":31},{"not_picked":["Demon Form","Immolate"],"picked":"Limit Break","floor":33},{"not_picked":["Flex","Iron Wave+1","Rupture+1"],"picked":"SKIP","floor":35},{"not_picked":["Perfected Strike+1","Metallicize+1","Shockwave+1"],"picked":"SKIP","floor":39},{"not_picked":["Thunderclap+1","REME_FearOfPain","Massacre"],"picked":"SKIP","floor":40},{"not_picked":["Massacre","Carnage","Wild Strike+1"],"picked":"SKIP","floor":41},{"not_picked":["Whirlwind","Demonic Infusion","Clothesline+1"],"picked":"SKIP","floor":42},{"not_picked":["Clash+1","Fire Breathing+1","Infernal Blade+1"],"picked":"SKIP","floor":45},{"not_picked":["Hemokinesis+1","Clash+1","Feel No Pain+1"],"picked":"SKIP","floor":46}],"player_experience":50336,"relics_obtained":[{"floor":4,"key":"Dota2Spire:Dagon"},{"floor":7,"key":"Art of War"},{"floor":9,"key":"Smiling Mask"},{"floor":11,"key":"Dota2Spire:BladeMail"},{"floor":15,"key":"Gremlin Horn"},{"floor":17,"key":"Dota2Spire:LotusOrb"},{"floor":17,"key":"Darkstone Periapt"},{"floor":17,"key":"Incense Burner"},{"floor":19,"key":"Dota2Spire:UrnOfShadows"},{"floor":23,"key":"Replay:Bandana"},{"floor":40,"key":"Toy Ornithopter"},{"floor":40,"key":"Bottled Flame"},{"floor":42,"key":"Calipers"},{"floor":42,"key":"Champion Belt"},{"floor":43,"key":"Replay:Wax Seal"}],"event_choices":[{"damage_healed":80,"gold_gain":0,"player_choice":"Upgrade","damage_taken":16,"max_hp_gain":0,"max_hp_loss":80,"event_name":"betterThird:BetterShining","floor":2,"gold_loss":0,"cards_upgraded":["Strike_R","Defend_R"]},{"damage_healed":0,"gold_gain":0,"player_choice":"1 cards matched","damage_taken":0,"max_hp_gain":0,"max_hp_loss":0,"event_name":"Match and Keep!","floor":8,"gold_loss":0,"cards_obtained":["Deep Breath"]},{"damage_healed":0,"gold_gain":0,"player_choice":"Shed Blood","damage_taken":20,"max_hp_gain":5,"max_hp_loss":0,"event_name":"Forgotten Altar","floor":20,"gold_loss":0},{"damage_healed":0,"gold_gain":0,"player_choice":"Upgrade","damage_taken":0,"max_hp_gain":0,"max_hp_loss":0,"event_name":"Designer","floor":24,"gold_loss":40,"cards_upgraded":["AT_Dispersion"]},{"damage_healed":0,"gold_gain":0,"player_choice":"Ignored","damage_taken":0,"max_hp_gain":0,"max_hp_loss":0,"event_name":"Tomb of Lord Red Mask","floor":36,"gold_loss":0},{"damage_healed":0,"gold_gain":0,"player_choice":"1 cards matched","damage_taken":0,"max_hp_gain":0,"max_hp_loss":0,"event_name":"Match and Keep!","floor":37,"gold_loss":0,"cards_obtained":["Finesse"]}],"is_beta":false,"boss_relics":[{"not_picked":["Replay:Bronze Core","REME_DemonsWealth"],"picked":"Calling Bell"},{"not_picked":["Ring of Chaos","Abe\u0027s Treasure"],"picked":"Black Star"}],"items_purged_floors":[28,38],"is_endless":false,"potions_floor_spawned":[5,18,30,31,39,42,45,46],"killed_by":"Writhing Mass","ascension_level":1}}