{"host":"qhn6g0owdgjb77rz","time":1609939420,"event":{"mods":["BaseMod","BetterRewards","Colored Map","Minty Spire (QoL Compilation)","Relic Sorter","Replay The Spire","StSLib"],"gold_per_floor":[114,114,189,201,16,49,49,78,104,131,131,131,131,131,131,222,222,245,270,371,371,394,394,428,353,376,376,394,430,73,111,111,201,201,222,236,308,12,43,79,79,103,130,154,187,187,221,234,234,234],"floor_reached":51,"playtime":4945,"items_purged":["Strike_R"],"score":2158,"play_id":"68fc3993-39dd-43a8-b86e-b417da4c4460","local_time":"20210106222340","is_ascension_mode":true,"campfire_choices":[{"data":"True Grit","floor":7,"key":"SMITH"},{"data":"ReplayTheSpireMod:Strike From Hell","floor":12,"key":"SMITH"},{"data":"Abandon","floor":15,"key":"SMITH"},{"data":"Metamorphosis","floor":23,"key":"SMITH"},{"data":"Abandon","floor":27,"key":"SMITH"},{"data":"Bash","floor":32,"key":"PURGE"},{"data":"Brutality","floor":41,"key":"SMITH"},{"data":"Fiend Fire","floor":49,"key":"SMITH"}],"circlet_count":0,"master_deck":["AscendersBane","Strike_R","Strike_R","Strike_R","Defend_R","Defend_R","Defend_R","Defend_R","Shrug It Off","Dark Embrace","Defy Death","Metamorphosis+1","ReplayTheSpireMod:Strike From Hell+1","Abandon+1","True Grit+1","Wild Strike+1","Impervious","ReplayTheSpireMod:Muscle Training","ReplayTheSpireMod:Strike From Hell+1","Wild Strike","Power Through+1","Abandon+1","Reckless Charge+1","Disarm+1","Brutality+1","Offering","Fire Breathing","ReplayTheSpireMod:Private Reserves","Shockwave","Parasite","Pommel Strike+1","Shrug It Off+1","Dark Embrace","Fiend Fire+1"],"relics":["Burning Blood","Red Mask","Pear","Lee\u0027s Waffle","Omamori","Gambling Chip","ReplayFunnel","Membership Card","Replay:WaspNest","Replay:Baseball","Ancient Tea Set","Chameleon Ring","Replay:Bottled Snecko","Golden Idol","SacredBark","Gremlin Food","Quantum Egg","Art of War","Unceasing Top","Onion Ring","Shuriken","Lantern","Mark of Pain","Replay:Ringing Soul","ReplayTheSpireMod:Ninjato","Replay:Rubber Ducky","Charon\u0027s Ashes","Blue Doll","Nunchaku","Meat on the Bone","Bronze Scales"],"acts_visited":["Exordium","TheCity","TheBeyond"],"potions_floor_usage":[16,18,22,28,31,33,39,45,47,50,50,50],"damage_taken":[{"damage":6,"enemies":"Cultist","floor":1,"turns":4},{"damage":1,"enemies":"Jaw Worm","floor":4,"turns":3},{"damage":20,"enemies":"Gremlin Nob","floor":6,"turns":4},{"damage":10,"enemies":"Lagavulin","floor":8,"turns":8},{"damage":11,"enemies":"3 Sentries","floor":10,"turns":5},{"damage":0,"enemies":"Slime Boss","floor":16,"turns":5},{"damage":3,"enemies":"2 Thieves","floor":18,"turns":3},{"damage":11,"enemies":"Spheric Guardian","floor":19,"turns":3},{"damage":24,"enemies":"Centurion and Healer","floor":22,"turns":7},{"damage":10,"enemies":"Slavers","floor":24,"turns":5},{"damage":1,"enemies":"3 Cultists","floor":28,"turns":3},{"damage":12,"enemies":"Replay:Snechameleon","floor":29,"turns":5},{"damage":16,"enemies":"Book of Stabbing","floor":31,"turns":5},{"damage":5,"enemies":"Collector","floor":33,"turns":5},{"damage":6,"enemies":"3 Darklings","floor":35,"turns":4},{"damage":11,"enemies":"3 Shapes","floor":36,"turns":4},{"damage":32,"enemies":"Mind Bloom Boss Battle","floor":39,"turns":4},{"damage":25,"enemies":"R_Hoarder","floor":40,"turns":7},{"damage":9,"enemies":"Writhing Mass","floor":42,"turns":4},{"damage":2,"enemies":"Jaw Worm Horde","floor":44,"turns":2},{"damage":11,"enemies":"Giant Head","floor":45,"turns":4},{"damage":4,"enemies":"R_Hoarder","floor":47,"turns":5},{"damage":2,"enemies":"3 Darklings","floor":48,"turns":3},{"damage":10,"enemies":"Awakened One","floor":50,"turns":3}],"seed_played":"-4453973728349368298","potions_obtained":[{"floor":6,"key":"Fire Potion"},{"floor":10,"key":"AttackPotion"},{"floor":18,"key":"Block Potion"},{"floor":19,"key":"Languid Potion"},{"floor":24,"key":"SkillPotion"},{"floor":31,"key":"Reflective Coating"},{"floor":35,"key":"Venom Potion"},{"floor":36,"key":"Venom Potion"},{"floor":46,"key":"Dexterity Potion"},{"floor":46,"key":"Doom Potion"},{"floor":47,"key":"EntropicBrew"},{"floor":48,"key":"DistilledChaos"}],"is_trial":false,"path_per_floor":["M","?","?","M","$","E","R","E","T","E","?","R","T","?","R","B",null,"M","M","?","?","M","R","E","?","T","R","M","E","$","E","R_BF","B",null,"M","M","T","$","?","E","R","M","T","M","E","R","E","M","R","B",null],"character_chosen":"IRONCLAD","items_purchased":["Dark Embrace","Defy Death","Metamorphosis","Pear","Lee\u0027s Waffle","Omamori","Membership Card","Abandon","Disarm+1","Onion Ring","Shuriken","Brutality","Fire Breathing","ReplayTheSpireMod:Ninjato","ReplayTheSpireMod:Private Reserves","Replay:Rubber Ducky"],"campfire_rested":0,"item_purchase_floors":[0,0,0,0,0,0,5,5,30,30,30,30,38,38,38,38],"current_hp_per_floor":[97,97,86,91,91,77,77,73,73,68,68,68,68,68,68,74,91,94,89,65,65,47,47,43,43,43,43,48,42,42,32,32,33,81,81,76,76,79,56,37,37,37,37,41,39,39,56,75,75,71],"gold":234,"neow_bonus":"","is_daily":false,"chose_seed":false,"campfire_upgraded":7,"win_rate":0.0,"timestamp":1609939420,"path_taken":["M","?","?","M","$","E","R","E","T","E","?","R","?","?","R","BOSS","M","M","?","?","M","R","E","?","T","R","M","E","?","E","R_BF","BOSS","M","?","?","$","?","E","R","M","T","M","E","R","E","M","R","BOSS"],"items_purchased_type":["Card","Card","Card","Relic","Relic","Relic","Relic","Card","Card","Relic","Relic","Card","Card","Relic","Card","Relic"],"build_version":"2020-12-22","purchased_purges":1,"victory":true,"max_hp_per_floor":[97,97,97,97,97,97,97,97,97,97,97,97,97,97,97,97,97,97,97,97,97,97,97,97,97,97,97,97,97,97,97,97,97,97,97,97,97,100,103,103,103,106,106,106,109,109,112,115,115,115],"card_choices":[{"not_picked":["Abandon","Power Through"],"picked":"ReplayTheSpireMod:Strike From Hell","floor":1},{"not_picked":["Headbutt","Flex","Rampage"],"picked":"SKIP","floor":4},{"not_picked":["ReplayTheSpireMod:Corrosion Curse","Headbutt"],"picked":"True Grit","floor":6},{"not_picked":["Cleave","Dark Embrace","ReplayTheSpireMod:Limb From Limb"],"picked":"SKIP","floor":8},{"not_picked":["Replay:Undeath\u0027s Touch","Spot Weakness"],"picked":"Wild Strike","floor":10},{"not_picked":["Hemogenesis","Bludgeon"],"picked":"Impervious","floor":16},{"not_picked":["Clothesline","Iron Wave","Cleave+1"],"picked":"SKIP","floor":18},{"not_picked":["Shrug It Off","Fiend Fire"],"picked":"ReplayTheSpireMod:Muscle Training","floor":19},{"not_picked":["Wild Strike","Havoc"],"picked":"ReplayTheSpireMod:Strike From Hell+1","floor":20},{"not_picked":["Searing Blow","Run Through"],"picked":"Wild Strike","floor":20},{"not_picked":["Shockwave","Exhume"],"picked":"Power Through+1","floor":22},{"not_picked":["Armaments","Pommel Strike"],"picked":"Abandon","floor":24},{"not_picked":["Twin Strike+1","Massacre+1","Clash"],"picked":"SKIP","floor":28},{"not_picked":["Twin Strike","Uppercut"],"picked":"Reckless Charge+1","floor":29},{"not_picked":["Cleave","Bludgeon","Armaments"],"picked":"SKIP","floor":31},{"not_picked":["Bludgeon","Corruption"],"picked":"Offering","floor":33},{"not_picked":["Body Slam","Replay:Undeath\u0027s Touch","Twin Strike"],"picked":"SKIP","floor":35},{"not_picked":["Perfected Strike","Body Slam","Heavy Blade"],"picked":"SKIP","floor":36},{"not_picked":["Spot Weakness","Bloodletting+1"],"picked":"Shockwave","floor":39},{"not_picked":["Armaments","Perfected Strike","Spot Weakness"],"picked":"SKIP","floor":40},{"not_picked":["Spot Weakness+1","Body Slam+1"],"picked":"Pommel Strike+1","floor":42},{"not_picked":["Massacre","Rage+1","Iron Wave+1"],"picked":"SKIP","floor":44},{"not_picked":["Massacre","Rage+1","Iron Wave+1"],"picked":"SKIP","floor":44},{"not_picked":["ReplayTheSpireMod:Corrosion Curse","Inflame+1"],"picked":"Shrug It Off+1","floor":45},{"not_picked":["Heavy Blade","Armaments"],"picked":"Dark Embrace","floor":47},{"not_picked":["ReplayTheSpireMod:Limb From Limb+1","ReplayReversal"],"picked":"Fiend Fire","floor":48}],"player_experience":403296,"relics_obtained":[{"floor":6,"key":"Replay:WaspNest"},{"floor":8,"key":"Replay:Baseball"},{"floor":9,"key":"Ancient Tea Set"},{"floor":10,"key":"Chameleon Ring"},{"floor":13,"key":"Replay:Bottled Snecko"},{"floor":20,"key":"Gremlin Food"},{"floor":24,"key":"Quantum Egg"},{"floor":26,"key":"Art of War"},{"floor":29,"key":"Unceasing Top"},{"floor":31,"key":"Lantern"},{"floor":37,"key":"Replay:Ringing Soul"},{"floor":39,"key":"Charon\u0027s Ashes"},{"floor":40,"key":"Blue Doll"},{"floor":43,"key":"Nunchaku"},{"floor":45,"key":"Meat on the Bone"},{"floor":47,"key":"Bronze Scales"}],"event_choices":[{"damage_healed":0,"gold_gain":0,"player_choice":"Box","damage_taken":0,"relics_obtained":["ReplayFunnel"],"max_hp_gain":0,"max_hp_loss":0,"event_name":"Big Fish","floor":2,"gold_loss":0,"cards_obtained":["Regret"]},{"damage_healed":0,"gold_gain":75,"player_choice":"Gather Gold","damage_taken":11,"max_hp_gain":0,"max_hp_loss":0,"event_name":"World of Goop","floor":3,"gold_loss":0},{"damage_healed":0,"gold_gain":0,"player_choice":"Take Wound","damage_taken":0,"relics_obtained":["Golden Idol"],"max_hp_gain":0,"max_hp_loss":0,"event_name":"Golden Idol","floor":14,"gold_loss":0,"cards_obtained":["Injury"]},{"cards_removed":["Strike_R"],"damage_healed":0,"gold_gain":0,"player_choice":"Gave Gold","damage_taken":0,"max_hp_gain":0,"max_hp_loss":0,"event_name":"Beggar","floor":25,"gold_loss":75},{"damage_healed":0,"gold_gain":0,"player_choice":"Fight","damage_taken":0,"max_hp_gain":0,"max_hp_loss":0,"event_name":"MindBloom","floor":39,"gold_loss":0}],"is_beta":false,"boss_relics":[{"not_picked":["Philosopher\u0027s Stone","Runic Pyramid"],"picked":"SacredBark"},{"not_picked":["Black Star","ReplayTheSpireMod:DimensionalGlitch"],"picked":"Mark of Pain"}],"items_purged_floors":[38],"is_endless":false,"potions_floor_spawned":[6,10,18,19,24,31,35,36,47,48],"ascension_level":13}}