{"host":"zcz0awyw9el3eccp","time":1609941582,"event":{"mods":["AchievementEnabler","BaseMod","Colored Powertips","Minty Spire (QoL Compilation)","Quick Restart"],"gold_per_floor":[115,115,136,211,211,211,250,136,163,187,221,221,221,221],"floor_reached":13,"playtime":345,"items_purged":["Dualcast+1"],"score":85,"play_id":"68c5fdfb-0b5a-4187-9b91-e982665bc38b","local_time":"20210106145942","is_ascension_mode":true,"campfire_choices":[{"floor":6,"key":"REST"}],"circlet_count":0,"master_deck":["Strike_B","Strike_B","Strike_B","Strike_B","Defend_B","Defend_B","Defend_B","Defend_B","Zap+1","Gash","Sweeping Beam","Rip and Tear","Auto Shields","Conserve Battery","Stack"],"relics":["Cracked Core","Golden Idol","Torii","Odd Mushroom","Nunchaku"],"acts_visited":["Exordium"],"potions_floor_usage":[13],"damage_taken":[{"damage":10,"enemies":"Cultist","floor":1,"turns":4},{"damage":2,"enemies":"Jaw Worm","floor":3,"turns":4},{"damage":27,"enemies":"Gremlin Nob","floor":7,"turns":4},{"damage":1,"enemies":"Small Slimes","floor":10,"turns":3},{"damage":9,"enemies":"The Mushroom Lair","floor":11,"turns":4},{"damage":9,"enemies":"Lagavulin","floor":13,"turns":6}],"seed_played":"5187637940347740152","potions_obtained":[{"floor":10,"key":"FearPotion"},{"floor":11,"key":"Swift Potion"}],"is_trial":false,"path_per_floor":["M","?","M","?","?","R","E","$","T","M","?","T","E"],"character_chosen":"DEFECT","items_purchased":["Auto Shields"],"campfire_rested":1,"item_purchase_floors":[8],"current_hp_per_floor":[72,52,50,39,23,47,20,20,20,19,10,10,1,1],"gold":221,"neow_bonus":"TEN_PERCENT_HP_BONUS","is_daily":false,"chose_seed":false,"campfire_upgraded":0,"win_rate":0.0,"timestamp":1609941582,"path_taken":["M","?","M","?","?","R","E","$","T","M","?","?","E"],"items_purchased_type":["Card"],"build_version":"2020-12-22","purchased_purges":1,"victory":false,"max_hp_per_floor":[82,82,82,82,82,82,82,82,82,82,82,82,82,82],"card_choices":[{"not_picked":["Ball Lightning","Chaos"],"picked":"Gash","floor":1},{"not_picked":["Ball Lightning","Cold Snap"],"picked":"Sweeping Beam","floor":3},{"not_picked":["Echo Form","Turbo"],"picked":"Rip and Tear","floor":7},{"not_picked":["Ball Lightning","Beam Cell"],"picked":"Conserve Battery","floor":10},{"not_picked":["Barrage","Lockon"],"picked":"Stack","floor":11}],"player_experience":88022,"relics_obtained":[{"floor":7,"key":"Torii"},{"floor":11,"key":"Odd Mushroom"},{"floor":12,"key":"Nunchaku"}],"event_choices":[{"damage_healed":0,"gold_gain":0,"player_choice":"Take Damage","damage_taken":20,"relics_obtained":["Golden Idol"],"max_hp_gain":0,"max_hp_loss":0,"event_name":"Golden Idol","floor":2,"gold_loss":0},{"damage_healed":0,"gold_gain":75,"player_choice":"Gather Gold","damage_taken":11,"max_hp_gain":0,"max_hp_loss":0,"event_name":"World of Goop","floor":4,"gold_loss":0},{"damage_healed":0,"gold_gain":0,"player_choice":"Entered Light","damage_taken":16,"max_hp_gain":0,"max_hp_loss":0,"event_name":"Shining Light","floor":5,"gold_loss":0,"cards_upgraded":["Dualcast","Zap"]},{"damage_healed":0,"gold_gain":0,"player_choice":"Fought Mushrooms","damage_taken":0,"max_hp_gain":0,"max_hp_loss":0,"event_name":"Mushrooms","floor":11,"gold_loss":0}],"is_beta":false,"boss_relics":[],"items_purged_floors":[8],"is_endless":false,"potions_floor_spawned":[10,11],"killed_by":"Lagavulin","ascension_level":1}}