{"host":"0c61l48zxvai1g68","time":1609909531,"event":{"mods":["2.2 Compatiblity","Act Like it!","Arknights The Spire","BaseMod","Challenge The Spire","Hallownest","HololiveMod","KinomotoSakuraMod(木之本樱)","KomeijiMod","Luminous","Minty Spire (QoL Compilation)","MostiFishMod","Prisma Mod","Quick Restart","Replay The Spire","RumiaBox-露米娅的神秘盒子","StSLib","The Alterego","The Animator","TheSwordswoman","UnlockEverythingMod","Waifu the Spire","WarShipGirlsR/战舰少女R mod","Yakumo Yukari mod","【功能Mod】混沌之环修复补丁","【遗物卡牌】REMEMod"],"gold_per_floor":[109,128,147,147,162,192,192,210,287,287,287,387,402,412,412,507,507,507],"floor_reached":17,"playtime":1098,"items_purged":[],"score":159,"play_id":"ae12b3f8-e6d2-487d-a18d-2e779ae245f9","local_time":"20210106130531","is_ascension_mode":false,"campfire_choices":[{"floor":7,"key":"REST"},{"floor":10,"key":"REST"},{"floor":15,"key":"REST"}],"circlet_count":0,"master_deck":["rmod:strick","rmod:strick","rmod:strick","rmod:strick","rmod:defend","rmod:defend","rmod:defend","rmod:defend","rmod:basicallowance+1","rmod:maingunfire","rmod:generalist","rmod:intelligenceanalysis","rmod:ridicule","rmod:luckystar","rmod:circuitoustactics","rmod:wasp","rmod:smokecover","rmod:concentratefire","rmod:firesupport","Replay:Battleflow","rmod:aviationdawn","rmod:maintain","rmod:expedition","rmod:aviationdawn","rmod:highspeedmaneuver"],"relics":["rmod:firstchargereward","DaveBox","REME_ComplimentaryCards","SynthV:TestCard","HaiYi:Twilight","Blue Doll","ShadowXiaoBlade"],"acts_visited":["Exordium","TheCity"],"potions_floor_usage":[],"damage_taken":[{"damage":0,"enemies":"Cultist","floor":1,"turns":3},{"damage":0,"enemies":"Jaw Worm","floor":2,"turns":4},{"damage":0,"enemies":"2 Louse","floor":3,"turns":2},{"damage":1,"enemies":"Exordium Thugs","floor":5,"turns":5},{"damage":25,"enemies":"3 Sentries","floor":6,"turns":10},{"damage":9,"enemies":"Lots of Slimes","floor":8,"turns":3},{"damage":3,"enemies":"3 Louse","floor":13,"turns":3},{"damage":17,"enemies":"Large Slime","floor":14,"turns":6},{"damage":47,"enemies":"Fading Forest","floor":16,"turns":11}],"seed_played":"-8227917051798213234","potions_obtained":[{"floor":8,"key":"Strength Potion"}],"is_trial":false,"path_per_floor":["M","M","M","?","M","E","R","M","T","R","?","?","M","M","R","B",null],"character_chosen":"PRAEFECT","items_purchased":[],"campfire_rested":3,"item_purchase_floors":[],"current_hp_per_floor":[75,75,75,75,74,49,71,62,62,75,75,75,72,55,75,38,75,75],"gold":507,"neow_bonus":"RANDOM_EVENT","is_daily":false,"chose_seed":false,"campfire_upgraded":0,"win_rate":0.0,"timestamp":1609909531,"path_taken":["M","?","M","?","M","E","R","M","T","R","?","?","?","M","R","BOSS"],"items_purchased_type":[],"build_version":"2020-12-22","purchased_purges":0,"victory":false,"max_hp_per_floor":[75,75,75,75,75,75,75,75,75,75,75,75,75,75,75,75,75,75],"card_choices":[{"not_picked":["rmod:fletcherpendant","rmod:diamondstrike"],"picked":"rmod:generalist","floor":1},{"not_picked":["rmod:fletcherpendant","rmod:diamondstrike","rmod:aviationdawn","rmod:rockthrower"],"picked":"rmod:intelligenceanalysis","floor":2},{"not_picked":["rmod:maintain","rmod:bulid","rmod:aviationdawn","rmod:circuitoustactics"],"picked":"rmod:ridicule","floor":3},{"not_picked":["rmod:wife","rmod:mineteam","rmod:victimresponsibility","rmod:overbreakdown"],"picked":"rmod:firesupport","floor":5},{"not_picked":["rmod:steelsupply","rmod:fletcher","rmod:intelligenceanalysis","rmod:luckystar"],"picked":"rmod:aviationdawn","floor":6},{"not_picked":["rmod:goodsister","rmod:capitalist","rmod:advancebysurprise","rmod:slowdown"],"picked":"rmod:maintain","floor":8},{"not_picked":["rmod:fuelsupply","rmod:wasp","rmod:diamondstrike","rmod:sl"],"picked":"rmod:expedition","floor":13},{"not_picked":["rmod:ammunitionsupply","rmod:tearstotiara","rmod:punchline","rmod:wolves"],"picked":"rmod:aviationdawn","floor":14},{"not_picked":["rmod:u235","rmod:desperatesituation","rmod:secretscript","rmod:ridicule"],"picked":"rmod:highspeedmaneuver","floor":16}],"player_experience":140980,"relics_obtained":[{"floor":1,"key":"SynthV:TestCard"},{"floor":6,"key":"Blue Doll"}],"event_choices":[{"damage_healed":0,"gold_gain":0,"player_choice":"Grow","damage_taken":0,"max_hp_gain":0,"max_hp_loss":0,"event_name":"Living Wall","floor":0,"gold_loss":0,"cards_upgraded":["rmod:basicallowance"]},{"damage_healed":0,"gold_gain":0,"player_choice":"Ignored","damage_taken":0,"max_hp_gain":0,"max_hp_loss":0,"event_name":"Golden Idol","floor":11,"gold_loss":0},{"damage_healed":0,"gold_gain":100,"player_choice":"Gold","damage_taken":0,"max_hp_gain":0,"max_hp_loss":0,"event_name":"Wheel of Change","floor":12,"gold_loss":0}],"is_beta":false,"boss_relics":[{"not_picked":["OneHitWonderSystem","Replay:Drink Me"],"picked":"ShadowXiaoBlade"}],"items_purged_floors":[],"is_endless":false,"potions_floor_spawned":[5,8,14],"ascension_level":0}}