{"host":"sav7uxregyirlf69","time":1609942286,"event":{"mods":["AchievementEnabler","BaseMod","Colored Map","DeckTracker","Keyboard Shortcuts","Minty Spire (QoL Compilation)","READ ME - Guardian Mod","StSLib","SuperFastMode"],"gold_per_floor":[112,37,37,64,64,101,101,130,157,157,157,166,201,214,214,299,299,320,76,126,154,154,154],"floor_reached":22,"playtime":306,"items_purged":["Strike_B"],"score":434,"play_id":"0d3e3f04-e1ab-44ee-9873-88c4c7260382","local_time":"20210106231126","is_ascension_mode":true,"campfire_choices":[{"data":"Doom and Gloom","floor":7,"key":"SMITH"},{"data":"Zap","floor":11,"key":"SMITH"},{"data":"Dualcast","floor":15,"key":"SMITH"}],"circlet_count":0,"master_deck":["AscendersBane","Strike_B+1","Defend_B","Defend_B","Defend_B+1","Defend_B","Zap+1","Dualcast+1","Doom and Gloom+1","Go for the Eyes+1","Cold Snap","Heatsinks","Fusion+1","Meteor Strike","Coolheaded","Double Energy"],"relics":["Cracked Core","NeowsBlessing","CeramicFish","Akabeko","War Paint","Black Star","Medical Kit"],"acts_visited":["Exordium","TheCity"],"potions_floor_usage":[13,22],"damage_taken":[{"damage":0.0,"enemies":"Jaw Worm","floor":1.0,"turns":1.0},{"damage":0.0,"enemies":"Small Slimes","floor":4.0,"turns":1.0},{"damage":0.0,"enemies":"3 Sentries","floor":6.0,"turns":1.0},{"damage":0,"enemies":"Cultist","floor":8,"turns":3},{"damage":4,"enemies":"Gremlin Nob","floor":13,"turns":3},{"damage":4,"enemies":"Exordium Wildlife","floor":14,"turns":3},{"damage":28,"enemies":"The Guardian","floor":16,"turns":13},{"damage":16,"enemies":"Spheric Guardian","floor":18,"turns":4},{"damage":19,"enemies":"2 Thieves","floor":21,"turns":4},{"damage":32,"enemies":"Cultist and Chosen","floor":22,"turns":7}],"seed_played":"432161768221364655","potions_obtained":[{"floor":6,"key":"AttackPotion"},{"floor":8,"key":"SpeedPotion"},{"floor":14,"key":"EssenceOfSteel"}],"is_trial":false,"path_per_floor":["M","?","?","M","?","E","R","M","T","?","R","?","E","M","R","B",null,"M","$","?","M","M"],"character_chosen":"DEFECT","items_purchased":["Medical Kit"],"campfire_rested":0,"item_purchase_floors":[19],"current_hp_per_floor":[64,64,64,64,69,69,69,69,69,46,46,46,42,38,38,10,60,44,44,44,25,0,0],"gold":154,"neow_bonus":"THREE_ENEMY_KILL","is_daily":false,"chose_seed":false,"campfire_upgraded":3,"win_rate":0.0,"timestamp":1609942286,"path_taken":["M","?","?","?","?","E","R","M","T","?","R","?","E","M","R","BOSS","M","$","?","M","M"],"items_purchased_type":["Relic"],"build_version":"2020-12-22","purchased_purges":1,"victory":false,"max_hp_per_floor":[71,71,71,71,76,76,76,76,76,76,76,76,76,76,76,76,76,76,76,76,76,76,76],"card_choices":[{"not_picked":["Recycle","Sunder"],"picked":"Ball Lightning","floor":1.0},{"not_picked":["Barrage","Self Repair"],"picked":"Doom and Gloom","floor":4.0},{"not_picked":["Skim","Leap"],"picked":"Go for the Eyes","floor":6},{"not_picked":["Coolheaded","Hologram"],"picked":"Cold Snap","floor":8},{"not_picked":["Leap","Conserve Battery"],"picked":"Fusion","floor":13},{"not_picked":["Capacitor","Storm","Beam Cell"],"picked":"SKIP","floor":14},{"not_picked":["Seek","Machine Learning"],"picked":"Meteor Strike","floor":16},{"not_picked":["Blizzard","Hologram"],"picked":"Coolheaded","floor":18},{"not_picked":["Streamline","Loop"],"picked":"Double Energy","floor":21}],"player_experience":1162150,"relics_obtained":[{"floor":9,"key":"Akabeko"},{"floor":13,"key":"War Paint"}],"event_choices":[{"cards_removed":["Strike_B"],"damage_healed":0.0,"max_hp_gain":0.0,"max_hp_loss":0.0,"gold_gain":0.0,"event_name":"The Cleric","player_choice":"Card Removal","floor":2.0,"gold_loss":75.0,"damage_taken":0.0},{"cards_removed":["Ball Lightning"],"damage_healed":0.0,"max_hp_gain":0.0,"max_hp_loss":0.0,"gold_gain":0.0,"event_name":"WeMeetAgain","player_choice":"Gave Card","floor":3.0,"gold_loss":0.0,"damage_taken":0.0,"relics_obtained":["CeramicFish"]},{"damage_healed":0.0,"max_hp_gain":5.0,"max_hp_loss":0.0,"gold_gain":0.0,"event_name":"Big Fish","player_choice":"Donut","floor":5.0,"gold_loss":0.0,"damage_taken":0.0},{"damage_healed":0,"gold_gain":0,"player_choice":"Entered Light","damage_taken":23,"max_hp_gain":0,"max_hp_loss":0,"event_name":"Shining Light","floor":10,"gold_loss":0,"cards_upgraded":["Strike_B","Go for the Eyes"]},{"damage_healed":0,"gold_gain":0,"cards_transformed":["Strike_B"],"player_choice":"Change","damage_taken":0,"max_hp_gain":0,"max_hp_loss":0,"event_name":"Living Wall","floor":12,"gold_loss":0,"cards_obtained":["Heatsinks"]},{"damage_healed":0,"gold_gain":50,"player_choice":"Stole From Cult","damage_taken":0,"max_hp_gain":0,"max_hp_loss":0,"event_name":"Nest","floor":20,"gold_loss":0}],"is_beta":false,"boss_relics":[{"not_picked":["Velvet Choker","FrozenCore"],"picked":"Black Star"}],"items_purged_floors":[19],"is_endless":false,"potions_floor_spawned":[6,8,14,16,21],"killed_by":"Cultist and Chosen","ascension_level":20}}