{"host":"gsgpu9obojnqwpp0","time":1609894314,"event":{"mods":["AchievementEnabler","BaseMod","Block Reminder","DeckTracker","Minty Spire (QoL Compilation)","Permanent Neow"],"gold_per_floor":[114,128,78,7,7,7,22,37,84,84,9,49,127,57,57,170,170,195,166,175,30,42,42,86,86,139,70,70,70,83,112,112,221,221,234,234,168,186,200,200,254,254,254,304,128,163,163,174,174,278,278,307,307,188,222,251,251,269,269,337,361,361,31,31,59,59,178,178,200,209,232,8,22,22,61,61,61,61],"floor_reached":77,"playtime":2658,"items_purged":["Strike_R","Strike_R","Decay"],"score":1430,"play_id":"98337121-670d-4c93-a5df-0dc440e42795","local_time":"20210105195154","is_ascension_mode":false,"campfire_choices":[{"data":"Whirlwind","floor":6,"key":"SMITH"},{"data":"Inflame","floor":10,"key":"SMITH"},{"floor":15,"key":"REST"},{"floor":23,"key":"REST"},{"data":"Demon Form","floor":25,"key":"SMITH"},{"data":"Demon Form","floor":29,"key":"SMITH"},{"floor":32,"key":"REST"},{"data":"Limit Break","floor":40,"key":"SMITH"},{"data":"Impervious","floor":42,"key":"SMITH"},{"data":"Heavy Blade","floor":47,"key":"SMITH"},{"data":"Heavy Blade","floor":49,"key":"SMITH"},{"data":"Impervious","floor":57,"key":"SMITH"},{"data":"Double Tap","floor":59,"key":"SMITH"},{"data":"Rage","floor":64,"key":"SMITH"},{"data":"Heavy Blade","floor":66,"key":"SMITH"},{"data":"Inflame","floor":74,"key":"SMITH"},{"data":"Ghostly Armor","floor":76,"key":"SMITH"}],"circlet_count":0,"master_deck":["Strike_R","Strike_R","Defend_R","Defend_R","Defend_R","Defend_R","Bash","Whirlwind+1","Inflame+1","Demon Form+1","Heavy Blade+1","Bandage Up","Impervious+1","Entrench","Flame Barrier","Demon Form+1","Metallicize+1","Rage","Second Wind","Limit Break+1","Ghostly Armor+1","Entrench+1","Heavy Blade+1","Second Wind+1","Impervious+1","Ghostly Armor","Body Slam","Double Tap+1","Body Slam","Rage+1","Inflame+1","Heavy Blade+1","Inflame+1","Entrench"],"relics":["Black Blood","CeramicFish","MawBank","Ancient Tea Set","Snecko Eye","Brimstone","Happy Flower","Oddly Smooth Stone","Mark of Pain","Calipers","Bottled Lightning","Bird Faced Urn","DollysMirror","Magic Flower","Sozu","Golden Idol","Orrery","Odd Mushroom","The Courier","Prayer Wheel","Anchor"],"acts_visited":["Exordium","TheCity","TheBeyond","Exordium","TheCity"],"potions_floor_usage":[13,13,18,31,31,41,44,50,50],"damage_taken":[{"damage":0,"enemies":"Small Slimes","floor":1,"turns":4},{"damage":4,"enemies":"Jaw Worm","floor":2,"turns":5},{"damage":6,"enemies":"Cultist","floor":7,"turns":3},{"damage":13,"enemies":"Exordium Wildlife","floor":8,"turns":3},{"damage":30,"enemies":"Gremlin Nob","floor":12,"turns":5},{"damage":48,"enemies":"Lagavulin Event","floor":13,"turns":7},{"damage":16,"enemies":"Hexaghost","floor":16,"turns":7},{"damage":32,"enemies":"Chosen","floor":18,"turns":5},{"damage":8,"enemies":"3 Byrds","floor":22,"turns":3},{"damage":9,"enemies":"Gremlin Leader","floor":24,"turns":4},{"damage":4,"enemies":"Snecko","floor":30,"turns":3},{"damage":39,"enemies":"Cultist and Chosen","floor":31,"turns":5},{"damage":19,"enemies":"Champ","floor":33,"turns":6},{"damage":0,"enemies":"Orb Walker","floor":35,"turns":2},{"damage":1,"enemies":"3 Darklings","floor":38,"turns":2},{"damage":15,"enemies":"Jaw Worm Horde","floor":39,"turns":5},{"damage":6,"enemies":"2 Orb Walkers","floor":41,"turns":3},{"damage":0,"enemies":"Mind Bloom Boss Battle","floor":44,"turns":7},{"damage":0,"enemies":"Nemesis","floor":46,"turns":3},{"damage":0,"enemies":"Transient","floor":48,"turns":5},{"damage":47,"enemies":"Awakened One","floor":50,"turns":7},{"damage":0,"enemies":"2 Louse","floor":52,"turns":2},{"damage":0,"enemies":"The Mushroom Lair","floor":55,"turns":2},{"damage":0,"enemies":"Cultist","floor":56,"turns":2},{"damage":0,"enemies":"Jaw Worm","floor":58,"turns":1},{"damage":0,"enemies":"Looter","floor":61,"turns":2},{"damage":0,"enemies":"Exordium Thugs","floor":65,"turns":2},{"damage":0,"enemies":"The Guardian","floor":67,"turns":3},{"damage":0,"enemies":"Chosen","floor":69,"turns":4},{"damage":0,"enemies":"Spheric Guardian","floor":71,"turns":3},{"damage":0,"enemies":"Shelled Parasite and Fungi","floor":73,"turns":3},{"damage":0,"enemies":"Gremlin Leader","floor":75,"turns":1},{"damage":89,"enemies":"Slavers","floor":77,"turns":4}],"seed_played":"6783281245985806240","potions_obtained":[{"floor":1,"key":"SteroidPotion"},{"floor":7,"key":"Regen Potion"},{"floor":12,"key":"EssenceOfSteel"},{"floor":16,"key":"Fire Potion"},{"floor":24,"key":"Ancient Potion"},{"floor":30,"key":"PowerPotion"},{"floor":31,"key":"BloodPotion"},{"floor":38,"key":"Energy Potion"},{"floor":44,"key":"Fruit Juice"},{"floor":46,"key":"BlessingOfTheForge"}],"is_trial":true,"path_per_floor":["M","M","?","$","?","R","M","M","T","R","$","E","?","$","R","B",null,"M","$","?","$","M","R","E","R","T","$","?","R","M","M","R","B",null,"M","?","$","M","M","R","?","R","T","?","$","E","R","M","R","B",null,"M","?","$","?","M","R","M","R","T","M","?","$","R","M","R","B",null,"M","?","M","$","M","R","E","R","E"],"character_chosen":"IRONCLAD","items_purchased":["Inflame","Bandage Up","Flame Barrier","Brimstone","Rage","Ghostly Armor","DollysMirror","Heavy Blade","Orrery","Prayer Wheel","Anchor"],"campfire_rested":3,"item_purchase_floors":[4,14,19,21,27,37,45,45,54,63,72],"current_hp_per_floor":[80,80,80,80,80,80,80,73,73,73,73,49,21,21,45,39,80,54,54,54,54,52,76,77,77,77,77,62,62,64,48,73,64,85,85,85,85,85,76,76,76,76,76,87,87,90,90,90,90,58,90,90,83,83,83,83,83,83,83,83,83,66,66,66,75,75,83,83,83,83,83,83,83,83,83,83,0,0],"gold":61,"neow_bonus":"","is_daily":false,"chose_seed":false,"campfire_upgraded":14,"win_rate":0.0,"timestamp":1609894314,"path_taken":["M","M","?","$","?","R","?","M","T","R","$","E","?","?","R","BOSS","M","$","?","$","M","R","E","R","T","?","?","R","M","M","R","BOSS","M","?","$","M","?","R","?","R","T","?","$","E","R","M","R","BOSS","M","?","$","?","M","R","M","R","T","M","?","$","R","M","R","BOSS","M","?","?","$","M","R","E","R","E"],"items_purchased_type":["Card","Card","Card","Relic","Card","Card","Relic","Card","Relic","Relic","Relic"],"build_version":"2020-12-22","purchased_purges":3,"victory":false,"max_hp_per_floor":[80,80,80,80,80,80,80,80,80,80,80,80,80,80,80,80,80,80,80,80,80,80,80,80,80,80,80,85,85,85,85,85,85,85,85,85,85,85,85,85,85,85,85,90,90,90,90,90,90,90,90,90,83,83,83,83,83,83,83,83,83,83,83,83,83,83,83,83,83,83,83,83,83,83,83,83,83,83],"card_choices":[{"not_picked":["Dark Embrace","Clash","Cleave"],"picked":"SKIP","floor":1},{"not_picked":["Havoc","Clothesline"],"picked":"Whirlwind","floor":2},{"not_picked":["Clothesline","Twin Strike","Sword Boomerang"],"picked":"SKIP","floor":7},{"not_picked":["Blood for Blood","Clash","Heavy Blade"],"picked":"SKIP","floor":8},{"not_picked":["Wild Strike","Corruption"],"picked":"Demon Form","floor":12},{"not_picked":["Iron Wave","Headbutt"],"picked":"Heavy Blade","floor":13},{"not_picked":["Corruption","Bludgeon"],"picked":"Impervious","floor":16},{"not_picked":["Pummel","Dropkick"],"picked":"Entrench","floor":18},{"not_picked":["Fire Breathing+1","Thunderclap","Clothesline+1"],"picked":"SKIP","floor":22},{"not_picked":["Perfected Strike+1","Clash"],"picked":"Metallicize+1","floor":24},{"not_picked":["Evolve","Headbutt","Pommel Strike"],"picked":"SKIP","floor":30},{"not_picked":["Twin Strike","Anger"],"picked":"Second Wind","floor":31},{"not_picked":["Demon Form","Juggernaut"],"picked":"Limit Break","floor":33},{"not_picked":["Combust","Infernal Blade+1","Hemokinesis"],"picked":"SKIP","floor":35},{"not_picked":["Rupture","Pommel Strike+1","Rampage"],"picked":"SKIP","floor":38},{"not_picked":["Intimidate+1","Burning Pact","Iron Wave"],"picked":"SKIP","floor":39},{"not_picked":["Headbutt+1","Pommel Strike"],"picked":"Second Wind+1","floor":46},{"not_picked":["Infernal Blade+1","Shockwave","Burning Pact+1"],"picked":"SKIP","floor":48},{"not_picked":["Bludgeon","Corruption"],"picked":"Impervious","floor":50},{"not_picked":["Evolve","Dark Embrace"],"picked":"Ghostly Armor","floor":52},{"not_picked":["Flame Barrier","Iron Wave"],"picked":"Body Slam","floor":54},{"not_picked":["Perfected Strike","Thunderclap"],"picked":"Double Tap","floor":54},{"not_picked":["Combust","Twin Strike"],"picked":"Body Slam","floor":54},{"not_picked":["Wild Strike","Sword Boomerang"],"picked":"Rage","floor":55},{"not_picked":["Ghostly Armor","Infernal Blade"],"picked":"Inflame","floor":56},{"not_picked":["Disarm","Wild Strike","Dropkick"],"picked":"SKIP","floor":58},{"not_picked":["Iron Wave","Sword Boomerang","Shrug It Off"],"picked":"SKIP","floor":61},{"not_picked":["True Grit","Perfected Strike"],"picked":"Heavy Blade","floor":65},{"not_picked":["Pommel Strike","Immolate","Warcry"],"picked":"SKIP","floor":65},{"not_picked":["Carnage","Clash"],"picked":"Inflame","floor":69},{"not_picked":["Iron Wave","Anger","Wild Strike"],"picked":"SKIP","floor":69},{"not_picked":["Clash","Sword Boomerang+1"],"picked":"Entrench","floor":71},{"not_picked":["Flex","Anger","Seeing Red+1"],"picked":"SKIP","floor":71},{"not_picked":["Thunderclap+1","Seeing Red+1","Combust"],"picked":"SKIP","floor":73},{"not_picked":["Rampage","Reaper","Perfected Strike"],"picked":"SKIP","floor":73},{"not_picked":["Whirlwind","Pommel Strike","Armaments"],"picked":"SKIP","floor":75}],"player_experience":253025,"relics_obtained":[{"floor":9,"key":"CeramicFish"},{"floor":12,"key":"MawBank"},{"floor":13,"key":"Ancient Tea Set"},{"floor":24,"key":"Happy Flower"},{"floor":26,"key":"Oddly Smooth Stone"},{"floor":41,"key":"Calipers"},{"floor":43,"key":"Bottled Lightning"},{"floor":44,"key":"Bird Faced Urn"},{"floor":46,"key":"Magic Flower"},{"floor":55,"key":"Odd Mushroom"},{"floor":60,"key":"The Courier"}],"event_choices":[{"cards_removed":["Strike_R"],"damage_healed":0,"gold_gain":0,"player_choice":"Card Removal","damage_taken":0,"max_hp_gain":0,"max_hp_loss":0,"event_name":"The Cleric","floor":3,"gold_loss":50},{"damage_healed":0,"gold_gain":0,"player_choice":"0 cards matched","damage_taken":0,"max_hp_gain":0,"max_hp_loss":0,"event_name":"Match and Keep!","floor":5,"gold_loss":0,"cards_obtained":[]},{"damage_healed":0,"gold_gain":0,"player_choice":"Searched \u00271\u0027 times","damage_taken":0,"max_hp_gain":0,"max_hp_loss":0,"event_name":"Dead Adventurer","floor":13,"gold_loss":0},{"damage_healed":0,"gold_gain":0,"player_choice":"Copied","damage_taken":0,"max_hp_gain":0,"max_hp_loss":0,"event_name":"Duplicator","floor":20,"gold_loss":0,"cards_obtained":["Demon Form"]},{"damage_healed":0,"gold_gain":0,"player_choice":"Shed Blood","damage_taken":20,"max_hp_gain":5,"max_hp_loss":0,"event_name":"Forgotten Altar","floor":28,"gold_loss":0},{"damage_healed":0,"gold_gain":0,"player_choice":"Ignored","damage_taken":0,"max_hp_gain":0,"max_hp_loss":0,"event_name":"NoteForYourself","floor":36,"gold_loss":0},{"damage_healed":0,"gold_gain":0,"player_choice":"Fight","damage_taken":0,"max_hp_gain":0,"max_hp_loss":0,"event_name":"Mysterious Sphere","floor":41,"gold_loss":0},{"damage_healed":0,"gold_gain":0,"player_choice":"Fight","damage_taken":0,"max_hp_gain":0,"max_hp_loss":0,"event_name":"MindBloom","floor":44,"gold_loss":0},{"damage_healed":0,"gold_gain":0,"player_choice":"Lose Max HP","damage_taken":0,"relics_obtained":["Golden Idol"],"max_hp_gain":0,"max_hp_loss":7,"event_name":"Golden Idol","floor":53,"gold_loss":0},{"damage_healed":0,"gold_gain":0,"player_choice":"Fought Mushrooms","damage_taken":0,"max_hp_gain":0,"max_hp_loss":0,"event_name":"Mushrooms","floor":55,"gold_loss":0},{"damage_healed":0,"gold_gain":0,"player_choice":"Entered Light","damage_taken":17,"max_hp_gain":0,"max_hp_loss":0,"event_name":"Shining Light","floor":62,"gold_loss":0,"cards_upgraded":["Entrench","Inflame"]},{"damage_healed":0,"gold_gain":0,"player_choice":"Cursed","damage_taken":0,"max_hp_gain":0,"max_hp_loss":0,"event_name":"Wheel of Change","floor":70,"gold_loss":0,"cards_obtained":["Decay"]}],"is_beta":false,"boss_relics":[{"not_picked":["Calling Bell","Black Star"],"picked":"Snecko Eye"},{"not_picked":["Fusion Hammer","Cursed Key"],"picked":"Mark of Pain"},{"not_picked":["Runic Dome","Busted Crown"],"picked":"Sozu"},{"not_picked":["Cursed Key","Pandora\u0027s Box"],"picked":"Black Blood"}],"items_purged_floors":[11,63,72],"is_endless":true,"potions_floor_spawned":[1,7,12,16,24,30,31,38,44,46,52,58,67,73,75],"killed_by":"Slavers","ascension_level":0}}