{"host":"tom9euzqew4po1rs","time":1609899975,"event":{"mods":["BaseMod","Minty Spire (QoL Compilation)","Quick Restart","Rare Cards Sparkle","Replay The Spire","StSLib","The Animator","The Cursed"],"gold_per_floor":[113,5,5,15,32,62,91,113,113,113,188,38,59,91,91,213,213,246,231,13,43,75,122,155,182,182,182,182,222,240,274,274,387,387,416,490,64,0,21,21,56,5,55,55,142,46,81,35,35,57,57],"floor_reached":50,"playtime":4177,"items_purged":[],"score":663,"play_id":"db14b727-a310-42d2-aaa0-681c565c4920","local_time":"20210105212615","is_ascension_mode":false,"campfire_choices":[{"floor":10,"key":"REST"},{"floor":15,"key":"RECALL"},{"floor":28,"key":"REST"},{"floor":32,"key":"REST"},{"data":"Chrysalis","floor":40,"key":"SMITH"},{"data":"Accuracy","floor":44,"key":"SMITH"},{"data":"Catalyst","floor":49,"key":"SMITH"}],"circlet_count":0,"master_deck":["Strike_G","Strike_G","Strike_G","Strike_G","Strike_G","Defend_G","Defend_G","Defend_G","Defend_G","Survivor","Neutralize","Slice","Outmaneuver+1","Backstab","Slice","Replay:Poison Smokescreen","Venomology","Blade Dance","Toxin Wave","Blur","Poison Darts","Outmaneuver+1","ReplayTheSpireMod:Speed Training","Pot Of Greed","Pot Of Greed","Pot Of Greed","Accuracy+1","Catalyst+1","Deflect","Outmaneuver","Envenom","Outmaneuver","Fluid Movement","Deadly Poison","Blade Dance","Envenom","ReplayTheSpireMod:Scrap Shanks+1","Prepared","Pot Of Greed","Good Instincts","Chrysalis+1","Impatience","ReplayTheSpireMod:Brewmster","Blade Dance+1","Blade Dance","Calculated Gamble+1","Well Laid Plans","Trip","Draining Mist","Prepared"],"relics":["Ring of the Serpent","Replay:Rubber Ducky","Replay:Bandana","Kunai","Toy Ornithopter","Grinning Jar","TungstenRod","White Beast Statue","CaptainsWheel","Replay:Bronze Core","Tough Bandages","ReplayTheSpireMod:ShopPack","Bronze Scales","Red Mask"],"acts_visited":["Exordium","TheCity","TheBeyond"],"potions_floor_usage":[8,13,16,16,18,18,19,21,21,22,22,23,23,24,25,25,29,30,30,31,33,33,35,36,39,39,39,41,41,41,41,47,47,47,47,47,50,50,50,50],"damage_taken":[{"damage":0,"enemies":"Jaw Worm","floor":1,"turns":6},{"damage":3,"enemies":"2 Louse","floor":4,"turns":2},{"damage":2,"enemies":"Small Slimes","floor":5,"turns":3},{"damage":23,"enemies":"Gremlin Nob","floor":6,"turns":5},{"damage":5,"enemies":"Red Slaver","floor":7,"turns":3},{"damage":0,"enemies":"Gremlin Gang","floor":8,"turns":2},{"damage":0,"enemies":"Looter","floor":13,"turns":2},{"damage":1,"enemies":"Large Slime","floor":14,"turns":6},{"damage":25,"enemies":"Slime Boss","floor":16,"turns":14},{"damage":0,"enemies":"Shell Parasite","floor":18,"turns":5},{"damage":25,"enemies":"2 Thieves","floor":19,"turns":5},{"damage":18,"enemies":"3 Cultists","floor":21,"turns":6},{"damage":50,"enemies":"Sentry and Sphere","floor":22,"turns":8},{"damage":0,"enemies":"Gremlin Leader","floor":23,"turns":6},{"damage":16,"enemies":"Cultist and Chosen","floor":24,"turns":9},{"damage":0,"enemies":"Centurion and Healer","floor":25,"turns":5},{"damage":23,"enemies":"Book of Stabbing","floor":29,"turns":6},{"damage":0,"enemies":"3 Cultists","floor":30,"turns":5},{"damage":20,"enemies":"Snake Plant","floor":31,"turns":4},{"damage":52,"enemies":"Champ","floor":33,"turns":15},{"damage":5,"enemies":"3 Darklings","floor":35,"turns":9},{"damage":13,"enemies":"Mind Bloom Boss Battle","floor":36,"turns":8},{"damage":3,"enemies":"3 Shapes","floor":39,"turns":6},{"damage":0,"enemies":"Maw","floor":41,"turns":8},{"damage":0,"enemies":"4 Shapes","floor":47,"turns":5},{"damage":99,"enemies":"Donu and Deca","floor":50,"turns":8}],"seed_played":"-4554987319851316054","potions_obtained":[{"floor":5,"key":"Elixir"},{"floor":7,"key":"Toxic Potion"},{"floor":16,"key":"Toxic Potion"},{"floor":18,"key":"Adrenaline Potion"},{"floor":22,"key":"Dexterity Potion"},{"floor":24,"key":"PowerPotion"},{"floor":29,"key":"FearPotion"},{"floor":30,"key":"BlessingOfTheForge"},{"floor":31,"key":"Fire Potion"},{"floor":33,"key":"SteroidPotion"},{"floor":35,"key":"LiquidBronze"},{"floor":36,"key":"Regen Potion"},{"floor":39,"key":"Milkshake"},{"floor":41,"key":"Fire Potion"},{"floor":47,"key":"AttackPotion"}],"is_trial":false,"path_per_floor":["M","$","?","M","M","E","M","M","T","R","?","$","M","M","R","B",null,"M","M","$","M","M","E","M","M","T","?","R","E","M","M","R","B",null,"M","?","$","?","M","R","M","$","T","R","?","$","M","$","R","B"],"character_chosen":"THE_SILENT","items_purchased":["Outmaneuver+1","Backstab","Toy Ornithopter","Grinning Jar","Accuracy","ReplayTheSpireMod:ShopPack","Bronze Scales","Regen Potion","Good Instincts","Blade Dance","Trip","Prepared"],"campfire_rested":3,"item_purchase_floors":[2,2,12,20,20,37,37,37,37,42,46,48],"current_hp_per_floor":[77,77,70,67,65,42,37,37,37,60,49,49,54,53,53,38,77,77,52,52,44,4,26,15,25,25,25,48,30,40,25,48,6,77,72,64,64,64,77,77,77,77,77,77,48,48,77,77,77,0,0],"gold":57,"neow_bonus":"TEN_PERCENT_HP_BONUS","is_daily":false,"chose_seed":false,"campfire_upgraded":3,"win_rate":0.0,"timestamp":1609899975,"path_taken":["M","$","?","M","M","E","M","M","T","R","?","$","M","?","R","BOSS","M","M","$","M","M","E","M","M","T","?","R","E","?","?","R","BOSS","M","?","$","?","M","R","M","$","T","R","?","$","M","?","R","BOSS"],"items_purchased_type":["Card","Card","Relic","Relic","Card","Relic","Relic","Potion","Card","Card","Card","Card"],"build_version":"2020-12-22","purchased_purges":0,"victory":false,"max_hp_per_floor":[77,77,77,77,77,77,77,77,77,77,77,77,77,77,77,77,77,77,77,77,77,77,77,77,77,77,77,77,77,77,77,77,77,77,77,77,77,77,77,77,77,77,77,77,77,77,77,77,77,77,77],"card_choices":[{"not_picked":["Flying Knee","Acrobatics"],"picked":"Slice","floor":1},{"not_picked":["Dodge and Roll","Dagger Throw"],"picked":"Slice","floor":4},{"not_picked":["Dagger Throw","Flying Knee"],"picked":"Replay:Poison Smokescreen","floor":5},{"not_picked":["Poisoned Stab","ReplayTheSpireMod:Exploit Weakness"],"picked":"Venomology","floor":6},{"not_picked":["Dagger Throw","Riddle With Holes"],"picked":"Blade Dance","floor":7},{"not_picked":["Escape Plan","Reflex"],"picked":"Toxin Wave","floor":8},{"not_picked":["ReplayTheSpireMod:Tripwire","Flying Knee","Predator"],"picked":"SKIP","floor":13},{"not_picked":["Blade Dance","Quick Slash"],"picked":"Blur","floor":14},{"not_picked":["Bullet Time","Malaise"],"picked":"Poison Darts","floor":16},{"not_picked":["Terror","Acrobatics"],"picked":"Outmaneuver+1","floor":18},{"not_picked":["Cloak And Dagger","Outmaneuver"],"picked":"ReplayTheSpireMod:Speed Training","floor":19},{"not_picked":["Dagger Throw","Well Laid Plans"],"picked":"Catalyst","floor":21},{"not_picked":["Dagger Spray","Dagger Throw"],"picked":"Deflect","floor":22},{"not_picked":["Heel Hook","Reflex"],"picked":"Outmaneuver","floor":23},{"not_picked":["Footwork+1","ReplayTheSpireMod:Speed Training+1"],"picked":"Envenom","floor":24},{"not_picked":["Quick Slash","Prepared"],"picked":"Outmaneuver","floor":25},{"not_picked":["Deadly Poison+1","Underhanded Strike"],"picked":"Fluid Movement","floor":29},{"not_picked":["All Out Attack+1","Flying Knee"],"picked":"Deadly Poison","floor":30},{"not_picked":["ReplayTheSpireMod:Scrap Shanks+1","Bane"],"picked":"Blade Dance","floor":31},{"not_picked":["Adrenaline","ReplayTheSpireMod:Necrosis"],"picked":"Envenom","floor":33},{"not_picked":["Dodge and Roll","Cloak And Dagger+1"],"picked":"ReplayTheSpireMod:Scrap Shanks+1","floor":35},{"not_picked":["Underhanded Strike+1","ReplayTheSpireMod:Exploit Weakness"],"picked":"Prepared","floor":36},{"not_picked":["Metamorphosis","ReplayTheSpireMod:Necrogeddon"],"picked":"Chrysalis","floor":37},{"not_picked":["Mayhem","Midas Touch"],"picked":"Impatience","floor":37},{"not_picked":["Mind Blast","Mayhem"],"picked":"ReplayTheSpireMod:Brewmster","floor":37},{"not_picked":["Deadly Poison","Flying Knee+1"],"picked":"Blade Dance+1","floor":39},{"not_picked":["Underhanded Strike+1","Bane+1","Dagger Spray"],"picked":"SKIP","floor":41},{"not_picked":["All Out Attack","Tools of the Trade"],"picked":"Calculated Gamble+1","floor":45},{"not_picked":["Underhanded Strike+1","ReplayTheSpireMod:Shiv Toss+1"],"picked":"Well Laid Plans","floor":45},{"not_picked":["PiercingWail+1","Poisoned Stab"],"picked":"Draining Mist","floor":47}],"player_experience":61028,"relics_obtained":[{"floor":6,"key":"Replay:Bandana"},{"floor":9,"key":"Kunai"},{"floor":23,"key":"TungstenRod"},{"floor":26,"key":"White Beast Statue"},{"floor":29,"key":"CaptainsWheel"},{"floor":36,"key":"Tough Bandages"}],"event_choices":[{"damage_healed":0,"gold_gain":0,"player_choice":"Success","damage_taken":7,"relics_obtained":["Replay:Rubber Ducky"],"max_hp_gain":0,"max_hp_loss":0,"event_name":"Scrap Ooze","floor":3,"gold_loss":0},{"damage_healed":0,"gold_gain":75,"player_choice":"Gather Gold","damage_taken":11,"max_hp_gain":0,"max_hp_loss":0,"event_name":"World of Goop","floor":11,"gold_loss":0},{"cards_removed":["Defend_G"],"damage_healed":0,"gold_gain":0,"player_choice":"Card Removal","damage_taken":0,"max_hp_gain":0,"max_hp_loss":0,"event_name":"Wheel of Change","floor":27,"gold_loss":0},{"damage_healed":0,"gold_gain":0,"player_choice":"Fight","damage_taken":0,"max_hp_gain":0,"max_hp_loss":0,"event_name":"MindBloom","floor":36,"gold_loss":0},{"damage_healed":0,"gold_gain":0,"player_choice":"Paid","damage_taken":0,"relics_obtained":["Red Mask"],"max_hp_gain":0,"max_hp_loss":0,"event_name":"Tomb of Lord Red Mask","floor":38,"gold_loss":64}],"is_beta":false,"boss_relics":[{"not_picked":["Replay:Drink Me","Coffee Dripper"],"picked":"Ring of the Serpent"},{"not_picked":["SacredBark","Astrolabe"],"picked":"Replay:Bronze Core"}],"items_purged_floors":[],"is_endless":false,"potions_floor_spawned":[5,7,16,18,22,24,29,30,31,33,35,36,39,41,47],"killed_by":"Donu and Deca","ascension_level":0}}