{"host":"wj90f2q0h2omert0","time":1609968007,"event":{"mods":["BaseMod","Beaked The Cultist","Better Third Choice","ChefMod","Clawfect","Colored Map","DeckTracker","Downfall","Hubris","JesterMod","Minty Spire (QoL Compilation)","Relic Stats","Robot Space Explorer","Shade Mod","StSLib","The Blackbeard","The Caster","The Dragon Tamer","The Druid"],"gold_per_floor":[116,30,30,47,47,64,64,64,89,100,200,220,236,247,247,351,401,417,435,435,435,445,445,465,483,483,483,496,509,46,46,46,46,46],"floor_reached":33,"playtime":2162,"items_purged":[],"score":243,"play_id":"62cf37d0-5b68-4c04-8eb1-174f4fd1f081","local_time":"20210106162007","is_ascension_mode":false,"campfire_choices":[{"data":"Shade:Carnophage","floor":8,"key":"SMITH"},{"data":"Shade:GreaterAnimation","floor":15,"key":"SMITH"},{"floor":23,"key":"REST"},{"floor":27,"key":"REST"},{"data":"Shade:GreaterAnimation","floor":32,"key":"SMITH"}],"circlet_count":0,"master_deck":["Shade:Strike_Shade","Shade:Strike_Shade","Shade:Strike_Shade","Shade:Strike_Shade","Shade:Defend_Shade","Shade:Defend_Shade","Shade:Defend_Shade","Shade:Defend_Shade","Shade:AnimateDead","Shade:CarefulCut","Shade:CoffinDance","Shade:Carnophage","Shade:Carnophage+1","Shade:GreaterAnimation+1","Shade:SkeletonArmy+1","Shade:CoffinDance","Shade:GreaterAnimation+1","Shade:CommandSoldier","Shade:Brains","Shade:CommandSoldier","Shade:Trample","Shade:PressTheAttack","hubris:DuctTapeCard","Shade:GoDigging+1","Shade:FleshToFlesh+1","Shade:Brains"],"relics":["Shade:YorickSkull","NeowsBlessing","Gremlin Horn","Bag of Marbles","Tiny House","Nilry\u0027s Codex","Anchor","hubris:DuctTape","Lee\u0027s Waffle","HornCleat","hubris:BottledHeart"],"acts_visited":["Exordium","TheCity"],"potions_floor_usage":[16,16,16,29,29,29],"damage_taken":[{"damage":0,"enemies":"2 Louse","floor":1,"turns":1},{"damage":0,"enemies":"Small Slimes","floor":4,"turns":1},{"damage":0,"enemies":"Jaw Worm","floor":6,"turns":1},{"damage":0,"enemies":"2 Fungi Beasts","floor":10,"turns":5},{"damage":1,"enemies":"Gremlin Gang","floor":12,"turns":2},{"damage":5,"enemies":"Lots of Slimes","floor":13,"turns":5},{"damage":9,"enemies":"2 Fungi Beasts","floor":14,"turns":3},{"damage":20,"enemies":"Hexaghost","floor":16,"turns":14},{"damage":6,"enemies":"Chosen","floor":18,"turns":5},{"damage":0,"enemies":"3 Byrds","floor":19,"turns":2},{"damage":7,"enemies":"Snake Plant","floor":22,"turns":6},{"damage":8,"enemies":"Snecko","floor":24,"turns":4},{"damage":31,"enemies":"Centurion and Healer","floor":25,"turns":10},{"damage":17,"enemies":"Snake Plant","floor":28,"turns":6},{"damage":5,"enemies":"Sentry and Sphere","floor":29,"turns":6},{"damage":16,"enemies":"Collector","floor":33,"turns":7}],"seed_played":"-8629384533416753416","potions_obtained":[{"floor":4,"key":"Slimebound:ThreeZeroPotion"},{"floor":6,"key":"LiquidMemories"},{"floor":14,"key":"AttackPotion"},{"floor":16,"key":"DistilledChaos"},{"floor":17,"key":"SneckoOil"},{"floor":22,"key":"BlessingOfTheForge"},{"floor":28,"key":"hexamod:EctoCoolerPotion"}],"is_trial":false,"path_per_floor":["M","$","?","M","?","M","T","R","T","M","?","M","M","M","R","B",null,"M","M","?","?","M","R","M","M","T","R","M","M","$","?","R","B"],"character_chosen":"SHADE","items_purchased":["Shade:Carnophage","Shade:WallOfFlesh","Lee\u0027s Waffle","Shade:Brains","HornCleat"],"campfire_rested":2,"item_purchase_floors":[2,2,30,30,30],"current_hp_per_floor":[65,65,65,65,58,58,58,58,58,58,58,57,52,43,43,23,70,64,64,48,41,34,55,47,16,16,37,20,15,77,1,1,0,0],"gold":46,"neow_bonus":"THREE_ENEMY_KILL","is_daily":false,"chose_seed":false,"campfire_upgraded":3,"win_rate":0.0,"timestamp":1609968007,"path_taken":["M","$","?","M","?","M","?","R","T","M","?","M","?","?","R","BOSS","M","M","?","?","M","R","?","M","T","R","M","M","$","?","R","BOSS"],"items_purchased_type":["Card","Card","Relic","Card","Relic"],"build_version":"2020-12-22","purchased_purges":0,"victory":false,"max_hp_per_floor":[65,65,65,65,65,65,65,65,65,65,65,65,65,65,65,65,70,70,70,70,70,70,70,70,70,70,70,70,70,77,1,1,1,1],"relic_stats":{"Lee\u0027s Waffle":62,"Gremlin Horn":[12,12],"counters":[16,77],"obtain_stats":[{"Anchor":21,"Lee\u0027s Waffle":30,"Tiny House":17,"HornCleat":30,"NeowsBlessing":0,"Gremlin Horn":7,"hubris:DuctTape":26,"Shade:YorickSkull":0,"Nilry\u0027s Codex":20,"hubris:BottledHeart":31,"Bag of Marbles":9},{"Anchor":10,"Lee\u0027s Waffle":15,"Tiny House":8,"HornCleat":15,"NeowsBlessing":0,"Gremlin Horn":3,"hubris:DuctTape":13,"Shade:YorickSkull":0,"Nilry\u0027s Codex":10,"hubris:BottledHeart":15,"Bag of Marbles":3},{"Anchor":38,"Lee\u0027s Waffle":70,"Tiny House":31,"HornCleat":70,"NeowsBlessing":0,"Gremlin Horn":3,"hubris:DuctTape":58,"Shade:YorickSkull":0,"Nilry\u0027s Codex":38,"hubris:BottledHeart":70,"Bag of Marbles":3}]},"card_choices":[{"not_picked":["Shade:ClawBack","Shade:GraveStillness"],"picked":"Shade:CoffinDance","floor":1},{"not_picked":["Shade:FreshBones","Shade:ClawBack"],"picked":"Shade:Carnophage","floor":4},{"not_picked":["Shade:Haruspicy","Shade:PressTheAttack"],"picked":"Shade:WallOfFlesh","floor":6},{"not_picked":["Shade:ExtraLimbs","Shade:AncientSpear"],"picked":"Shade:GreaterAnimation","floor":10},{"not_picked":["Shade:Trample","Shade:Bonestorm"],"picked":"Shade:SkeletonArmy","floor":12},{"not_picked":["Shade:FeralStrike","Shade:SpontaneousRitual","Shade:ClawBack"],"picked":"SKIP","floor":13},{"not_picked":["Shade:Frenzy","Shade:SkeletonArmy"],"picked":"Shade:CoffinDance","floor":14},{"not_picked":["Shade:OminousRitual","Shade:SelfBurial"],"picked":"Shade:GreaterAnimation","floor":16},{"not_picked":["Shade:GraveStillness","Shade:FuneraryArmor"],"picked":"Shade:CommandSoldier","floor":17},{"not_picked":["Shade:Awaken+1","Shade:WallOfFlesh"],"picked":"Shade:Brains","floor":18},{"not_picked":["Shade:StitchTogether","Shade:CallWraith"],"picked":"Shade:CommandSoldier","floor":19},{"not_picked":["Shade:LyeBath","Shade:Bonestorm"],"picked":"Shade:Trample","floor":22},{"not_picked":["Shade:CallOfTheGrave","Shade:Haruspicy+1"],"picked":"Shade:PressTheAttack","floor":24},{"not_picked":["Shade:Excise","Shade:BoneShards","Shade:DangerousRitual+1"],"picked":"SKIP","floor":25},{"not_picked":["Shade:AncientSpear","Shade:ExtraLimbs"],"picked":"Shade:GoDigging+1","floor":28},{"not_picked":["Shade:ExtraLimbs","Shade:Frenzy"],"picked":"Shade:FleshToFlesh+1","floor":29}],"player_experience":665490,"relics_obtained":[{"floor":7,"key":"Gremlin Horn"},{"floor":9,"key":"Bag of Marbles"},{"floor":20,"key":"Nilry\u0027s Codex"},{"floor":26,"key":"hubris:DuctTape"}],"event_choices":[{"damage_healed":65,"gold_gain":0,"player_choice":"Embrace Burn","damage_taken":0,"max_hp_gain":0,"max_hp_loss":65,"event_name":"betterThird:BetterShining","floor":3,"gold_loss":0},{"cards_removed":["Burn"],"damage_healed":0,"gold_gain":0,"player_choice":"Card Removal","damage_taken":7,"max_hp_gain":0,"max_hp_loss":0,"event_name":"Golden Wing","floor":5,"gold_loss":0},{"damage_healed":0,"gold_gain":100,"player_choice":"Pray","damage_taken":0,"max_hp_gain":0,"max_hp_loss":0,"event_name":"Golden Shrine","floor":11,"gold_loss":0},{"damage_healed":0,"gold_gain":0,"player_choice":"Obtained Book","damage_taken":16,"max_hp_gain":0,"max_hp_loss":0,"event_name":"Cursed Tome","floor":20,"gold_loss":0},{"damage_healed":0,"gold_gain":0,"player_choice":"Anchor","damage_taken":0,"relics_obtained":["Anchor"],"max_hp_gain":0,"max_hp_loss":0,"event_name":"blackbeard:ShipwreckEvent","floor":21,"gold_loss":0}],"is_beta":false,"boss_relics":[{"not_picked":["Sozu","Cursed Key"],"picked":"Tiny House"}],"items_purged_floors":[],"is_endless":false,"potions_floor_spawned":[4,6,14,16,22,25,28],"killed_by":"Collector","ascension_level":0}}