{"host":"n7mxhpjy89lltbhc","time":1609936366,"event":{"mods":["2.2 Compatiblity","Act Like it!","Bard","BaseMod","Better Match","Better Sensory Stone","Better Synergies","Better Third Choice","Better Vampires","BetterRewards","Challenge The Spire","Colored Map","Colored Powertips","Downfall","Gensokyo","Hubris","Infinite Spire","Jedi Mod","Marisa????????","Marked Mod","Minty Spire (QoL Compilation)","Permanent Neow","Rare Cards Sparkle","Relic Sorter","Relic Stats","Replay The Spire","Shop Mod","Small Relic Pack","Spicy Shops","StSLib","Strawberry Spire","The Blue Laboratory","The Disciple","The Marked","The Servant 0.9.4","Uncapped","Waifu the Spire","Wandering Minibosses","vexMod"],"gold_per_floor":[116,116,129,155,155,155,347,380,380,412,412,427,53,3,3,78,78,89,103,119,9,26,52,52,86,86,86,96,96,96,130,130,207,207,234,141,165,197,400,400,448,475,475,51,83,112,112,145,145,345],"floor_reached":51,"playtime":2178,"items_purged":["Strike_MRS","Strike_MRS","ChargeUpSpray","Clumsy","Replay:SS_fish_1"],"score":1797,"play_id":"9215c9f8-dff0-42ca-8586-502876414278","local_time":"25640106193246","is_ascension_mode":true,"campfire_choices":[{"floor":6.0,"key":"REST"},{"data":"OortCloud","floor":11.0,"key":"SMITH"},{"data":"OortCloud","floor":15.0,"key":"SMITH"},{"floor":27.0,"key":"REST"},{"data":"MilkyWay","floor":29.0,"key":"SMITH"},{"floor":32.0,"key":"REST"},{"data":"OrrerysSun","floor":40.0,"key":"SMITH"},{"data":"EarthLightRay","floor":47,"key":"SMITH"},{"floor":49,"key":"REST"}],"circlet_count":0,"master_deck":["AscendersBane","MasterSpark","UpSweep","ShootingEcho+1","WitchLeyline","FinalSpark","OortCloud+1","OortCloud+1","MillisecondPulsars","MilkyWay+1","AsteroidBelt","BlazeAway","Orbital","MeteoricShower+1","Parasite","Parasite","CollectingQuirk","UltimateShortwave","WitchOfGreed","OrrerysSun+1","ShootTheMoon","6A","AsteroidBelt","SporeBomb+1","GravityBeat+1","DoubleSpark+1","SuperPerseids","Acceleration","EarthLightRay+1","Flash of Steel","Finesse"],"relics":["MiniHakkero","vexMod:RedPlottingStone","hubris:Towel","Pen Nib","relicPack:DSword","vexMod:Dragonfruit","Replay:Bottled Steam","Oddly Smooth Stone","Membership Card","jedi:crownofsimplicity","OrangePellets","strawberrySpire:SolarisEssence","strawberrySpire:ElefentMask","Ornamental Fan","jedi:HeartOfTheCards","ShroomBag","Pandora\u0027s Box","wanderingMiniBosses:LockLocket","Blue Doll","ReplayTheSpireMod:Ninjato","infinitespire:Golems Mask","Anchor","Orrery","Whetstone","Lantern"],"acts_visited":["Exordium","TheCity","TheBeyond"],"potions_floor_usage":[41,42,50],"damage_taken":[{"damage":0.0,"enemies":"2 Louse","floor":1.0,"turns":2.0},{"damage":7.0,"enemies":"Jaw Worm","floor":3.0,"turns":3.0},{"damage":9.0,"enemies":"Small Slimes","floor":7.0,"turns":6.0},{"damage":0.0,"enemies":"Gremlin Nob","floor":8.0,"turns":2.0},{"damage":9.0,"enemies":"3 Sentries","floor":10.0,"turns":5.0},{"damage":10.0,"enemies":"Exordium Thugs","floor":12.0,"turns":4.0},{"damage":0.0,"enemies":"The Guardian","floor":16.0,"turns":6.0},{"damage":0.0,"enemies":"Chosen","floor":18.0,"turns":3.0},{"damage":0.0,"enemies":"Spheric Guardian","floor":19.0,"turns":3.0},{"damage":2.0,"enemies":"3 Cultists","floor":20.0,"turns":5.0},{"damage":9.0,"enemies":"Shelled Parasite and Fungi","floor":22.0,"turns":4.0},{"damage":21.0,"enemies":"Book of Stabbing","floor":23.0,"turns":5.0},{"damage":18.0,"enemies":"strawberrySpire:AncientClocktower","floor":25.0,"turns":4.0},{"damage":0.0,"enemies":"Sentry and Sphere","floor":28.0,"turns":4.0},{"damage":19.0,"enemies":"Nightmare","floor":31.0,"turns":5.0},{"damage":7.0,"enemies":"Champ","floor":33.0,"turns":7.0},{"damage":5.0,"enemies":"3 Shapes","floor":35.0,"turns":4.0},{"damage":7.0,"enemies":"3 Darklings","floor":37.0,"turns":4.0},{"damage":0.0,"enemies":"Maw","floor":38.0,"turns":4.0},{"damage":25.0,"enemies":"Transient","floor":39.0,"turns":6.0},{"damage":13,"enemies":"Nemesis","floor":41,"turns":7},{"damage":17,"enemies":"Jaw Worm Horde","floor":42,"turns":3},{"damage":0,"enemies":"3 Darklings","floor":45,"turns":2},{"damage":0,"enemies":"Nightmare","floor":46,"turns":3},{"damage":1,"enemies":"strawberrySpire:EssenceStones","floor":48,"turns":3},{"damage":26,"enemies":"Awakened One","floor":50,"turns":6}],"seed_played":"-5841916516414180944","potions_obtained":[{"floor":1.0,"key":"blueLaboratory:BottledHope"},{"floor":3.0,"key":"BlessingOfTheForge"},{"floor":8.0,"key":"Guardian:BlockOnCardUsePotion"},{"floor":18.0,"key":"PowerPotion"},{"floor":28.0,"key":"Guardian:BlockOnCardUsePotion"},{"floor":35.0,"key":"PowerPotion"},{"floor":38.0,"key":"Strength Potion"},{"floor":41,"key":"Weak Potion"},{"floor":42,"key":"ShroomBrew"},{"floor":42,"key":"LifebloodPotion"}],"is_trial":false,"path_per_floor":["M","?","M","T","?","R","M","E","T","E","R","M","$","$","R_BF","B",null,"M","M","M","?","M","E","?","E","T","R","M","R","$","NM","R","B",null,"M","$","M","M","M","R","E","M","T","$","M","NM","R","E","R","B",null],"character_chosen":"MARISA","items_purchased":["Membership Card","jedi:crownofsimplicity","OrangePellets","AsteroidBelt","infinitespire:Golems Mask","Anchor","Orrery","Acceleration"],"campfire_rested":4,"item_purchase_floors":[13,13,13,36,44,44,44,44],"current_hp_per_floor":[63,63,56,56,21,42,33,38,38,29,29,19,19,19,19,19,61,61,61,59,59,50,29,29,11,11,33,33,33,33,14,36,33,65,62,62,59,63,44,44,37,20,20,20,20,24,24,33,55,59],"gold":345,"neow_bonus":"RANDOM_COLORLESS","is_daily":false,"chose_seed":false,"campfire_upgraded":5,"win_rate":0.0,"timestamp":1609936366,"path_taken":["M","?","M","?","?","R","M","E","T","E","R","M","?","$","R_BF","BOSS","M","M","M","?","?","E","?","E","T","R","M","R","$","NM","R","BOSS","M","$","M","M","M","R","E","M","T","$","M","NM","R","E","R","BOSS"],"items_purchased_type":["Relic","Relic","Relic","Card","Relic","Relic","Relic","Card"],"build_version":"2020-12-22","purchased_purges":5,"victory":true,"max_hp_per_floor":[70,70,70,70,70,70,70,75,75,75,75,75,75,75,75,75,75,75,75,75,75,75,75,75,75,75,75,75,75,75,75,75,75,75,75,75,75,75,75,75,75,75,75,75,75,75,75,75,75,85],"relic_stats":{"OrangePellets":[8],"counters":[26,110],"Ornamental Fan":[76],"Pandora\u0027s Box":["WitchOfGreed","ChargeUpSpray","OrrerysSun","ShootTheMoon","6A"],"Pen Nib":[20],"Whetstone":["ShootingEcho","MeteoricShower"],"obtain_stats":[{"strawberrySpire:SolarisEssence":17,"Lantern":50,"relicPack:DSword":5,"Blue Doll":41,"Whetstone":46,"vexMod:RedPlottingStone":48,"infinitespire:Golems Mask":44,"wanderingMiniBosses:LockLocket":39,"strawberrySpire:ElefentMask":23,"Replay:Bottled Steam":9,"ReplayTheSpireMod:Ninjato":43,"Oddly Smooth Stone":10,"Pen Nib":4,"jedi:crownofsimplicity":13,"hubris:Towel":2,"jedi:HeartOfTheCards":26,"vexMod:Dragonfruit":8,"OrangePellets":13,"ShroomBag":31,"Anchor":44,"Ornamental Fan":25,"Orrery":44,"Pandora\u0027s Box":34,"MiniHakkero":0,"Membership Card":13},{"strawberrySpire:SolarisEssence":7,"Lantern":25,"relicPack:DSword":2,"Blue Doll":21,"Whetstone":24,"vexMod:RedPlottingStone":25,"infinitespire:Golems Mask":22,"wanderingMiniBosses:LockLocket":20,"strawberrySpire:ElefentMask":12,"Replay:Bottled Steam":4,"ReplayTheSpireMod:Ninjato":22,"Oddly Smooth Stone":5,"Pen Nib":2,"jedi:crownofsimplicity":6,"hubris:Towel":1,"jedi:HeartOfTheCards":13,"vexMod:Dragonfruit":4,"OrangePellets":6,"ShroomBag":15,"Anchor":22,"Ornamental Fan":13,"Orrery":22,"Pandora\u0027s Box":16,"MiniHakkero":0,"Membership Card":6},{"strawberrySpire:SolarisEssence":28,"Lantern":104,"relicPack:DSword":5,"Blue Doll":93,"Whetstone":101,"vexMod:RedPlottingStone":104,"infinitespire:Golems Mask":96,"wanderingMiniBosses:LockLocket":86,"strawberrySpire:ElefentMask":48,"Replay:Bottled Steam":13,"ReplayTheSpireMod:Ninjato":96,"Oddly Smooth Stone":18,"Pen Nib":5,"jedi:crownofsimplicity":22,"hubris:Towel":2,"jedi:HeartOfTheCards":52,"vexMod:Dragonfruit":13,"OrangePellets":22,"ShroomBag":61,"Anchor":96,"Ornamental Fan":52,"Orrery":96,"Pandora\u0027s Box":68,"MiniHakkero":0,"Membership Card":22}]},"card_choices":[{"not_picked":["Replay:SS_hec_1","Panacea"],"picked":"Replay:SS_fish_1","floor":0.0},{"not_picked":["EventHorizon","PulseMagic"],"picked":"ShootingEcho","floor":1.0},{"not_picked":["MysteriousBeam","EnergyRecoil"],"picked":"WitchLeyline","floor":3.0},{"not_picked":["MagicAbsorber","6A"],"picked":"FinalSpark","floor":7.0},{"not_picked":["PowerUp","EnergyFlow"],"picked":"OortCloud","floor":8.0},{"not_picked":["GalacticHalo","PulseMagic"],"picked":"OortCloud","floor":10.0},{"not_picked":["SporeBomb","BlazingStar","Acceleration"],"picked":"SKIP","floor":12.0},{"not_picked":["BlazingStar","AbsoluteMagnitude"],"picked":"MillisecondPulsars","floor":16.0},{"not_picked":["Acceleration","NonDirectionalLaser"],"picked":"MilkyWay","floor":18.0},{"not_picked":["DoubleSpark","Acceleration","OpenUniverse"],"picked":"SKIP","floor":19.0},{"not_picked":["UnstableBomb","NonDirectionalLaser+1"],"picked":"AsteroidBelt","floor":20.0},{"not_picked":["ShootingEcho","PowerUp"],"picked":"BlazeAway","floor":22.0},{"not_picked":["SporeBomb+1","LuminesStrike"],"picked":"Orbital","floor":23.0},{"not_picked":["UnstableBomb+1","WitchOfGreed"],"picked":"MeteoricShower","floor":25.0},{"not_picked":["WitchOfGreed","UnstableBomb","SprinkleStarSeal"],"picked":"SKIP","floor":28.0},{"not_picked":["WitchOfGreed","UnstableBomb","SprinkleStarSeal"],"picked":"SKIP","floor":28.0},{"not_picked":["6A","MysteriousBeam"],"picked":"CollectingQuirk","floor":31.0},{"not_picked":["StarDustReverie","AbsoluteMagnitude"],"picked":"UltimateShortwave","floor":33.0},{"not_picked":["MysteriousBeam","DarkSpark","MagicChant"],"picked":"SKIP","floor":35.0},{"not_picked":["MysteriousBeam","ChargeUpSpray+1"],"picked":"SporeBomb+1","floor":37.0},{"not_picked":["StarlightTyphoon","SporeBomb","ShootTheMoon"],"picked":"SKIP","floor":38.0},{"not_picked":["AsteroidBelt","DC+1","EscapeVelocity"],"picked":"SKIP","floor":39.0},{"not_picked":["GalacticHalo","SporeBomb","MilkyWay"],"picked":"SKIP","floor":41},{"not_picked":["Robbery","PulseMagic","DoubleSpark"],"picked":"SKIP","floor":42},{"not_picked":["EventHorizon","MysteriousBeam+1"],"picked":"GravityBeat+1","floor":44},{"not_picked":["EnergyFlow","TreasureHunter"],"picked":"DoubleSpark+1","floor":44},{"not_picked":["WitchOfGreed+1","OneTimeOff+1"],"picked":"SuperPerseids","floor":44},{"not_picked":["WitchOfGreed","SporeBomb","WitchLeyline"],"picked":"SKIP","floor":45},{"not_picked":["AsteroidBelt","NonDirectionalLaser"],"picked":"EarthLightRay","floor":46},{"not_picked":["DarkSpark","PowerUp","WitchLeyline+1"],"picked":"SKIP","floor":48}],"player_experience":1032598,"relics_obtained":[{"floor":4.0,"key":"Pen Nib"},{"floor":8.0,"key":"vexMod:Dragonfruit"},{"floor":9.0,"key":"Replay:Bottled Steam"},{"floor":10.0,"key":"Oddly Smooth Stone"},{"floor":23.0,"key":"strawberrySpire:ElefentMask"},{"floor":25.0,"key":"Ornamental Fan"},{"floor":26.0,"key":"jedi:HeartOfTheCards"},{"floor":31.0,"key":"ShroomBag"},{"floor":39.0,"key":"wanderingMiniBosses:LockLocket"},{"floor":41,"key":"Blue Doll"},{"floor":43,"key":"ReplayTheSpireMod:Ninjato"},{"floor":46,"key":"Whetstone"},{"floor":48,"key":"vexMod:RedPlottingStone"}],"event_choices":[{"cards_removed":["Defend_MRS"],"damage_healed":0.0,"max_hp_gain":0.0,"max_hp_loss":0.0,"gold_gain":0.0,"event_name":"Designer","player_choice":"Upgrade and Remove","floor":21.0,"gold_loss":110.0,"damage_taken":0.0,"cards_upgraded":["Strike_MRS"]}],"is_beta":false,"boss_relics":[{"not_picked":["Replay:Bronze Core","Runic Dome"],"picked":"strawberrySpire:SolarisEssence"},{"not_picked":["strawberrySpire:JuiceKeg","hubris:GrandSneckoEye"],"picked":"Pandora\u0027s Box"}],"items_purged_floors":[13,14,36,44,44],"is_endless":false,"potions_floor_spawned":[1,3,8,18,20,28,31,35,37,39,42,48],"ascension_level":18}}