{"host":"abdxwahegzejqccj","time":1609905571,"event":{"mods":["BaseMod","Better Note","BetterRewards","Colored Powertips","Downfall","Hermit","Minty Spire (QoL Compilation)","Replay The Spire","StSLib","The Cursed","The Hierophant"],"gold_per_floor":[115,126,73,73,84,117,117,149,184,196,236,248,260,284,296,407,419,431,431],"floor_reached":18,"playtime":1040,"items_purged":["Strike_G","Defend_G"],"score":394,"play_id":"65fb1ccd-03c7-43be-aff2-4988cb30b93d","local_time":"20210106145931","is_ascension_mode":true,"campfire_choices":[{"floor":7.0,"key":"REST"},{"floor":10.0,"key":"REST"},{"floor":15.0,"key":"REST"}],"circlet_count":0,"master_deck":["Strike_G","Strike_G","Strike_G","Strike_G","Defend_G","Defend_G","Defend_G","Defend_G","Survivor","Neutralize","Dagger Spray","Noxious Fumes","expansioncontent:DefensiveStance","Deflect","Mayhem","Endless Agony","Noxious Fumes","Sucker Punch","Cloak And Dagger","Footwork","Cloak And Dagger","Venomology","Cloak And Dagger","Tools of the Trade","Doubt","Amnesia"],"relics":["Ring of the Snake","ReplayFunnel","Gremlin Horn","PreservedInsect","Akabeko","MawBank","Smiling Mask","Happy Flower","Replay:Ancient Bell","Nunchaku","Singing Bowl","Torii"],"acts_visited":["Exordium","TheCity"],"potions_floor_usage":[],"damage_taken":[{"damage":0.0,"enemies":"Jaw Worm","floor":1.0,"turns":6.0},{"damage":4.0,"enemies":"2 Louse","floor":2.0,"turns":4.0},{"damage":1.0,"enemies":"Cultist","floor":5.0,"turns":5.0},{"damage":19.0,"enemies":"Replay:BlueRogue","floor":6.0,"turns":8.0},{"damage":12.0,"enemies":"Gremlin Nob","floor":8.0,"turns":3.0},{"damage":4.0,"enemies":"3 Sentries","floor":11.0,"turns":3.0},{"damage":7.0,"enemies":"Blue Slaver","floor":14.0,"turns":3.0},{"damage":0.0,"enemies":"Fading Forest","floor":16.0,"turns":11.0},{"damage":160,"enemies":"3 Byrds","floor":18,"turns":6}],"seed_played":"-7054396190547498206","potions_obtained":[{"floor":2.0,"key":"ColorlessPotion"},{"floor":6.0,"key":"Adrenaline Potion"},{"floor":11.0,"key":"Strength Potion"},{"floor":16.0,"key":"AttackPotion"}],"is_trial":false,"path_per_floor":["M","M","$","?","M","E","R","E","T","R","E","$","?","M","R","B",null,"M"],"character_chosen":"THE_SILENT","items_purchased":["ReplayFunnel","Gremlin Horn","Dagger Spray","Noxious Fumes","PreservedInsect","expansioncontent:DefensiveStance","Deflect","Mayhem","Sucker Punch"],"campfire_rested":3,"item_purchase_floors":[0,0,0,0,0,0,0,0,3],"current_hp_per_floor":[29,25,25,48,47,28,49,37,37,58,54,54,54,47,68,68,76,0,0],"gold":431,"neow_bonus":"","is_daily":false,"chose_seed":false,"campfire_upgraded":0,"win_rate":0.0,"timestamp":1609905571,"path_taken":["M","M","$","?","M","E","R","E","T","R","E","$","?","M","R","BOSS","M"],"items_purchased_type":["Relic","Relic","Card","Card","Relic","Card","Card","Card","Card"],"build_version":"2020-12-22","purchased_purges":2,"victory":false,"max_hp_per_floor":[70,70,70,70,70,70,70,70,70,70,70,70,70,70,70,70,76,76,76],"card_choices":[{"not_picked":["Poisoned Stab","Dash"],"picked":"Endless Agony","floor":1.0},{"not_picked":["Outmaneuver","Setup"],"picked":"Noxious Fumes","floor":2.0},{"not_picked":["Poisoned Stab","Dodge and Roll"],"picked":"Cloak And Dagger","floor":5.0},{"not_picked":["Tactician","Dodge and Roll"],"picked":"Footwork","floor":6.0},{"not_picked":["Poisoned Stab","Expertise"],"picked":"Cloak And Dagger","floor":8.0},{"not_picked":["Heel Hook","Acrobatics"],"picked":"Venomology","floor":11.0},{"not_picked":["Choke","Slice"],"picked":"Cloak And Dagger","floor":14.0},{"not_picked":["Doppelganger","Glass Knife"],"picked":"Tools of the Trade","floor":16.0},{"not_picked":["hermit:ImpendingDoom","ReplayTheSpireMod:Doomed","Decay"],"picked":"Singing Bowl","floor":17},{"not_picked":["Amnesia","Slimebound:Icky","Doubt"],"picked":"Singing Bowl","floor":17},{"not_picked":["Amnesia","Slimebound:Icky","Parasite"],"picked":"Singing Bowl","floor":17}],"player_experience":389920,"relics_obtained":[{"floor":6.0,"key":"Akabeko"},{"floor":8.0,"key":"MawBank"},{"floor":9.0,"key":"Smiling Mask"},{"floor":11.0,"key":"Happy Flower"}],"event_choices":[{"damage_healed":23.0,"max_hp_gain":0.0,"max_hp_loss":0.0,"gold_gain":0.0,"event_name":"Big Fish","player_choice":"Banana","floor":4.0,"gold_loss":0.0,"damage_taken":0.0}],"is_beta":false,"boss_relics":[{"not_picked":["Replay:Drink Me","Black Star"],"picked":"Replay:Ancient Bell"},{"not_picked":["Boot","CeramicFish"],"picked":"Nunchaku"},{"not_picked":["Toxic Egg 2","ReplayTheSpireMod:Ninjato"],"picked":"Singing Bowl"},{"not_picked":["Ice Cream","Tough Bandages"],"picked":"Torii"}],"items_purged_floors":[0,0],"is_endless":false,"potions_floor_spawned":[2,6,11,16],"killed_by":"3 Byrds","ascension_level":4}}