{"host":"n4oa921u88t6jog9","time":1609940769,"event":{"mods":["AchievementEnabler","BaseMod","DeckTracker","Keyboard Shortcuts","Minty Spire (QoL Compilation)","Quick Restart","StSLib","SuperFastMode"],"gold_per_floor":[115,115,115,127,127,127,155,25,51,51,51,68,83,94,94,165,165,184,199,213,52,66,66,66,66,121,121,21,34,34,50,50,128,128,140,140,140],"floor_reached":36,"playtime":1168,"items_purged":["Defend_G","Strike_G"],"score":759,"play_id":"27ac85f3-b59a-4560-a68b-7c4656cdd512","local_time":"20210106224609","is_ascension_mode":true,"campfire_choices":[{"data":"Blade Dance","floor":6,"key":"SMITH"},{"data":"Noxious Fumes","floor":11,"key":"SMITH"},{"data":"Leg Sweep","floor":15,"key":"SMITH"},{"data":"Cloak And Dagger","floor":23,"key":"SMITH"},{"data":"Acrobatics","floor":25,"key":"SMITH"},{"data":"Backflip","floor":27,"key":"SMITH"},{"floor":32,"key":"REST"}],"circlet_count":0,"master_deck":["AscendersBane","Strike_G","Strike_G","Strike_G","Strike_G","Defend_G","Defend_G","Defend_G","Defend_G","Survivor","Neutralize+1","Choke","Blade Dance+1","Leg Sweep+1","Backflip+1","Noxious Fumes+1","Slice","Acrobatics+1","After Image","Blur","Cloak And Dagger+1","Slice","Infinite Blades","Blade Dance+1","Well Laid Plans","Cloak And Dagger+1","Envenom"],"relics":["Ring of the Snake","NeowsBlessing","Lantern","Juzu Bracelet","WristBlade","Happy Flower","SacredBark"],"acts_visited":["Exordium","TheCity","TheBeyond"],"potions_floor_usage":[14,33,33],"damage_taken":[{"damage":0,"enemies":"Jaw Worm","floor":1,"turns":1},{"damage":0,"enemies":"2 Louse","floor":4,"turns":1},{"damage":0,"enemies":"Lagavulin","floor":7,"turns":1},{"damage":1,"enemies":"Cultist","floor":12,"turns":3},{"damage":1,"enemies":"Exordium Wildlife","floor":13,"turns":3},{"damage":11,"enemies":"Exordium Thugs","floor":14,"turns":5},{"damage":2,"enemies":"The Guardian","floor":16,"turns":11},{"damage":2,"enemies":"Chosen","floor":18,"turns":5},{"damage":12,"enemies":"Shell Parasite","floor":19,"turns":6},{"damage":17,"enemies":"Snake Plant","floor":20,"turns":6},{"damage":9,"enemies":"Centurion and Healer","floor":22,"turns":5},{"damage":11,"enemies":"Shelled Parasite and Fungi","floor":29,"turns":3},{"damage":15,"enemies":"Snecko","floor":31,"turns":5},{"damage":12,"enemies":"Collector","floor":33,"turns":10},{"damage":40,"enemies":"3 Darklings","floor":35,"turns":7},{"damage":22,"enemies":"3 Shapes","floor":36,"turns":4}],"seed_played":"-1191080913965193948","potions_obtained":[{"floor":4,"key":"Explosive Potion"},{"floor":7,"key":"SteroidPotion"},{"floor":14,"key":"DuplicationPotion"},{"floor":18,"key":"DuplicationPotion"}],"is_trial":false,"path_per_floor":["M","?","?","M","?","R","E","$","T","$","R","M","M","M","R","B",null,"M","M","M","$","M","R","?","R","T","R","$","M","?","M","R","B",null,"M","M"],"character_chosen":"THE_SILENT","items_purchased":["Backflip","Noxious Fumes","Infinite Blades"],"campfire_rested":1,"item_purchase_floors":[8,8,21],"current_hp_per_floor":[59,64,64,64,71,71,71,71,71,71,71,70,69,58,58,56,67,65,53,36,36,27,27,27,27,27,27,27,16,16,1,22,10,56,16,0,0],"gold":140,"neow_bonus":"THREE_ENEMY_KILL","is_daily":false,"chose_seed":false,"campfire_upgraded":6,"win_rate":0.0,"timestamp":1609940769,"path_taken":["M","?","?","?","?","R","E","$","T","?","R","M","M","M","R","BOSS","M","M","M","$","M","R","?","R","T","R","$","M","?","M","R","BOSS","M","M"],"items_purchased_type":["Card","Card","Card"],"build_version":"2020-12-22","purchased_purges":2,"victory":false,"max_hp_per_floor":[66,71,71,71,71,71,71,71,71,71,71,71,71,71,71,71,71,71,71,71,71,71,71,71,71,71,71,71,71,71,71,71,71,71,71,71,71],"card_choices":[{"not_picked":["Prepared","Underhanded Strike"],"picked":"Choke","floor":1},{"not_picked":["Choke","Flechettes"],"picked":"Blade Dance","floor":4},{"not_picked":["Dodge and Roll","Sucker Punch"],"picked":"Leg Sweep","floor":7},{"not_picked":["Dash","Backflip"],"picked":"Slice","floor":12},{"not_picked":["Backflip","Poisoned Stab"],"picked":"Acrobatics","floor":13},{"not_picked":["Blade Dance","All Out Attack","Flying Knee"],"picked":"SKIP","floor":14},{"not_picked":["Unload","Bullet Time"],"picked":"After Image","floor":16},{"not_picked":["Predator","Dagger Throw"],"picked":"Blur","floor":18},{"not_picked":["Slice","Setup"],"picked":"Cloak And Dagger","floor":19},{"not_picked":["Flying Knee","Riddle With Holes"],"picked":"Slice","floor":20},{"not_picked":["Outmaneuver","Flying Knee","Poisoned Stab"],"picked":"SKIP","floor":22},{"not_picked":["Flechettes","Dagger Spray"],"picked":"Well Laid Plans","floor":29},{"not_picked":["Poisoned Stab","Crippling Poison"],"picked":"Cloak And Dagger+1","floor":31},{"not_picked":["Unload","Bullet Time"],"picked":"Envenom","floor":33},{"not_picked":["Quick Slash","Crippling Poison","Dodge and Roll"],"picked":"SKIP","floor":35}],"player_experience":385760,"relics_obtained":[{"floor":7,"key":"Lantern"},{"floor":9,"key":"Juzu Bracelet"},{"floor":26,"key":"Happy Flower"}],"event_choices":[{"damage_healed":0,"gold_gain":0,"player_choice":"Donut","damage_taken":0,"max_hp_gain":5,"max_hp_loss":0,"event_name":"Big Fish","floor":2,"gold_loss":0},{"damage_healed":0,"gold_gain":0,"player_choice":"Forge","damage_taken":0,"max_hp_gain":0,"max_hp_loss":0,"event_name":"Accursed Blacksmith","floor":3,"gold_loss":0,"cards_upgraded":["Neutralize"]},{"damage_healed":7,"gold_gain":0,"player_choice":"Full Heal","damage_taken":0,"max_hp_gain":0,"max_hp_loss":0,"event_name":"Wheel of Change","floor":5,"gold_loss":0},{"damage_healed":0,"gold_gain":0,"player_choice":"Copied","damage_taken":0,"max_hp_gain":0,"max_hp_loss":0,"event_name":"Duplicator","floor":24,"gold_loss":0,"cards_obtained":["Blade Dance"]},{"damage_healed":0,"gold_gain":0,"player_choice":"Ignored","damage_taken":0,"max_hp_gain":0,"max_hp_loss":0,"event_name":"Vampires","floor":30,"gold_loss":0}],"is_beta":false,"boss_relics":[{"not_picked":["Velvet Choker","Ring of the Serpent"],"picked":"WristBlade"},{"not_picked":["Black Star","Runic Dome"],"picked":"SacredBark"}],"items_purged_floors":[21,28],"is_endless":false,"potions_floor_spawned":[4,7,14,16,18,20,31],"killed_by":"3 Shapes","ascension_level":19}}