{"host":"k5wd0jv1m6dz3iwi","time":1609928927,"event":{"mods":["BaseMod","Better Vampires","Challenge The Spire","Custom Start","Highlight Path","Minty Spire (QoL Compilation)","Rare Cards Sparkle","Relic Stats","Slay the Relics Exporter","StSLib","everything is the same but u backflip on backflip"],"gold_per_floor":[114,126,126,13,29,29,54,54,54,74,39,67,67,98,98,175,175,187,187,12,28,41,41,71,86,86,103,130,140,140,190,190,264,264,276,289,314,359,34,68,80,122,134,180,19,48,48,68,68,68,68],"floor_reached":50,"playtime":3506,"items_purged":["Regret","Decay"],"score":1222,"play_id":"04d6e8be-4a64-4782-9b59-75754060ee14","local_time":"20210106102847","daily_mods":["challengethespire:Gold Difficulty","challengethespire:Sneaky Strike"],"is_ascension_mode":true,"campfire_choices":[{"data":"Dash","floor":6.0,"key":"SMITH"},{"data":"Noxious Fumes","floor":8.0,"key":"SMITH"},{"data":"Catalyst","floor":15.0,"key":"SMITH"},{"data":"Prepared","floor":23.0,"key":"SMITH"},{"floor":32.0,"key":"REST"},{"data":"Underhanded Strike","floor":41,"key":"PURGE"},{"data":"Underhanded Strike","floor":47,"key":"PURGE"},{"data":"Underhanded Strike","floor":49,"key":"PURGE"}],"circlet_count":0,"master_deck":["AscendersBane","Defend_G","Defend_G","Defend_G","Defend_G","Defend_G","Survivor","Neutralize","Catalyst+1","Prepared+1","Dash+1","Noxious Fumes+1","Dagger Throw","Poisoned Stab","Blade Dance+1","Distraction+1","Deflect+1","Underhanded Strike","Malaise+1","Deadly Poison+1","Deflect+1","Expertise+1","Terror+1","Underhanded Strike","Backflip+1","PiercingWail+1","Bite+1","Bite+1","Bite+1","Bite+1","Bite+1","Underhanded Strike+1","Underhanded Strike+1","Crippling Poison+1","Tools of the Trade","Acrobatics+1","Calculated Gamble+1","Bane+1","Dodge and Roll+1","After Image","Corpse Explosion+1","Catalyst+1","Underhanded Strike+1","PiercingWail+1","Well Laid Plans","Jack Of All Trades+1","Catalyst+1","Deflect+1","Underhanded Strike+1","Underhanded Strike+1"],"relics":["Ring of the Snake","White Beast Statue","Toxic Egg 2","Meat on the Bone","Turnip","Dream Catcher","Black Star","Darkstone Periapt","MealTicket","InkBottle","Tingsha","Molten Egg 2","HoveringKite","Peace Pipe","WingedGreaves","MawBank","Nunchaku","Girya","Vajra","Omamori","Art of War","Mummified Hand","Question Card","Blood Vial"],"acts_visited":["Exordium","TheCity","TheBeyond"],"potions_floor_usage":[33,33,36,38,40,42,44,44,46,50,50],"damage_taken":[{"damage":0.0,"enemies":"2 Louse","floor":1.0,"turns":3.0},{"damage":2.0,"enemies":"Jaw Worm","floor":2.0,"turns":4.0},{"damage":2.0,"enemies":"Small Slimes","floor":5.0,"turns":3.0},{"damage":12.0,"enemies":"3 Sentries","floor":7.0,"turns":8.0},{"damage":11.0,"enemies":"Looter","floor":10.0,"turns":3.0},{"damage":8.0,"enemies":"Gremlin Nob","floor":12.0,"turns":3.0},{"damage":20.0,"enemies":"3 Sentries","floor":14.0,"turns":6.0},{"damage":23.0,"enemies":"The Guardian","floor":16.0,"turns":9.0},{"damage":12.0,"enemies":"Spheric Guardian","floor":18.0,"turns":5.0},{"damage":17.0,"enemies":"3 Byrds","floor":21.0,"turns":6.0},{"damage":8.0,"enemies":"Centurion and Healer","floor":22.0,"turns":3.0},{"damage":13.0,"enemies":"Gremlin Leader","floor":24.0,"turns":6.0},{"damage":1.0,"enemies":"Snake Plant","floor":25.0,"turns":4.0},{"damage":9.0,"enemies":"Snecko","floor":27.0,"turns":3.0},{"damage":21.0,"enemies":"Book of Stabbing","floor":28.0,"turns":5.0},{"damage":17.0,"enemies":"Shelled Parasite and Fungi","floor":29.0,"turns":6.0},{"damage":56,"enemies":"Champ","floor":33,"turns":9},{"damage":2,"enemies":"Orb Walker","floor":35,"turns":3},{"damage":3,"enemies":"3 Shapes","floor":36,"turns":4},{"damage":0,"enemies":"Mind Bloom Boss Battle","floor":37,"turns":3},{"damage":2,"enemies":"2 Orb Walkers","floor":38,"turns":3},{"damage":34,"enemies":"Nemesis","floor":40,"turns":7},{"damage":10,"enemies":"Reptomancer","floor":42,"turns":4},{"damage":8,"enemies":"Giant Head","floor":44,"turns":5},{"damage":16,"enemies":"Reptomancer","floor":46,"turns":4},{"damage":0,"enemies":"Maw","floor":48,"turns":2},{"damage":43,"enemies":"Donu and Deca","floor":50,"turns":6}],"seed_played":"-739038779021561241","potions_obtained":[{"floor":1.0,"key":"SpeedPotion"},{"floor":7.0,"key":"CunningPotion"},{"floor":12.0,"key":"SpeedPotion"},{"floor":14.0,"key":"LiquidMemories"},{"floor":16.0,"key":"Strength Potion"},{"floor":18.0,"key":"EntropicBrew"},{"floor":22.0,"key":"Poison Potion"},{"floor":24.0,"key":"Swift Potion"},{"floor":25.0,"key":"ColorlessPotion"},{"floor":27.0,"key":"Regen Potion"},{"floor":28.0,"key":"DistilledChaos"},{"floor":29.0,"key":"SpeedPotion"},{"floor":33,"key":"SpeedPotion"},{"floor":35,"key":"SkillPotion"},{"floor":36,"key":"LiquidMemories"},{"floor":37,"key":"Energy Potion"},{"floor":38,"key":"AttackPotion"},{"floor":40,"key":"GamblersBrew"},{"floor":42,"key":"LiquidMemories"},{"floor":44,"key":"CunningPotion"},{"floor":46,"key":"Block Potion"},{"floor":48,"key":"Dexterity Potion"}],"is_trial":true,"path_per_floor":["M","M","?","$","M","R","E","R","T","M","?","E","?","E","R","B",null,"M","?","$","M","M","R","E","M","T","M","E","M","?","?","R","B",null,"M","M","?","?","$","E","R","E","T","E","$","E","R","M","R","B"],"character_chosen":"THE_SILENT","items_purchased":["Dash","Noxious Fumes","Deadly Poison+1","Deflect+1","After Image","Corpse Explosion+1","Well Laid Plans","Jack Of All Trades+1"],"campfire_rested":1,"item_purchase_floors":[4,4,20,20,39,39,45,45],"current_hp_per_floor":[59,57,57,57,55,55,43,43,43,32,48,40,40,32,32,21,55,43,43,43,38,42,42,41,40,40,43,37,32,32,32,45,19,39,40,46,46,46,46,33,33,29,29,33,46,33,33,35,35,0,0],"gold":68,"neow_bonus":"","is_daily":false,"chose_seed":false,"campfire_upgraded":4,"win_rate":0.0,"timestamp":1609928927,"path_taken":["M","M","?","?","M","R","E","R","T","?","?","E","?","E","R","BOSS","M","?","$","M","M","R","E","M","T","M","E","?","?","?","R","BOSS","M","?","?","?","$","E","R","E","T","E","$","E","R","M","R","BOSS"],"items_purchased_type":["Card","Card","Card","Card","Card","Card","Card","Card"],"build_version":"2020-12-22","purchased_purges":2,"victory":false,"max_hp_per_floor":[66,66,66,66,66,66,66,66,66,66,66,66,66,66,66,66,66,66,66,66,66,66,66,66,66,66,66,66,66,46,46,46,46,46,46,46,46,46,46,46,46,46,46,46,46,46,46,46,46,46,46],"relic_stats":{"Darkstone Periapt":0,"counters":[27,127],"HoveringKite":[32],"Tingsha":[261],"MawBank":60,"Question Card":1,"Peace Pipe":3,"Blood Vial":4,"Dream Catcher":1,"Nunchaku":[5],"Mummified Hand":[11],"MealTicket":13,"Turnip":[18],"Black Star":6,"Art of War":[0],"obtain_stats":[{"Darkstone Periapt":24,"Girya":42,"HoveringKite":34,"Vajra":42,"Tingsha":28,"Omamori":43,"MawBank":40,"Question Card":46,"White Beast Statue":7,"Peace Pipe":37,"Blood Vial":46,"Dream Catcher":14,"Nunchaku":40,"Mummified Hand":44,"MealTicket":24,"Molten Egg 2":28,"Turnip":13,"WingedGreaves":38,"Black Star":17,"Art of War":44,"Toxic Egg 2":9,"InkBottle":26,"Ring of the Snake":0,"Meat on the Bone":12},{"Darkstone Periapt":12,"Girya":23,"HoveringKite":17,"Vajra":23,"Tingsha":15,"Omamori":23,"MawBank":22,"Question Card":25,"White Beast Statue":4,"Peace Pipe":20,"Blood Vial":25,"Dream Catcher":7,"Nunchaku":22,"Mummified Hand":24,"MealTicket":12,"Molten Egg 2":15,"Turnip":6,"WingedGreaves":21,"Black Star":8,"Art of War":24,"Toxic Egg 2":4,"InkBottle":13,"Ring of the Snake":0,"Meat on the Bone":6},{"Darkstone Periapt":59,"Girya":110,"HoveringKite":86,"Vajra":110,"Tingsha":71,"Omamori":110,"MawBank":106,"Question Card":119,"White Beast Statue":18,"Peace Pipe":96,"Blood Vial":119,"Dream Catcher":30,"Nunchaku":106,"Mummified Hand":115,"MealTicket":59,"Molten Egg 2":71,"Turnip":24,"WingedGreaves":99,"Black Star":39,"Art of War":115,"Toxic Egg 2":18,"InkBottle":63,"Ring of the Snake":0,"Meat on the Bone":24}],"InkBottle":[36],"Ring of the Snake":[54],"Meat on the Bone":108},"card_choices":[{"not_picked":["Bane","Underhanded Strike"],"picked":"Catalyst","floor":1.0},{"not_picked":["Underhanded Strike","Catalyst"],"picked":"Prepared","floor":2.0},{"not_picked":["PiercingWail","Underhanded Strike"],"picked":"Dagger Throw","floor":5.0},{"not_picked":["Underhanded Strike","Slice"],"picked":"Poisoned Stab","floor":7.0},{"not_picked":["Outmaneuver+1","Underhanded Strike"],"picked":"Blade Dance+1","floor":10.0},{"not_picked":["Dagger Throw","Underhanded Strike"],"picked":"Distraction+1","floor":12.0},{"not_picked":["Underhanded Strike","Finisher"],"picked":"Deflect+1","floor":14.0},{"not_picked":["Grand Finale","Underhanded Strike"],"picked":"Malaise+1","floor":16.0},{"not_picked":["Underhanded Strike","Quick Slash","Finisher"],"picked":"SKIP","floor":18.0},{"not_picked":["All Out Attack","Underhanded Strike"],"picked":"Expertise+1","floor":21.0},{"not_picked":["Deflect+1","Underhanded Strike"],"picked":"Terror+1","floor":22.0},{"not_picked":["Infinite Blades","Underhanded Strike","Underhanded Strike"],"picked":"SKIP","floor":24.0},{"not_picked":["Underhanded Strike","Flying Knee","Underhanded Strike"],"picked":"SKIP","floor":25.0},{"not_picked":["Dagger Spray","Underhanded Strike"],"picked":"Backflip+1","floor":27.0},{"not_picked":["Outmaneuver+1","Deflect+1","Underhanded Strike+1"],"picked":"SKIP","floor":28.0},{"not_picked":["Underhanded Strike+1","Dodge and Roll+1"],"picked":"PiercingWail+1","floor":29.0},{"not_picked":["Underhanded Strike+1","Blade Dance+1"],"picked":"Crippling Poison+1","floor":32.0},{"not_picked":["Envenom","Underhanded Strike+1"],"picked":"Tools of the Trade","floor":33},{"not_picked":["Underhanded Strike+1","Flying Knee+1"],"picked":"Acrobatics+1","floor":35},{"not_picked":["Outmaneuver+1","Underhanded Strike+1"],"picked":"Calculated Gamble+1","floor":36},{"not_picked":["Cloak And Dagger+1","Underhanded Strike+1"],"picked":"Bane+1","floor":37},{"not_picked":["Noxious Fumes+1","Underhanded Strike+1"],"picked":"Dodge and Roll+1","floor":38},{"not_picked":["Underhanded Strike+1","Skewer+1"],"picked":"Catalyst+1","floor":40},{"not_picked":["Underhanded Strike+1","Slice+1","Dash+1"],"picked":"SKIP","floor":42},{"not_picked":["Underhanded Strike+1","Dash+1"],"picked":"PiercingWail+1","floor":44},{"not_picked":["Underhanded Strike+1","Flying Knee+1"],"picked":"Catalyst+1","floor":46},{"not_picked":["Underhanded Strike+1","Poisoned Stab+1","Riddle With Holes+1"],"picked":"Deflect+1","floor":48}],"player_experience":1234877,"relics_obtained":[{"floor":7.0,"key":"White Beast Statue"},{"floor":9.0,"key":"Toxic Egg 2"},{"floor":12.0,"key":"Meat on the Bone"},{"floor":14.0,"key":"Dream Catcher"},{"floor":24.0,"key":"Darkstone Periapt"},{"floor":24.0,"key":"MealTicket"},{"floor":26.0,"key":"InkBottle"},{"floor":28.0,"key":"Tingsha"},{"floor":28.0,"key":"Molten Egg 2"},{"floor":37,"key":"Peace Pipe"},{"floor":38,"key":"WingedGreaves"},{"floor":40,"key":"MawBank"},{"floor":40,"key":"Nunchaku"},{"floor":42,"key":"Girya"},{"floor":42,"key":"Vajra"},{"floor":43,"key":"Omamori"},{"floor":44,"key":"Art of War"},{"floor":44,"key":"Mummified Hand"},{"floor":46,"key":"Question Card"},{"floor":46,"key":"Blood Vial"}],"event_choices":[{"damage_healed":0.0,"max_hp_gain":0.0,"max_hp_loss":0.0,"gold_gain":0.0,"event_name":"Liars Game","player_choice":"Ignored","floor":3.0,"gold_loss":0.0,"damage_taken":0.0},{"damage_healed":16.0,"max_hp_gain":0.0,"max_hp_loss":0.0,"gold_gain":0.0,"event_name":"The Cleric","player_choice":"Healed","floor":11.0,"gold_loss":35.0,"damage_taken":0.0},{"damage_healed":0.0,"max_hp_gain":0.0,"max_hp_loss":0.0,"gold_gain":0.0,"event_name":"Big Fish","player_choice":"Box","floor":13.0,"gold_loss":0.0,"damage_taken":0.0,"relics_obtained":["Turnip"],"cards_obtained":["Regret"]},{"damage_healed":0.0,"max_hp_gain":0.0,"max_hp_loss":0.0,"gold_gain":0.0,"event_name":"Wheel of Change","player_choice":"Cursed","floor":19.0,"gold_loss":0.0,"damage_taken":0.0,"cards_obtained":["Decay"]},{"damage_healed":0.0,"max_hp_gain":0.0,"max_hp_loss":20.0,"gold_gain":0.0,"event_name":"Vampires","player_choice":"Became a vampire","floor":30.0,"gold_loss":0.0,"damage_taken":0.0,"cards_obtained":["Bite","Bite","Bite","Bite","Bite"]},{"damage_healed":0.0,"max_hp_gain":0.0,"max_hp_loss":0.0,"gold_gain":50.0,"event_name":"Golden Shrine","player_choice":"Pray","floor":31.0,"gold_loss":0.0,"damage_taken":0.0},{"damage_healed":0,"gold_gain":0,"player_choice":"Fight","damage_taken":0,"max_hp_gain":0,"max_hp_loss":0,"event_name":"MindBloom","floor":37,"gold_loss":0},{"damage_healed":0,"gold_gain":0,"player_choice":"Fight","damage_taken":0,"max_hp_gain":0,"max_hp_loss":0,"event_name":"Mysterious Sphere","floor":38,"gold_loss":0}],"is_beta":false,"boss_relics":[{"not_picked":["Calling Bell","Ring of the Serpent"],"picked":"Black Star"},{"not_picked":["WristBlade","Tiny House"],"picked":"HoveringKite"}],"items_purged_floors":[20,39],"is_endless":false,"potions_floor_spawned":[1,7,10,12,14,16,18,21,22,24,25,27,28,29,33,35,36,37,38,40,42,44,46,48],"killed_by":"Donu and Deca","ascension_level":15}}