{"host":"8fuipfsvjht9cgcs","time":1609931012,"event":{"mods":["AchievementEnabler","BaseMod","Colored Map","Colored Powertips","Minty Spire (QoL Compilation)","Replay The Spire","StSLib","SuperFastMode","The Gatherer"],"gold_per_floor":[115,135,150,150,75,75,150,150,150,161,61,72,107,107,107,107,107],"floor_reached":16,"playtime":659,"items_purged":["Bash","Strike_R"],"score":150,"play_id":"5b2026e5-3661-4aba-b777-c5713e2f2231","local_time":"20210107000332","is_ascension_mode":true,"campfire_choices":[{"data":"Battle Trance","floor":6,"key":"SMITH"},{"data":"Sentinel","floor":8,"key":"SMITH"},{"data":"Whirlwind","floor":15,"key":"SMITH"}],"circlet_count":0,"master_deck":["AscendersBane","Strike_R","Strike_R","Strike_R","Strike_R","Defend_R","Defend_R","Defend_R","Defend_R","Strike_P","Bash","Clash","Sentinel+1","Battle Trance+1","Flex","Spot Weakness","Whirlwind+1"],"relics":["Burning Blood","TungstenRod","Replay:Bottled Steam","Counterbalance","Golden Idol"],"acts_visited":["Exordium"],"potions_floor_usage":[13,13,13,16,16,16],"damage_taken":[{"damage":4,"enemies":"Small Slimes","floor":1,"turns":5},{"damage":5,"enemies":"Cultist","floor":2,"turns":3},{"damage":0,"enemies":"2 Louse","floor":3,"turns":3},{"damage":0,"enemies":"2 Fungi Beasts","floor":10,"turns":4},{"damage":19,"enemies":"Gremlin Gang","floor":12,"turns":7},{"damage":27,"enemies":"Gremlin Nob","floor":13,"turns":5},{"damage":46,"enemies":"Fading Forest","floor":16,"turns":10}],"seed_played":"-1390343595503754573","potions_obtained":[{"floor":2,"key":"EntropicBrew"},{"floor":3,"key":"Weak Potion"},{"floor":12,"key":"Swift Potion"}],"is_trial":false,"path_per_floor":["M","M","M","?","$","R","?","R","T","M","$","M","E","?","R","B"],"character_chosen":"IRONCLAD","items_purchased":[],"campfire_rested":0,"item_purchase_floors":[],"current_hp_per_floor":[74,75,80,80,80,80,70,70,70,76,76,63,42,42,42,0,0],"gold":107,"neow_bonus":"ONE_RARE_RELIC","is_daily":false,"chose_seed":false,"campfire_upgraded":3,"win_rate":0.0,"timestamp":1609931012,"path_taken":["M","M","M","?","?","R","?","R","T","M","$","M","E","?","R","BOSS"],"items_purchased_type":[],"build_version":"2020-12-22","purchased_purges":2,"victory":false,"max_hp_per_floor":[80,80,80,80,80,80,80,80,80,80,80,80,80,74,74,74,74],"card_choices":[{"not_picked":["Thunderclap","Clothesline"],"picked":"Clash","floor":1},{"not_picked":["Power Through","Twin Strike"],"picked":"Sentinel","floor":2},{"not_picked":["Replay:Undeath\u0027s Touch","Shrug It Off"],"picked":"Battle Trance","floor":3},{"not_picked":["Warcry","Uppercut"],"picked":"Flex","floor":10},{"not_picked":["Pommel Strike","Sword Boomerang"],"picked":"Spot Weakness","floor":12},{"not_picked":["Dark Embrace","Searing Blow"],"picked":"Whirlwind","floor":13}],"player_experience":353584,"relics_obtained":[{"floor":9,"key":"Replay:Bottled Steam"},{"floor":13,"key":"Counterbalance"}],"event_choices":[{"damage_healed":0,"gold_gain":0,"player_choice":"Bought 0 Potions","damage_taken":0,"max_hp_gain":0,"max_hp_loss":0,"event_name":"The Woman in Blue","floor":4,"gold_loss":0},{"damage_healed":0,"gold_gain":75,"player_choice":"Gather Gold","damage_taken":11,"max_hp_gain":0,"max_hp_loss":0,"event_name":"World of Goop","floor":7,"gold_loss":0},{"damage_healed":0,"gold_gain":0,"player_choice":"Lose Max HP","damage_taken":0,"relics_obtained":["Golden Idol"],"max_hp_gain":0,"max_hp_loss":6,"event_name":"Golden Idol","floor":14,"gold_loss":0}],"is_beta":false,"boss_relics":[],"items_purged_floors":[5,11],"is_endless":false,"potions_floor_spawned":[2,3,12],"killed_by":"Fading Forest","ascension_level":10}}