{"host":"k6u7q08ihsmpx7o5","time":1609903634,"event":{"mods":["BaseMod","Bestiary","Filter the Spire","Minty Spire (QoL Compilation)","Permanent Neow","Relic Stats","StSLib"],"gold_per_floor":[113,129,129,45,56,91,91,110,135,163,178,213,224,238,238,310,310,327,327,327,327,327,362,362,17,17,17,17],"floor_reached":27,"playtime":1091,"items_purged":["Writhe"],"score":552,"play_id":"cd5e559b-51fc-4e8d-b987-4290e25216e5","local_time":"20210106042714","is_ascension_mode":true,"campfire_choices":[{"data":"Double Energy","floor":7,"key":"SMITH"},{"data":"Defragment","floor":15,"key":"SMITH"},{"data":"Seek","floor":24,"key":"SMITH"}],"circlet_count":0,"master_deck":["AscendersBane","Zap","Dualcast","Leap","Reboot","Redo","Ball Lightning","Storm","Machine Learning","Double Energy+1","White Noise","Coolheaded","Self Repair","Defragment+1","Steam","Meteor Strike","BootSequence","Seek+1","Darkness","Loop","Echo Form","Necronomicurse","Hologram"],"relics":["Pandora\u0027s Box","Happy Flower","Lantern","PreservedInsect","Mango","Coffee Dripper","Necronomicon","Tiny Chest","Letter Opener","Membership Card","Toxic Egg 2","Dead Branch"],"acts_visited":["Exordium","TheCity"],"potions_floor_usage":[5,6,12,18,27,27],"damage_taken":[{"damage":12,"enemies":"Jaw Worm","floor":1,"turns":2},{"damage":1,"enemies":"Cultist","floor":2,"turns":3},{"damage":0,"enemies":"Small Slimes","floor":5,"turns":3},{"damage":0,"enemies":"Gremlin Nob","floor":6,"turns":3},{"damage":7,"enemies":"Looter","floor":8,"turns":3},{"damage":14,"enemies":"Lagavulin","floor":10,"turns":4},{"damage":2,"enemies":"2 Fungi Beasts","floor":11,"turns":3},{"damage":6,"enemies":"Gremlin Nob","floor":12,"turns":3},{"damage":0,"enemies":"Exordium Wildlife","floor":13,"turns":2},{"damage":2,"enemies":"Looter","floor":14,"turns":3},{"damage":2,"enemies":"Slime Boss","floor":16,"turns":8},{"damage":2,"enemies":"3 Byrds","floor":18,"turns":3},{"damage":63,"enemies":"Book of Stabbing","floor":23,"turns":4},{"damage":8,"enemies":"Gremlin Leader","floor":27,"turns":1}],"seed_played":"9141194379272038803","potions_obtained":[{"floor":2,"key":"Swift Potion"},{"floor":3,"key":"DistilledChaos"},{"floor":3,"key":"Energy Potion"},{"floor":6,"key":"DuplicationPotion"},{"floor":8,"key":"LiquidBronze"},{"floor":12,"key":"LiquidBronze"},{"floor":14,"key":"SteroidPotion"},{"floor":23,"key":"ColorlessPotion"}],"is_trial":false,"path_per_floor":["M","M","?","$","M","E","R","M","T","E","M","E","M","M","R","B",null,"M","?","?","?","?","E","R","$","T","E"],"character_chosen":"DEFECT","items_purchased":["Defragment","Membership Card","Toxic Egg 2"],"campfire_rested":0,"item_purchase_floors":[4,25,25],"current_hp_per_floor":[52,51,51,51,58,65,65,65,65,58,63,78,85,85,85,85,85,85,85,64,64,64,8,8,8,8,0,0],"gold":17,"neow_bonus":"BOSS_RELIC","is_daily":false,"chose_seed":false,"campfire_upgraded":3,"win_rate":0.0,"timestamp":1609903634,"path_taken":["M","M","?","$","?","E","R","M","T","E","M","E","M","M","R","BOSS","M","?","?","?","?","E","R","$","T","E"],"items_purchased_type":["Card","Relic","Relic"],"build_version":"2020-12-22","purchased_purges":1,"victory":false,"max_hp_per_floor":[71,71,71,71,71,71,71,71,71,71,71,85,85,85,85,85,85,85,85,85,85,85,85,85,85,85,85,85],"relic_stats":{"Happy Flower":[11],"counters":[14,45],"Dead Branch":[3],"Pandora\u0027s Box":["Leap","Reboot","Redo","Ball Lightning","Storm","Machine Learning","Double Energy","White Noise"],"Tiny Chest":0,"PreservedInsect":117,"Necronomicon":[0],"Letter Opener":[15],"obtain_stats":[{"Lantern":9,"Happy Flower":6,"Dead Branch":26,"Mango":12,"PreservedInsect":10,"Letter Opener":23,"Pandora\u0027s Box":0,"Tiny Chest":22,"Coffee Dripper":17,"Necronomicon":20,"Membership Card":25,"Toxic Egg 2":25,"Cracked Core":0},{"Lantern":5,"Happy Flower":4,"Dead Branch":13,"Mango":8,"PreservedInsect":6,"Letter Opener":13,"Pandora\u0027s Box":0,"Tiny Chest":12,"Coffee Dripper":11,"Necronomicon":12,"Membership Card":13,"Toxic Egg 2":13,"Cracked Core":0},{"Lantern":14,"Happy Flower":11,"Dead Branch":44,"Mango":24,"PreservedInsect":18,"Letter Opener":44,"Pandora\u0027s Box":0,"Tiny Chest":40,"Coffee Dripper":37,"Necronomicon":40,"Membership Card":44,"Toxic Egg 2":44,"Cracked Core":0}]},"card_choices":[{"not_picked":["Streamline","Fusion"],"picked":"Coolheaded","floor":1},{"not_picked":["Steam","Ball Lightning"],"picked":"Self Repair","floor":2},{"not_picked":["Redo","Sweeping Beam"],"picked":"Steam","floor":5},{"not_picked":["Auto Shields","Reprogram"],"picked":"Meteor Strike","floor":6},{"not_picked":["Force Field","Skim"],"picked":"BootSequence","floor":8},{"not_picked":["Streamline","Recycle","Barrage"],"picked":"SKIP","floor":10},{"not_picked":["BootSequence","Redo","Double Energy"],"picked":"SKIP","floor":11},{"not_picked":["Undo","Rebound"],"picked":"Seek","floor":12},{"not_picked":["Beam Cell","White Noise"],"picked":"Darkness","floor":13},{"not_picked":["Redo","Sweeping Beam"],"picked":"Loop","floor":14},{"not_picked":["Creative AI","Seek"],"picked":"Echo Form","floor":16},{"not_picked":["Ball Lightning","Cold Snap","Beam Cell+1"],"picked":"SKIP","floor":18},{"not_picked":["Stack","Redo"],"picked":"Hologram","floor":23}],"player_experience":1958477,"relics_obtained":[{"floor":6,"key":"Happy Flower"},{"floor":9,"key":"Lantern"},{"floor":10,"key":"PreservedInsect"},{"floor":12,"key":"Mango"},{"floor":20,"key":"Necronomicon"},{"floor":23,"key":"Letter Opener"},{"floor":26,"key":"Dead Branch"}],"event_choices":[{"damage_healed":0,"gold_gain":0,"player_choice":"Got Potions","damage_taken":0,"max_hp_gain":0,"max_hp_loss":0,"event_name":"Lab","floor":3,"gold_loss":0},{"damage_healed":0,"gold_gain":0,"player_choice":"Ignored","damage_taken":0,"max_hp_gain":0,"max_hp_loss":0,"event_name":"Ghosts","floor":19,"gold_loss":0},{"damage_healed":0,"gold_gain":0,"player_choice":"Obtained Book","damage_taken":21,"max_hp_gain":0,"max_hp_loss":0,"event_name":"Cursed Tome","floor":20,"gold_loss":0},{"damage_healed":0,"gold_gain":0,"player_choice":"Ignored","damage_taken":0,"max_hp_gain":0,"max_hp_loss":0,"event_name":"Vampires","floor":21,"gold_loss":0},{"damage_healed":0,"gold_gain":0,"player_choice":"Opened","damage_taken":0,"relics_obtained":["Tiny Chest"],"max_hp_gain":0,"max_hp_loss":0,"event_name":"The Mausoleum","floor":22,"gold_loss":0,"cards_obtained":["Writhe"]}],"is_beta":false,"boss_relics":[{"not_picked":["Ectoplasm","Black Star"],"picked":"Coffee Dripper"}],"items_purged_floors":[25],"is_endless":false,"potions_floor_spawned":[2,6,8,11,12,14,23],"killed_by":"Gremlin Leader","ascension_level":20}}