{"host":"36mulxq349byzoa2","time":1609895381,"event":{"mods":["AchievementEnabler","BaseMod","Better Match","Block Reminder","Colored Map","Colored Powertips","Minty Spire (QoL Compilation)","Rare Cards Sparkle","StSLib","SuperFastMode"],"gold_per_floor":[115,115,135,135,135,135,170,170,170,193,217,258,105,70,70,169,169,185,235,235,255,155,190,190,226,301,316,316,329,35,49,49,144,144,165,165,165,498,521,548,558,558,609,297,297,297],"floor_reached":45,"playtime":1099,"items_purged":["Strike_G","Defend_G","Strike_G","Poisoned Stab+1"],"score":1023,"play_id":"1cf4eb00-71d1-4981-a2a1-c1569fccc563","local_time":"20210105200941","is_ascension_mode":true,"campfire_choices":[{"data":"Poisoned Stab","floor":6.0,"key":"SMITH"},{"data":"Neutralize","floor":8.0,"key":"SMITH"},{"floor":15.0,"key":"REST"},{"floor":24.0,"key":"REST"},{"floor":28.0,"key":"REST"},{"data":"Accuracy","floor":32.0,"key":"SMITH"},{"floor":42.0,"key":"REST"}],"circlet_count":0,"master_deck":["AscendersBane","Defend_G","Defend_G","Defend_G","Defend_G","Survivor","Neutralize+1","Escape Plan","Phantasmal Killer+1","Blade Dance+1","Leg Sweep+1","Accuracy+1","Glass Knife+1","Blade Dance+1","Cloak And Dagger+1","Cloak And Dagger+1","Burst+1","Bullet Time+1"],"relics":["Ring of the Snake","NeowsBlessing","Girya","Toxic Egg 2","Shuriken","WristBlade","StrikeDummy","Anchor","Molten Egg 2","Lee\u0027s Waffle","Empty Cage","Potion Belt","Ancient Tea Set","Whetstone","ClockworkSouvenir"],"acts_visited":["Exordium","TheCity","TheBeyond"],"potions_floor_usage":[45],"damage_taken":[{"damage":0.0,"enemies":"Jaw Worm","floor":1.0,"turns":1.0},{"damage":0.0,"enemies":"Small Slimes","floor":3.0,"turns":1.0},{"damage":0.0,"enemies":"Gremlin Nob","floor":7.0,"turns":1.0},{"damage":0.0,"enemies":"2 Louse","floor":10.0,"turns":2.0},{"damage":10.0,"enemies":"Blue Slaver","floor":11.0,"turns":3.0},{"damage":17.0,"enemies":"3 Sentries","floor":12.0,"turns":6.0},{"damage":20.0,"enemies":"Slime Boss","floor":16.0,"turns":5.0},{"damage":10.0,"enemies":"Chosen","floor":18.0,"turns":5.0},{"damage":5.0,"enemies":"2 Thieves","floor":21.0,"turns":3.0},{"damage":7.0,"enemies":"Gremlin Leader","floor":23.0,"turns":5.0},{"damage":3.0,"enemies":"Book of Stabbing","floor":25.0,"turns":2.0},{"damage":24.0,"enemies":"Cultist and Chosen","floor":27.0,"turns":4.0},{"damage":17.0,"enemies":"Chosen and Byrds","floor":29.0,"turns":6.0},{"damage":0.0,"enemies":"3 Cultists","floor":31.0,"turns":3.0},{"damage":65.0,"enemies":"Collector","floor":33.0,"turns":7.0},{"damage":0.0,"enemies":"Orb Walker","floor":35.0,"turns":2.0},{"damage":41.0,"enemies":"Giant Head","floor":40.0,"turns":6.0},{"damage":3.0,"enemies":"3 Shapes","floor":41.0,"turns":4.0},{"damage":33,"enemies":"Jaw Worm Horde","floor":45,"turns":2}],"seed_played":"5535780218817888127","potions_obtained":[{"floor":3.0,"key":"Swift Potion"},{"floor":11.0,"key":"Dexterity Potion"},{"floor":16.0,"key":"Poison Potion"},{"floor":23.0,"key":"GamblersBrew"},{"floor":25.0,"key":"SmokeBomb"},{"floor":33.0,"key":"SkillPotion"},{"floor":40.0,"key":"GamblersBrew"}],"is_trial":false,"path_per_floor":["M","?","M","?","?","R","E","R","T","M","M","E","$","?","R","B",null,"M","?","?","M","$","E","R","E","T","M","R","M","$","M","R","B",null,"M","?","?","?","T","E","M","R","T","$","M"],"character_chosen":"THE_SILENT","items_purchased":["Accuracy","Lee\u0027s Waffle","ClockworkSouvenir"],"campfire_rested":4,"item_purchase_floors":[13,30,44],"current_hp_per_floor":[59,33,33,33,33,33,33,33,33,33,23,6,6,21,39,19,50,40,40,40,35,35,28,46,43,43,19,37,20,67,67,67,2,51,51,51,51,51,51,10,7,26,26,26,0,0],"gold":297,"neow_bonus":"THREE_ENEMY_KILL","is_daily":false,"chose_seed":false,"campfire_upgraded":3,"win_rate":0.0,"timestamp":1609895381,"path_taken":["M","?","M","?","?","R","E","R","T","?","M","E","?","?","R","BOSS","M","?","?","M","$","E","R","E","T","?","R","M","$","M","R","BOSS","M","?","?","?","?","E","M","R","T","$","M"],"items_purchased_type":["Card","Relic","Relic"],"build_version":"2020-12-22","purchased_purges":4,"victory":false,"max_hp_per_floor":[66,66,66,60,60,60,60,60,60,60,60,60,60,60,60,60,60,60,60,60,60,60,60,60,60,60,60,60,60,67,67,67,67,67,67,64,64,64,64,64,64,64,64,64,64,64],"card_choices":[{"not_picked":["Dodge and Roll","Bane"],"picked":"Poisoned Stab","floor":1.0},{"not_picked":["Expertise","Deflect"],"picked":"Escape Plan","floor":3.0},{"not_picked":["Escape Plan+1","Endless Agony"],"picked":"Phantasmal Killer+1","floor":7.0},{"not_picked":["Eviscerate","Terror+1"],"picked":"Blade Dance+1","floor":10.0},{"not_picked":["Expertise+1","Masterful Stab"],"picked":"Caltrops","floor":11.0},{"not_picked":["Caltrops","All Out Attack"],"picked":"Leg Sweep+1","floor":12.0},{"not_picked":["Adrenaline+1","Venomology+1"],"picked":"Glass Knife","floor":16.0},{"not_picked":["Escape Plan+1","Dagger Spray"],"picked":"Blade Dance+1","floor":18.0},{"not_picked":["Flying Knee","Caltrops","Predator"],"picked":"SKIP","floor":21.0},{"not_picked":["Leg Sweep+1","Blade Dance+1"],"picked":"Cloak And Dagger+1","floor":23.0},{"not_picked":["Deadly Poison+1","Outmaneuver+1"],"picked":"Cloak And Dagger+1","floor":25.0},{"not_picked":["Setup+1","Deflect+1","Dodge and Roll+1"],"picked":"SKIP","floor":27.0},{"not_picked":["Dagger Throw+1","Deadly Poison+1"],"picked":"Burst+1","floor":29.0},{"not_picked":["Setup+1","Sucker Punch+1","Flying Knee+1"],"picked":"SKIP","floor":31.0},{"not_picked":["Wraith Form v2","Corpse Explosion+1"],"picked":"Bullet Time+1","floor":33.0},{"not_picked":["Quick Slash+1","Deadly Poison+1","Bane+1"],"picked":"SKIP","floor":35.0},{"not_picked":["Distraction+1","Leg Sweep+1","Acrobatics+1"],"picked":"SKIP","floor":40.0},{"not_picked":["Masterful Stab+1","All Out Attack+1","Distraction+1"],"picked":"SKIP","floor":41.0}],"player_experience":1006198,"relics_obtained":[{"floor":7.0,"key":"Toxic Egg 2"},{"floor":9.0,"key":"Shuriken"},{"floor":23.0,"key":"StrikeDummy"},{"floor":25.0,"key":"Anchor"},{"floor":26.0,"key":"Molten Egg 2"},{"floor":39.0,"key":"Potion Belt"},{"floor":40.0,"key":"Ancient Tea Set"},{"floor":43.0,"key":"Whetstone"}],"event_choices":[{"damage_healed":0.0,"max_hp_gain":0.0,"max_hp_loss":0.0,"gold_gain":0.0,"event_name":"Scrap Ooze","player_choice":"Success","floor":2.0,"gold_loss":0.0,"damage_taken":26.0,"relics_obtained":["Girya"]},{"damage_healed":0.0,"max_hp_gain":0.0,"max_hp_loss":6.0,"gold_gain":0.0,"event_name":"Golden Idol","player_choice":"Lose Max HP","floor":4.0,"gold_loss":0.0,"damage_taken":0.0,"relics_obtained":["Golden Idol"]},{"damage_healed":0.0,"max_hp_gain":0.0,"max_hp_loss":0.0,"gold_gain":0.0,"event_name":"Liars Game","player_choice":"Ignored","floor":5.0,"gold_loss":0.0,"damage_taken":0.0},{"damage_healed":15.0,"max_hp_gain":0.0,"max_hp_loss":0.0,"gold_gain":0.0,"event_name":"The Cleric","player_choice":"Healed","floor":14.0,"gold_loss":35.0,"damage_taken":0.0},{"damage_healed":0.0,"max_hp_gain":0.0,"max_hp_loss":0.0,"gold_gain":50.0,"event_name":"Nest","player_choice":"Stole From Cult","floor":19.0,"gold_loss":0.0,"damage_taken":0.0},{"cards_removed":["Strike_G"],"damage_healed":0.0,"max_hp_gain":0.0,"max_hp_loss":0.0,"gold_gain":0.0,"event_name":"Bonfire Elementals","player_choice":"Offered Basic","floor":20.0,"gold_loss":0.0,"damage_taken":0.0},{"damage_healed":0.0,"max_hp_gain":0.0,"max_hp_loss":3.0,"gold_gain":0.0,"event_name":"Winding Halls","player_choice":"Max HP","floor":36.0,"gold_loss":0.0,"damage_taken":0.0},{"cards_removed":["Caltrops"],"damage_healed":0.0,"max_hp_gain":0.0,"max_hp_loss":0.0,"gold_gain":0.0,"event_name":"Falling","player_choice":"Removed Power","floor":37.0,"gold_loss":0.0,"damage_taken":0.0},{"damage_healed":0.0,"max_hp_gain":0.0,"max_hp_loss":0.0,"gold_gain":333.0,"event_name":"The Moai Head","player_choice":"Gave Idol","floor":38.0,"relics_lost":["Golden Idol"],"gold_loss":0.0,"damage_taken":0.0}],"is_beta":false,"boss_relics":[{"not_picked":["SacredBark","Runic Dome"],"picked":"WristBlade"},{"not_picked":["Ring of the Serpent","Snecko Eye"],"picked":"Empty Cage"}],"items_purged_floors":[13,22,30,44],"is_endless":false,"potions_floor_spawned":[3,11,16,21,23,25,33,35,40],"killed_by":"Jaw Worm Horde","ascension_level":19}}