{"host":"pa65g39v0cwbmgvo","time":1609902484,"event":{"mods":["2.2 Compatiblity","ATMod(°¢èªMod)","BaseMod","Better Skull","Better Third Choice","BetterRewards","Dota2Spire","Minty Spire (QoL Compilation)","Quick Restart","Replay The Spire","Spicy Shops","StSLib","SuperFastMode","¡¾ÒÅÎï¿¨ÅÆ¡¿REMEMod"],"gold_per_floor":[109,109,121,135,146,181,194,194,194,229,5,16,16,47,47,152,152,167,184,30,30,30,63,63,88,88,88,88,88,118,138,138,240,240,251,266,315,334,440,469,504,504,504,504,519,77,102,122,122,122,122,122,22,57,57],"floor_reached":56,"playtime":3633,"items_purged":["Strike_R","Strike_R"],"score":1232,"play_id":"5fca0f0b-9639-448a-a74d-0a4834e5a95b","local_time":"20210106110804","is_ascension_mode":true,"campfire_choices":[{"data":"AT_CaressingTears","floor":8.0,"key":"SMITH"},{"data":"Inflame","floor":13.0,"key":"SMITH"},{"floor":15.0,"key":"REST"},{"data":"AT_BodySlamDance","floor":29.0,"key":"SMITH"},{"data":"Berserk","floor":32.0,"key":"SMITH"},{"floor":42,"key":"RECALL"},{"data":"Strike_R","floor":49,"key":"PURGE"},{"data":"REME_ACTH","floor":52,"key":"SMITH"}],"circlet_count":0,"master_deck":["Strike_R+1","Defend_R","Defend_R+1","Defend_R","Defend_R","Bash","AT_WindFlip","Body Slam","Body Slam","Inflame+1","AT_BodySlamDance+1","AT_CaressingTears+1","Pommel Strike","Berserk+1","Offering","Heavy Blade+1","Limit Break+1","Power Through","REME_ACTH+1","Sword Boomerang+1"],"relics":["Burning Blood","REME_ComplimentaryCards","AT_ATBox","NeowsBlessing","AT_ForceNature","Mummified Hand","Dota2Spire:UrnOfShadows","Juzu Bracelet","Snecko Heart","REME_CardOfGreed","MutagenicStrength","WingedGreaves","Strawberry","AT_ImmortalShieldbow","Frozen Egg 2","Busted Crown","Dota2Spire:AssaultCuirass","Vajra","Simple Rune","Orichalcum","Darkstone Periapt","Thread and Needle","Nunchaku","Replay:Bottled Steam","Unceasing Top"],"acts_visited":["Exordium","TheCity","TheBeyond","TheEnding"],"potions_floor_usage":[33,47,47,55],"damage_taken":[{"damage":0.0,"enemies":"Small Slimes","floor":1.0,"turns":1.0},{"damage":0.0,"enemies":"Cultist","floor":3.0,"turns":1.0},{"damage":0.0,"enemies":"2 Louse","floor":4.0,"turns":1.0},{"damage":16.0,"enemies":"Blue Slaver","floor":5.0,"turns":5.0},{"damage":17.0,"enemies":"Gremlin Nob","floor":6.0,"turns":4.0},{"damage":11.0,"enemies":"3 Louse","floor":7.0,"turns":4.0},{"damage":21.0,"enemies":"3 Sentries","floor":10.0,"turns":5.0},{"damage":3.0,"enemies":"Red Slaver","floor":12.0,"turns":2.0},{"damage":18.0,"enemies":"Lagavulin","floor":14.0,"turns":7.0},{"damage":27.0,"enemies":"Slime Boss","floor":16.0,"turns":7.0},{"damage":9.0,"enemies":"Chosen","floor":18.0,"turns":4.0},{"damage":10.0,"enemies":"Spheric Guardian","floor":19.0,"turns":3.0},{"damage":16.0,"enemies":"Gremlin Leader","floor":23.0,"turns":3.0},{"damage":21.0,"enemies":"Slavers","floor":25.0,"turns":3.0},{"damage":23.0,"enemies":"Replay:Snechameleon","floor":30.0,"turns":3.0},{"damage":6.0,"enemies":"3 Cultists","floor":31.0,"turns":3.0},{"damage":44,"enemies":"Collector","floor":33,"turns":6},{"damage":0,"enemies":"Orb Walker","floor":35,"turns":1},{"damage":0,"enemies":"3 Darklings","floor":36,"turns":3},{"damage":2,"enemies":"2 Orb Walkers","floor":37,"turns":2},{"damage":3,"enemies":"Writhing Mass","floor":38,"turns":1},{"damage":3,"enemies":"Reptomancer","floor":40,"turns":1},{"damage":6,"enemies":"Giant Head","floor":41,"turns":2},{"damage":8,"enemies":"Sphere and 2 Shapes","floor":45,"turns":3},{"damage":3,"enemies":"R_Hoarder","floor":47,"turns":2},{"damage":0,"enemies":"3 Darklings","floor":48,"turns":2},{"damage":3,"enemies":"Replay:Hell Engine","floor":50,"turns":3},{"damage":3,"enemies":"Shield and Spear","floor":54,"turns":2},{"damage":70,"enemies":"The Heart","floor":55,"turns":5}],"seed_played":"6751595244912808460","potions_obtained":[{"floor":3.0,"key":"SpeedPotion"},{"floor":4.0,"key":"Energy Potion"},{"floor":10.0,"key":"Energy Potion"},{"floor":16.0,"key":"SkillPotion"},{"floor":25.0,"key":"Reflective Coating"},{"floor":30.0,"key":"Doom Potion"},{"floor":31.0,"key":"Doom Potion"},{"floor":37,"key":"ColorlessPotion"},{"floor":41,"key":"AttackPotion"},{"floor":45,"key":"DistilledChaos"},{"floor":48,"key":"Energy Potion"}],"is_trial":false,"path_per_floor":["M","?","M","M","M","E","M","R","T","E","$","M","R","E","R","B",null,"M","M","$","?","?","E","?","E","T","?","$","R","E","M","R","B",null,"M","M","?","M","?","E","E","R","T","?","M","$","E","M","R","B",null,"R","$","E","B",null],"character_chosen":"IRONCLAD","items_purchased":["Dota2Spire:UrnOfShadows","REME_CardOfGreed","Thread and Needle","Nunchaku"],"campfire_rested":1,"item_purchase_floors":[11,20,46,46],"current_hp_per_floor":[80,80,80,80,70,59,54,54,54,47,47,50,50,38,62,47,80,80,76,76,76,76,66,66,68,68,68,68,68,54,54,54,27,87,87,87,87,87,76,83,87,87,87,87,87,87,87,87,87,87,87,87,87,87,87],"gold":57,"neow_bonus":"THREE_ENEMY_KILL","is_daily":false,"chose_seed":false,"campfire_upgraded":5,"win_rate":0.0,"timestamp":1609902484,"path_taken":["M","?","M","M","M","E","?","R","T","E","$","?","R","E","R","BOSS","M","M","$","?","?","E","?","E","T","?","?","R","E","M","R","BOSS","M","M","?","M","?","E","E","R","T","?","M","$","E","M","R","BOSS","R","$","E","BOSS"],"items_purchased_type":["Relic","Relic","Relic","Relic"],"build_version":"2020-12-22","purchased_purges":2,"victory":true,"max_hp_per_floor":[80,80,80,80,80,80,80,80,80,80,80,80,80,80,80,80,80,80,80,80,80,80,80,80,87,87,87,87,87,87,87,87,87,87,87,87,87,87,87,87,87,87,87,87,87,87,87,87,87,87,87,87,87,87,87],"card_choices":[{"not_picked":["Clothesline","Replay:Undeath\u0027s Touch"],"picked":"Body Slam","floor":1.0},{"not_picked":["Anger","Thunderclap"],"picked":"Inflame","floor":3.0},{"not_picked":["Run Through","Evolve","Clothesline"],"picked":"SKIP","floor":4.0},{"not_picked":["Body Slam","Pommel Strike"],"picked":"AT_BodySlamDance","floor":5.0},{"not_picked":["Havoc","REME_FearOfPain","AT_BodySlamDance"],"picked":"SKIP","floor":6.0},{"not_picked":["AT_IchimonjiDouble","Massacre"],"picked":"AT_CaressingTears","floor":7.0},{"not_picked":["Demonic Infusion","Second Wind","Reaper"],"picked":"SKIP","floor":10.0},{"not_picked":["Flame Barrier","Run Through"],"picked":"Pommel Strike","floor":12.0},{"not_picked":["Uppercut","Searing Blow"],"picked":"Berserk","floor":14.0},{"not_picked":["Demonic Infusion","Eclipse"],"picked":"Offering","floor":16.0},{"not_picked":["ReplayTheSpireMod:Strike From Hell","AT_IchimonjiDouble"],"picked":"Heavy Blade+1","floor":18.0},{"not_picked":["Anger","Bloodletting","Intimidate+1"],"picked":"SKIP","floor":19.0},{"not_picked":["Whirlwind","Perfected Strike+1","Pommel Strike"],"picked":"SKIP","floor":23.0},{"not_picked":["Seeing Red+1","Replay:Undeath\u0027s Touch+1"],"picked":"Limit Break","floor":25.0},{"not_picked":["Intimidate","Offering","Entrench+1"],"picked":"SKIP","floor":30.0},{"not_picked":["Headbutt","Havoc"],"picked":"Power Through","floor":31.0},{"not_picked":["Immolate","Berserk+1"],"picked":"REME_ACTH","floor":33},{"not_picked":[],"picked":"Sword Boomerang+1","floor":35},{"not_picked":["Twin Strike+1"],"picked":"SKIP","floor":36},{"not_picked":["AT_DrawKnifeCut"],"picked":"SKIP","floor":38},{"not_picked":["Second Wind+1"],"picked":"SKIP","floor":40},{"not_picked":["Combust+1"],"picked":"SKIP","floor":41},{"not_picked":["REME_SingleHolding"],"picked":"SKIP","floor":45},{"not_picked":["Flex+1"],"picked":"SKIP","floor":47},{"not_picked":["Headbutt+1"],"picked":"SKIP","floor":48},{"not_picked":["Combust+1"],"picked":"SKIP","floor":54}],"player_experience":46011,"relics_obtained":[{"floor":6.0,"key":"AT_ForceNature"},{"floor":10.0,"key":"Mummified Hand"},{"floor":14.0,"key":"Juzu Bracelet"},{"floor":23.0,"key":"WingedGreaves"},{"floor":25.0,"key":"Strawberry"},{"floor":26.0,"key":"AT_ImmortalShieldbow"},{"floor":30.0,"key":"Frozen Egg 2"},{"floor":37,"key":"Dota2Spire:AssaultCuirass"},{"floor":40,"key":"Simple Rune"},{"floor":41,"key":"Orichalcum"},{"floor":43,"key":"Darkstone Periapt"},{"floor":47,"key":"Replay:Bottled Steam"},{"floor":54,"key":"Unceasing Top"}],"event_choices":[{"damage_healed":0.0,"max_hp_gain":0.0,"max_hp_loss":0.0,"gold_gain":0.0,"event_name":"Drug Dealer","player_choice":"Inject Mutagens","floor":21.0,"gold_loss":0.0,"damage_taken":0.0,"relics_obtained":["MutagenicStrength"]},{"damage_healed":0.0,"max_hp_gain":0.0,"max_hp_loss":0.0,"gold_gain":0.0,"event_name":"Vampires","player_choice":"Ignored","floor":22.0,"gold_loss":0.0,"damage_taken":0.0},{"cards_removed":["Strike_R"],"damage_healed":0.0,"max_hp_gain":0.0,"max_hp_loss":0.0,"gold_gain":0.0,"event_name":"Purifier","player_choice":"Purged","floor":24.0,"gold_loss":0.0,"damage_taken":0.0},{"damage_healed":0.0,"max_hp_gain":0.0,"max_hp_loss":0.0,"gold_gain":0.0,"event_name":"Accursed Blacksmith","player_choice":"Forge","floor":27.0,"gold_loss":0.0,"damage_taken":0.0,"cards_upgraded":["Limit Break"]},{"damage_healed":0,"gold_gain":0,"player_choice":"Fight","damage_taken":0,"max_hp_gain":0,"max_hp_loss":0,"event_name":"Mysterious Sphere","floor":37,"gold_loss":0},{"damage_healed":0,"gold_gain":106,"player_choice":"GO RE ","damage_taken":28,"relics_obtained":["Vajra"],"max_hp_gain":0,"max_hp_loss":0,"event_name":"betterSkull:BetterSkull","floor":39,"gold_loss":0,"cards_upgraded":[]},{"damage_healed":0,"gold_gain":0,"player_choice":"Bought 0 Potions","damage_taken":0,"max_hp_gain":0,"max_hp_loss":0,"event_name":"The Woman in Blue","floor":44,"gold_loss":0}],"is_beta":false,"boss_relics":[{"not_picked":["Ring of Chaos","SacredBark"],"picked":"Snecko Heart"},{"not_picked":["Honey Jar","Painkiller Herb"],"picked":"Busted Crown"}],"items_purged_floors":[11,53],"is_endless":false,"potions_floor_spawned":[3,4,10,16,25,30,31,37,38,41,45,48],"ascension_level":1}}