{"host":"ecaj4hn004xnnrw9","time":1609905194,"event":{"mods":["AchievementEnabler","BaseMod","Hermit","Minty Spire (QoL Compilation)","Quick Restart","Replay The Spire","Shop Mod","StSLib","The Jungle"],"gold_per_floor":[369,22,22,38,38,38,69,85,167,190,230,250,250,270,270,396,396,414,16,32,47,47,47,81,27,27,48,66,99,99,120,120,246,246,271,339,357,357,357,392,48,48,48,68,68,89,105,144,144,144,144,144,21,57,57],"floor_reached":56,"playtime":2556,"items_purged":["Clumsy","Strike_P","Defend_P"],"score":2353,"play_id":"7450a5e5-09cc-4d06-af50-9b7c656dbfe2","local_time":"20210106035314","is_ascension_mode":true,"campfire_choices":[{"data":"Apotheosis","floor":6,"key":"SMITH"},{"data":"Eruption","floor":13,"key":"SMITH"},{"data":"TalkToTheHand","floor":15,"key":"SMITH"},{"floor":23,"key":"RECALL"},{"data":"Strike_P","floor":32,"key":"PURGE"},{"floor":42,"key":"REST"},{"floor":49,"key":"REST"},{"floor":52,"key":"REST"}],"circlet_count":0,"master_deck":["Defend_P+1","Defend_P+1","Eruption+1","Vigilance+1","FlurryOfBlows+1","Apotheosis+1","FlurryOfBlows","Pot Of Greed","Pot Of Greed+1","WindmillStrike","SashWhip","TalkToTheHand+1","Vault+1","CrushJoints+1","SandsOfTime+1","Consecrate","Halt","Tantrum+1","Pot Of Greed+1","LessonLearned","FlurryOfBlows+1","Perseverance+1","Wallop+1","FlurryOfBlows","TalkToTheHand","Vault"],"relics":["PureWater","ReplayTheSpireMod:TigerMarble","ReplayTheSpireMod:CursedCoin","Golden Idol","Grinning Jar","ReplayTheSpireMod:Shallot","Bag of Marbles","Fusion Hammer","Juzu Bracelet","Pet Ghost","Pantograph","Replay:Towering Pillar of Hats","War Paint","Replay:Wax Seal","Replay:Drink Me","Pondfish Scales","Torii","ClockworkSouvenir","Art of War","Damaru"],"acts_visited":["Exordium","TheCity","TheBeyond","TheEnding"],"potions_floor_usage":[11,16,33,36,40,55,55],"damage_taken":[{"damage":1,"enemies":"2 Louse","floor":1,"turns":2},{"damage":0,"enemies":"Small Slimes","floor":4,"turns":2},{"damage":0,"enemies":"Gremlin Nob","floor":7,"turns":2},{"damage":0,"enemies":"Jaw Worm","floor":8,"turns":2},{"damage":0,"enemies":"2 Fungi Beasts","floor":10,"turns":2},{"damage":1,"enemies":"Lagavulin","floor":11,"turns":5},{"damage":0,"enemies":"Exordium Thugs","floor":12,"turns":3},{"damage":0,"enemies":"Blue Slaver","floor":14,"turns":1},{"damage":0,"enemies":"Slime Boss","floor":16,"turns":3},{"damage":0,"enemies":"Spheric Guardian","floor":18,"turns":3},{"damage":0,"enemies":"Chosen","floor":20,"turns":3},{"damage":0,"enemies":"Centurion and Healer","floor":21,"turns":4},{"damage":0,"enemies":"Book of Stabbing","floor":24,"turns":3},{"damage":0,"enemies":"Snecko","floor":27,"turns":2},{"damage":0,"enemies":"Snake Plant","floor":28,"turns":3},{"damage":11,"enemies":"Replay:Snechameleon","floor":29,"turns":3},{"damage":0,"enemies":"Shelled Parasite and Fungi","floor":31,"turns":3},{"damage":0,"enemies":"Pondfish","floor":33,"turns":5},{"damage":0,"enemies":"3 Darklings","floor":35,"turns":3},{"damage":0,"enemies":"2 Orb Walkers","floor":36,"turns":4},{"damage":0,"enemies":"Orb Walker","floor":37,"turns":2},{"damage":0,"enemies":"R_Hoarder","floor":40,"turns":3},{"damage":1,"enemies":"Maw","floor":44,"turns":5},{"damage":0,"enemies":"Spire Growth","floor":46,"turns":3},{"damage":0,"enemies":"Writhing Mass","floor":47,"turns":4},{"damage":0,"enemies":"Giant Head","floor":48,"turns":3},{"damage":0,"enemies":"Donu and Deca","floor":50,"turns":5},{"damage":24,"enemies":"Shield and Spear","floor":54,"turns":4},{"damage":1,"enemies":"The Heart","floor":55,"turns":7}],"seed_played":"4285986538737208254","potions_obtained":[{"floor":8,"key":"Fire Potion"},{"floor":10,"key":"SteroidPotion"},{"floor":12,"key":"Elixir"},{"floor":21,"key":"Energy Potion"},{"floor":24,"key":"Regen Potion"},{"floor":28,"key":"LiquidMemories"},{"floor":33,"key":"Energy Potion"},{"floor":36,"key":"Dexterity Potion"},{"floor":40,"key":"LifebloodPotion"}],"is_trial":false,"path_per_floor":["M","$","?","M","?","R","E","M","T","M","E","M","R","M","R","B",null,"M","$","M","M","?","R","E","$","T","M","M","E","?","M","R","B",null,"M","?","M","?","?","E","$","R","T","M","?","M","M","E","R","B",null,"R","$","E","B",null],"character_chosen":"WATCHER","items_purchased":["Apotheosis","ReplayTheSpireMod:TigerMarble","ReplayTheSpireMod:CursedCoin","StancePotion","Juzu Bracelet","Pet Ghost","Consecrate","ClockworkSouvenir","Wallop","TalkToTheHand","PowerPotion"],"campfire_rested":3,"item_purchase_floors":[2,2,2,2,19,19,25,41,41,53,53],"current_hp_per_floor":[46,46,46,46,46,46,46,46,46,46,45,45,45,45,45,45,62,62,62,62,62,62,62,62,62,62,62,62,51,51,51,51,67,51,51,51,51,51,51,51,51,51,51,50,50,50,50,50,51,51,51,51,51,27,50],"gold":57,"neow_bonus":"TWO_FIFTY_GOLD","is_daily":false,"chose_seed":false,"campfire_upgraded":3,"win_rate":0.0,"timestamp":1609905194,"path_taken":["M","$","?","M","?","R","E","M","T","?","E","M","R","M","R","BOSS","M","$","M","M","?","R","E","?","T","M","M","E","?","M","R","BOSS","M","?","M","?","?","E","?","R","T","M","?","M","M","E","R","BOSS","R","$","E","BOSS"],"items_purchased_type":["Card","Relic","Relic","Potion","Relic","Relic","Card","Relic","Card","Card","Potion"],"build_version":"2020-12-22","purchased_purges":3,"victory":true,"max_hp_per_floor":[72,72,67,67,67,67,67,67,67,67,67,67,67,67,67,67,67,67,67,67,67,67,67,67,67,67,67,67,67,67,67,67,67,51,51,51,51,51,51,51,51,51,51,51,51,51,51,51,51,51,51,51,51,51,51],"card_choices":[{"not_picked":["Crescendo","Nirvana"],"picked":"FlurryOfBlows","floor":1},{"not_picked":["Replay:DivineShield","InnerPeace"],"picked":"FlurryOfBlows","floor":4},{"not_picked":["SignatureMove","Replay:ManipulateFuture","PathToVictory"],"picked":"SKIP","floor":7},{"not_picked":["Prostrate","Replay:LoomingThreat"],"picked":"BowlingBash","floor":8},{"not_picked":["LikeWater","Replay:ManipulateFuture"],"picked":"WindmillStrike","floor":10},{"not_picked":["Protect","Fasting2","ClearTheMind"],"picked":"SKIP","floor":11},{"not_picked":["BowlingBash","InnerPeace"],"picked":"SashWhip","floor":12},{"not_picked":["Vengeance","CarveReality"],"picked":"TalkToTheHand","floor":14},{"not_picked":["Establishment","Wish"],"picked":"Vault","floor":16},{"not_picked":["Replay:Cycle","Crescendo"],"picked":"CrushJoints+1","floor":18},{"not_picked":["FlyingSleeves","MentalFortress","Replay:Battleflow"],"picked":"SKIP","floor":20},{"not_picked":["Evaluate+1","ClearTheMind","BowlingBash"],"picked":"SKIP","floor":21},{"not_picked":["Study","CutThroughFate"],"picked":"FlurryOfBlows","floor":24},{"not_picked":["Weave","PathToVictory+1","EmptyFist"],"picked":"SKIP","floor":27},{"not_picked":["Vengeance","ThirdEye","FlyingSleeves"],"picked":"SKIP","floor":28},{"not_picked":["LessonLearned","CarveReality"],"picked":"Halt","floor":29},{"not_picked":["Weave","ClearTheMind"],"picked":"Tantrum+1","floor":31},{"not_picked":["SpiritShield","Establishment"],"picked":"LessonLearned","floor":33},{"not_picked":["ReachHeaven+1","Consecrate+1"],"picked":"FlurryOfBlows+1","floor":35},{"not_picked":["FlurryOfBlows","Halt","Fasting2"],"picked":"SKIP","floor":37},{"not_picked":["ClearTheMind","SashWhip+1"],"picked":"Perseverance+1","floor":40},{"not_picked":["CutThroughFate","Replay:Battleflow","Wireheading+1"],"picked":"SKIP","floor":44},{"not_picked":["LikeWater+1","Tantrum+1","BowlingBash+1"],"picked":"SKIP","floor":46},{"not_picked":["ForeignInfluence","JustLucky","Judgement"],"picked":"SKIP","floor":47},{"not_picked":["EmptyBody+1","Protect+1"],"picked":"FlurryOfBlows","floor":48},{"not_picked":["FlurryOfBlows+1","SandsOfTime+1"],"picked":"Vault","floor":54}],"player_experience":233320,"relics_obtained":[{"floor":7,"key":"Grinning Jar"},{"floor":9,"key":"ReplayTheSpireMod:Shallot"},{"floor":11,"key":"Bag of Marbles"},{"floor":24,"key":"Pantograph"},{"floor":26,"key":"Replay:Towering Pillar of Hats"},{"floor":29,"key":"War Paint"},{"floor":36,"key":"Pondfish Scales"},{"floor":40,"key":"Torii"},{"floor":48,"key":"Art of War"},{"floor":54,"key":"Damaru"}],"event_choices":[{"damage_healed":0,"gold_gain":0,"player_choice":"Lose Max HP","damage_taken":0,"relics_obtained":["Golden Idol"],"max_hp_gain":0,"max_hp_loss":5,"event_name":"Golden Idol","floor":3,"gold_loss":0},{"damage_healed":0,"gold_gain":0,"cards_transformed":["Strike_P"],"player_choice":"Transformed","damage_taken":0,"max_hp_gain":0,"max_hp_loss":0,"event_name":"Transmorgrifier","floor":22,"gold_loss":0,"cards_obtained":["SandsOfTime"]},{"damage_healed":0,"gold_gain":0,"player_choice":"Opened","damage_taken":0,"relics_obtained":["Replay:Wax Seal"],"max_hp_gain":0,"max_hp_loss":0,"event_name":"The Mausoleum","floor":30,"gold_loss":0},{"damage_healed":0,"gold_gain":0,"player_choice":"Fight","damage_taken":0,"max_hp_gain":0,"max_hp_loss":0,"event_name":"Mysterious Sphere","floor":36,"gold_loss":0},{"damage_healed":0,"gold_gain":0,"player_choice":"Ignored","damage_taken":0,"max_hp_gain":0,"max_hp_loss":0,"event_name":"Tomb of Lord Red Mask","floor":38,"gold_loss":0},{"cards_removed":["FlurryOfBlows"],"damage_healed":0,"gold_gain":0,"player_choice":"Removed Attack","damage_taken":0,"max_hp_gain":0,"max_hp_loss":0,"event_name":"Falling","floor":39,"gold_loss":0},{"damage_healed":0,"gold_gain":0,"player_choice":"Upgraded","damage_taken":0,"max_hp_gain":0,"max_hp_loss":0,"event_name":"Upgrade Shrine","floor":45,"gold_loss":0,"cards_upgraded":["Vault"]}],"is_beta":false,"boss_relics":[{"not_picked":["Honey Jar","Snecko Eye"],"picked":"Fusion Hammer"},{"not_picked":["Black Star","Cursed Key"],"picked":"Replay:Drink Me"}],"items_purged_floors":[2,19,41],"is_endless":false,"potions_floor_spawned":[8,10,12,21,24,28,29,33,36,40,44,46,54],"ascension_level":7}}