{"host":"egyxg9lnjq7g2hmw","time":1609959781,"event":{"mods":["AchievementEnabler","BaseMod","Block Reminder","Colored Map","Colored Powertips","Highlight Path","Minty Spire (QoL Compilation)","Rare Cards Sparkle","StSLib"],"gold_per_floor":[111,111,128,128,140,173,173,201,228,253,253,264,264,280,280,280,280],"floor_reached":16,"playtime":1052,"items_purged":[],"score":174,"play_id":"07ae8ffa-0fff-4505-bb66-4017e97f1166","local_time":"20210106110301","is_ascension_mode":true,"campfire_choices":[{"data":"Double Energy","floor":7.0,"key":"SMITH"},{"floor":11,"key":"REST"},{"data":"Fission","floor":15,"key":"SMITH"}],"circlet_count":0,"master_deck":["Strike_B","Strike_B","Strike_B","Strike_B","Defend_B","Defend_B","Defend_B","Defend_B","Zap","Dualcast","Genetic Algorithm+1","Pain","Go for the Eyes","FTL","Double Energy+1","Rebound","Capacitor","Melter","Fission+1"],"relics":["Cracked Core","NeowsBlessing","WarpedTongs","Bag of Marbles","MealTicket","Tiny Chest","Turnip"],"acts_visited":["Exordium"],"potions_floor_usage":[16,16],"damage_taken":[{"damage":0.0,"enemies":"Small Slimes","floor":1.0,"turns":1.0},{"damage":0.0,"enemies":"Cultist","floor":3.0,"turns":1.0},{"damage":2.0,"enemies":"Jaw Worm","floor":5.0,"turns":1.0},{"damage":21.0,"enemies":"Lagavulin","floor":6.0,"turns":9.0},{"damage":6.0,"enemies":"Gremlin Nob","floor":8.0,"turns":3.0},{"damage":33,"enemies":"3 Sentries","floor":10,"turns":7},{"damage":11,"enemies":"Exordium Thugs","floor":12,"turns":4},{"damage":0,"enemies":"2 Fungi Beasts","floor":14,"turns":2},{"damage":23,"enemies":"Hexaghost","floor":16,"turns":9}],"seed_played":"2859422866668145882","potions_obtained":[{"floor":1.0,"key":"DuplicationPotion"},{"floor":6.0,"key":"AttackPotion"},{"floor":8,"key":"LiquidBronze"}],"is_trial":false,"path_per_floor":["M","?","M","?","M","E","R","E","T","E","R","M","?","M","R","B"],"character_chosen":"DEFECT","items_purchased":[],"campfire_rested":1,"item_purchase_floors":[],"current_hp_per_floor":[68,68,68,68,66,45,45,39,39,6,28,17,22,22,22,0,0],"gold":280,"neow_bonus":"THREE_ENEMY_KILL","is_daily":false,"chose_seed":false,"campfire_upgraded":2,"win_rate":0.0,"timestamp":1609959781,"path_taken":["M","?","?","?","?","E","R","E","T","E","R","M","?","M","R","BOSS"],"items_purchased_type":[],"build_version":"2020-12-22","purchased_purges":0,"victory":false,"max_hp_per_floor":[75,75,75,75,75,75,75,75,75,75,75,75,80,80,80,80,80],"card_choices":[{"not_picked":["Cold Snap","Compile Driver"],"picked":"Genetic Algorithm","floor":1.0},{"not_picked":["Beam Cell","Auto Shields"],"picked":"Go for the Eyes","floor":3.0},{"not_picked":["Redo","Meteor Strike"],"picked":"FTL","floor":5.0},{"not_picked":["Beam Cell","Conserve Battery"],"picked":"Double Energy","floor":6.0},{"not_picked":["Reprogram","Consume"],"picked":"Rebound","floor":8},{"not_picked":["Barrage","Streamline"],"picked":"Capacitor","floor":10},{"not_picked":["Turbo","Blizzard"],"picked":"Melter","floor":12},{"not_picked":["Redo","Stack"],"picked":"Fission","floor":14}],"player_experience":584226,"relics_obtained":[{"floor":6.0,"key":"Bag of Marbles"},{"floor":8,"key":"MealTicket"},{"floor":9,"key":"Tiny Chest"},{"floor":10,"key":"Turnip"}],"event_choices":[{"damage_healed":0.0,"max_hp_gain":0.0,"max_hp_loss":0.0,"gold_gain":0.0,"event_name":"Accursed Blacksmith","player_choice":"Rummage","floor":2.0,"gold_loss":0.0,"damage_taken":0.0,"relics_obtained":["WarpedTongs"],"cards_obtained":["Pain"]},{"damage_healed":0.0,"max_hp_gain":0.0,"max_hp_loss":0.0,"gold_gain":0.0,"event_name":"Upgrade Shrine","player_choice":"Upgraded","floor":4.0,"gold_loss":0.0,"damage_taken":0.0,"cards_upgraded":["Genetic Algorithm"]},{"damage_healed":0,"gold_gain":0,"player_choice":"Donut","damage_taken":0,"max_hp_gain":5,"max_hp_loss":0,"event_name":"Big Fish","floor":13,"gold_loss":0}],"is_beta":false,"boss_relics":[],"items_purged_floors":[],"is_endless":false,"potions_floor_spawned":[1,6,8],"killed_by":"Hexaghost","ascension_level":9}}