{"host":"urvvf8749ekcxo1a","time":1609928321,"event":{"mods":["BaseMod","Better Match","Better Sensory Stone","BetterRewards","Evolution","Gold Saver","Minty Spire (QoL Compilation)","Shop Mod","StSLib","The Disciple","The Dragon Tamer","The Marked","The Necromancer","The Servant 0.9.4","UnlockEverythingMod"],"gold_per_floor":[118,72,131,55,66,98,98,109,135,155,155,80,80,115,115,243,243,264,189,203,203,203,246,246,256,256,256,276,276,296,121,121,221,271,281,292,340,340,340],"floor_reached":38,"playtime":1413,"items_purged":[],"score":477,"play_id":"7e4d54b4-81e6-4d7b-b62f-ad5f9b4ecd1c","local_time":"20210106051841","is_ascension_mode":false,"campfire_choices":[{"data":"theMarked:MysticalArsenal","floor":7,"key":"SMITH"},{"data":"theMarked:HeritageOfTheMarked","floor":11,"key":"SMITH"},{"floor":15,"key":"REST"},{"floor":27,"key":"REST"},{"floor":29,"key":"REST"},{"floor":32,"key":"REST"}],"circlet_count":0,"master_deck":["theMarked:Strike","theMarked:Strike","theMarked:Strike","theMarked:Strike","theMarked:Strike","theMarked:Defend","theMarked:Defend","theMarked:Defend","theMarked:Defend","theMarked:SoldierOfQuellstein","theMarked:MysticalArsenal+1","theMarked:ChainLightning","theMarked:HeritageOfTheMarked+1","theMarked:HeritageOfTheMarked","theMarked:PowerFlow","theMarked:Static","theMarked:PowerFlow+1","theMarked:DeterminationOfTheMarked+1","theMarked:GodGivenPower+1","theMarked:WardOff","theMarked:EternalStudent","theMarked:Aftermath","theMarked:EmpowerWeapon","theMarked:SoldierForm+1","theMarked:EmpowerWeapon","theMarked:Electrocute","theMarked:ComboAttacks","theMarked:UnarmedFury","theMarked:TwofoldDefense","theMarked:Opportunist+1","theMarked:Generate+1","theMarked:BanishingWave+1"],"relics":["theMarked:ArtifactOfAir","EVO:Axolotl","NeowsBlessing","PreservedInsect","Nunchaku","Bloody Idol","Orichalcum","theMarked:SpiritSword","Centennial Puzzle","Darkstone Periapt","Tiny House","Mango"],"acts_visited":["Exordium","TheCity","TheBeyond"],"potions_floor_usage":[10,14,16,23,25,28,33,33,33,35,36,37,37],"damage_taken":[{"damage":0,"enemies":"Cultist","floor":1,"turns":1},{"damage":0,"enemies":"Small Slimes","floor":5,"turns":1},{"damage":0,"enemies":"Lagavulin","floor":6,"turns":1},{"damage":11,"enemies":"Jaw Worm","floor":8,"turns":4},{"damage":15,"enemies":"Exordium Wildlife","floor":10,"turns":4},{"damage":27,"enemies":"Gremlin Nob","floor":14,"turns":5},{"damage":0,"enemies":"Slime Boss","floor":16,"turns":4},{"damage":7,"enemies":"Chosen","floor":18,"turns":4},{"damage":13,"enemies":"3 Byrds","floor":20,"turns":4},{"damage":40,"enemies":"Slavers","floor":23,"turns":4},{"damage":18,"enemies":"Sentry and Sphere","floor":25,"turns":4},{"damage":27,"enemies":"Shelled Parasite and Fungi","floor":28,"turns":4},{"damage":11,"enemies":"3 Cultists","floor":30,"turns":4},{"damage":18,"enemies":"Champ","floor":33,"turns":6},{"damage":18,"enemies":"3 Shapes","floor":35,"turns":6},{"damage":22,"enemies":"3 Darklings","floor":36,"turns":3},{"damage":39,"enemies":"2 Orb Walkers","floor":37,"turns":4},{"damage":22,"enemies":"Jaw Worm Horde","floor":38,"turns":2}],"seed_played":"7225312526860226639","potions_obtained":[{"floor":1,"key":"Regen Potion"},{"floor":8,"key":"Block Potion"},{"floor":10,"key":"ColorlessPotion"},{"floor":14,"key":"GamblersBrew"},{"floor":20,"key":"Regen Potion"},{"floor":23,"key":"FairyPotion"},{"floor":25,"key":"EssenceOfSteel"},{"floor":34,"key":"EntropicBrew"},{"floor":35,"key":"Energy Potion"}],"is_trial":false,"path_per_floor":["M","$","?","$","M","E","R","M","T","M","R","?","?","E","R","B",null,"M","?","M","?","?","E","?","M","T","R","M","R","M","$","R","B",null,"M","M","?","M"],"character_chosen":"THE_DEFAULT","items_purchased":["theMarked:ChainLightning","theMarked:HeritageOfTheMarked","BlessingOfTheForge","Strength Potion","EssenceOfSteel"],"campfire_rested":4,"item_purchase_floors":[2,4,31,31,31],"current_hp_per_floor":[70,70,70,70,70,70,70,59,59,53,53,53,53,26,45,45,65,58,58,45,45,45,17,17,24,24,43,21,40,34,34,53,40,70,57,40,20,0,0],"gold":340,"neow_bonus":"THREE_ENEMY_KILL","is_daily":false,"chose_seed":false,"campfire_upgraded":2,"win_rate":0.0,"timestamp":1609928321,"path_taken":["M","?","?","?","M","E","R","?","T","M","R","?","?","E","R","BOSS","M","?","M","?","?","E","?","M","T","R","M","R","?","?","R","BOSS","M","M","?","M"],"items_purchased_type":["Card","Card","Potion","Potion","Potion"],"build_version":"2020-12-22","purchased_purges":0,"victory":false,"max_hp_per_floor":[70,70,70,70,70,70,70,70,70,70,70,70,65,65,65,65,65,65,65,65,65,65,65,65,65,65,65,65,65,65,65,65,65,70,70,70,84,84,84],"card_choices":[{"not_picked":["theMarked:AttractMetal","theMarked:Generate"],"picked":"theMarked:MysticalArsenal","floor":1},{"not_picked":["theMarked:WastefulAttack","theMarked:AttractMetal"],"picked":"theMarked:HeritageOfTheMarked","floor":5},{"not_picked":["theMarked:SwordAndMagic","theMarked:Improvise"],"picked":"theMarked:Frustration","floor":6},{"not_picked":["theMarked:ElectricStrings","theMarked:WastefulDefense"],"picked":"theMarked:PowerFlow","floor":8},{"not_picked":["theMarked:CreepingChasm","theMarked:LightningStrikesTwice"],"picked":"theMarked:Static","floor":10},{"not_picked":["theMarked:ElementalBlade+1","theMarked:LightningStrikesTwice+1"],"picked":"theMarked:PowerFlow+1","floor":12},{"not_picked":["theMarked:Indomitable+1","theMarked:AttractMetal+1"],"picked":"theMarked:DeterminationOfTheMarked+1","floor":12},{"not_picked":["theMarked:BanishingWave+1","theMarked:HeritageOfTheMarked+1"],"picked":"theMarked:GodGivenPower+1","floor":12},{"not_picked":["theMarked:Frustration","theMarked:ContemptForTheProud"],"picked":"theMarked:WardOff","floor":14},{"not_picked":["theMarked:SuspiciousRaven","theMarked:Challenge"],"picked":"theMarked:EternalStudent","floor":16},{"not_picked":["theMarked:TakeCover","theMarked:RepellingDischarge+1"],"picked":"theMarked:Aftermath","floor":18},{"not_picked":["theMarked:TwofoldDefense+1","theMarked:PowerFlow"],"picked":"theMarked:EmpowerWeapon","floor":20},{"not_picked":["theMarked:Improvise+1","theMarked:ResourceFulStrike"],"picked":"theMarked:SoldierForm","floor":23},{"not_picked":["theMarked:BanishingStrike","theMarked:Improvise+1"],"picked":"theMarked:EmpowerWeapon","floor":25},{"not_picked":["theMarked:Opportunist+1","theMarked:TunnelVision+1"],"picked":"theMarked:Electrocute","floor":28},{"not_picked":["theMarked:ResourceFulStrike","theMarked:Electrify"],"picked":"theMarked:ComboAttacks","floor":30},{"not_picked":["theMarked:MuscleMemory","theMarked:SummonStrength"],"picked":"theMarked:UnarmedFury","floor":33},{"not_picked":["theMarked:BanishingStrike","theMarked:WastefulDefense"],"picked":"theMarked:TwofoldDefense","floor":34},{"not_picked":["theMarked:Parkour+1","theMarked:ChainLightning+1"],"picked":"theMarked:Opportunist+1","floor":35},{"not_picked":["theMarked:Frustration+1","theMarked:ShockingTouch+1"],"picked":"theMarked:Generate+1","floor":36},{"not_picked":["theMarked:SwordAndMagic+1","theMarked:Improvise+1"],"picked":"theMarked:BanishingWave+1","floor":37}],"player_experience":109672,"relics_obtained":[{"floor":6,"key":"PreservedInsect"},{"floor":9,"key":"Nunchaku"},{"floor":14,"key":"Orichalcum"},{"floor":23,"key":"Centennial Puzzle"},{"floor":26,"key":"Darkstone Periapt"},{"floor":37,"key":"Mango"}],"event_choices":[{"damage_healed":0,"gold_gain":59,"player_choice":"Gained Gold","damage_taken":0,"max_hp_gain":0,"max_hp_loss":0,"event_name":"Golden Wing","floor":3,"gold_loss":0},{"damage_healed":0,"gold_gain":0,"player_choice":"3","damage_taken":0,"max_hp_gain":0,"max_hp_loss":0,"event_name":"betterMatch:BetterMatch","floor":12,"gold_loss":0,"cards_obtained":["betterMatch:UncommonCard"]},{"damage_healed":0,"gold_gain":0,"player_choice":"Lose Max HP","damage_taken":0,"relics_obtained":["Golden Idol"],"max_hp_gain":0,"max_hp_loss":5,"event_name":"Golden Idol","floor":13,"gold_loss":0},{"cards_removed":["theMarked:Frustration"],"damage_healed":0,"gold_gain":0,"player_choice":"Gave Gold","damage_taken":0,"max_hp_gain":0,"max_hp_loss":0,"event_name":"Beggar","floor":19,"gold_loss":75},{"damage_healed":0,"gold_gain":0,"player_choice":"Ignored","damage_taken":0,"max_hp_gain":0,"max_hp_loss":0,"event_name":"Ghosts","floor":21,"gold_loss":0},{"damage_healed":0,"gold_gain":0,"player_choice":"Ignored","damage_taken":0,"max_hp_gain":0,"max_hp_loss":0,"event_name":"Vampires","floor":22,"gold_loss":0},{"damage_healed":0,"gold_gain":0,"player_choice":"Gave Idol","damage_taken":0,"relics_obtained":["Bloody Idol"],"max_hp_gain":0,"max_hp_loss":0,"event_name":"Forgotten Altar","floor":24,"relics_lost":["Golden Idol"],"gold_loss":0},{"damage_healed":0,"gold_gain":0,"player_choice":"Fight","damage_taken":0,"max_hp_gain":0,"max_hp_loss":0,"event_name":"Mysterious Sphere","floor":37,"gold_loss":0}],"is_beta":false,"boss_relics":[{"not_picked":["Black Star","SlaversCollar"],"picked":"theMarked:SpiritSword"},{"not_picked":["Empty Cage","theMarked:Eyepatch"],"picked":"Tiny House"}],"items_purged_floors":[],"is_endless":false,"potions_floor_spawned":[1,8,10,14,20,23,25,35],"killed_by":"Jaw Worm Horde","ascension_level":0}}