{"host":"Timothy","time":1609929972,"event":{"mods":["AchievementEnabler","BaseMod","Bestiary","Highlight Path","Minty Spire (QoL Compilation)","Quick Restart","Slay-I"],"gold_per_floor":[111,129,79,79,79,79,111,123,162,186,223,235,264,296,308,417,429,458,470,138,138,138,138,170,92,92,117,130,130,140,151,151,249,249,267,267,280,294,306,306,339,339,393,393,411,411,424,444,444,444,444,444,209,209,209],"floor_reached":54,"playtime":5306,"items_purged":["Strike_P"],"score":815,"play_id":"1debe867-d803-49bd-b4a8-b1696b60b7c0","local_time":"20210106024612","is_ascension_mode":false,"campfire_choices":[{"data":"Eruption","floor":8.0,"key":"SMITH"},{"data":"Vigilance","floor":12.0,"key":"SMITH"},{"data":"Conclude","floor":15.0,"key":"SMITH"},{"data":"RitualDagger","floor":23.0,"key":"SMITH"},{"data":"Nirvana","floor":29.0,"key":"SMITH"},{"data":"Nirvana","floor":32.0,"key":"SMITH"},{"data":"ThirdEye","floor":40.0,"key":"SMITH"},{"data":"FlurryOfBlows","floor":42.0,"key":"SMITH"},{"data":"Wallop","floor":44.0,"key":"SMITH"},{"floor":49,"key":"RECALL"},{"floor":52,"key":"REST"}],"circlet_count":0,"master_deck":["Defend_P+1","Eruption+1","Vigilance+1","Sanctity+1","Consecrate+1","Flash of Steel+1","Sanctity+1","Conclude+1","Consecrate+1","Nirvana+1","Wallop+1","FlurryOfBlows+1","Wallop+1","Nirvana+1","JustLucky+1","RitualDagger+1","Nirvana+1","Wireheading+1","ThirdEye+1","CutThroughFate+1","ThirdEye+1","Brilliance+1","ForeignInfluence+1","SashWhip+1","ThirdEye+1","Wireheading+1","CutThroughFate+1","FearNoEvil+1","Consecrate+1","Consecrate+1","Madness"],"relics":["VioletLotus","MawBank","Yang","Odd Mushroom","Black Star","MealTicket","Enchiridion","Omamori","Oddly Smooth Stone","FossilizedHelix","Molten Egg 2","InkBottle","Astrolabe","TeardropLocket","Turnip","Regal Pillow","Mark of the Bloom","Bronze Scales"],"acts_visited":["Exordium","TheCity","TheBeyond","TheEnding"],"potions_floor_usage":[50,54],"damage_taken":[{"damage":0.0,"enemies":"Small Slimes","floor":1.0,"turns":2.0},{"damage":0.0,"enemies":"2 Louse","floor":2.0,"turns":3.0},{"damage":20.0,"enemies":"3 Sentries","floor":7.0,"turns":7.0},{"damage":0.0,"enemies":"Cultist","floor":10.0,"turns":3.0},{"damage":10.0,"enemies":"Gremlin Nob","floor":11.0,"turns":3.0},{"damage":0.0,"enemies":"2 Fungi Beasts","floor":13.0,"turns":2.0},{"damage":0.0,"enemies":"The Mushroom Lair","floor":14.0,"turns":2.0},{"damage":19.0,"enemies":"Slime Boss","floor":16.0,"turns":6.0},{"damage":14.0,"enemies":"2 Thieves","floor":18.0,"turns":4.0},{"damage":13.0,"enemies":"Slavers","floor":24.0,"turns":4.0},{"damage":0.0,"enemies":"Gremlin Leader","floor":27.0,"turns":6.0},{"damage":0.0,"enemies":"Shell Parasite","floor":28.0,"turns":7.0},{"damage":0.0,"enemies":"Centurion and Healer","floor":30.0,"turns":3.0},{"damage":0.0,"enemies":"Snecko","floor":31.0,"turns":3.0},{"damage":0.0,"enemies":"Champ","floor":33.0,"turns":12.0},{"damage":0.0,"enemies":"3 Shapes","floor":35.0,"turns":2.0},{"damage":0.0,"enemies":"Orb Walker","floor":37.0,"turns":4.0},{"damage":0.0,"enemies":"Transient","floor":38.0,"turns":5.0},{"damage":1.0,"enemies":"4 Shapes","floor":39.0,"turns":6.0},{"damage":9.0,"enemies":"Nemesis","floor":41.0,"turns":7.0},{"damage":0.0,"enemies":"Writhing Mass","floor":45.0,"turns":8.0},{"damage":0,"enemies":"3 Darklings","floor":47,"turns":5},{"damage":0,"enemies":"Jaw Worm Horde","floor":48,"turns":3},{"damage":13,"enemies":"Awakened One","floor":50,"turns":16},{"damage":59,"enemies":"Shield and Spear","floor":54,"turns":5}],"seed_played":"-5209735527957034050","potions_obtained":[{"floor":7.0,"key":"SpeedPotion"},{"floor":10.0,"key":"BottledMiracle"},{"floor":11.0,"key":"GamblersBrew"},{"floor":13.0,"key":"LiquidMemories"},{"floor":24.0,"key":"ColorlessPotion"},{"floor":28.0,"key":"FearPotion"},{"floor":30.0,"key":"BottledMiracle"},{"floor":41.0,"key":"PowerPotion"},{"floor":47,"key":"BlessingOfTheForge"}],"is_trial":false,"path_per_floor":["M","M","?","?","?","?","E","R","T","M","E","R","M","?","R","B",null,"M","?","$","?","?","R","E","$","T","E","M","R","M","M","R","B",null,"M","?","M","M","M","R","E","R","T","R","M","?","M","M","R","B",null,"R","$","E"],"character_chosen":"WATCHER","items_purchased":["Nirvana","MealTicket","JustLucky","Wireheading","Bronze Scales","Madness"],"campfire_rested":1,"item_purchase_floors":[20,20,20,25,53,53],"current_hp_per_floor":[72,72,72,77,62,62,42,42,42,42,32,32,32,32,32,13,77,63,63,63,57,41,41,28,43,43,43,43,43,43,43,43,43,77,77,77,77,77,76,76,67,67,67,67,67,67,67,67,67,54,54,54,54,0,0],"gold":209,"neow_bonus":"BOSS_RELIC","is_daily":false,"chose_seed":false,"campfire_upgraded":9,"win_rate":0.0,"timestamp":1609929972,"path_taken":["M","M","?","?","?","?","E","R","T","M","E","R","?","?","R","BOSS","M","?","$","?","?","R","E","?","T","E","M","R","?","M","R","BOSS","M","?","M","M","M","R","E","R","T","R","?","?","M","M","R","BOSS","R","$","E"],"items_purchased_type":["Card","Relic","Card","Card","Relic","Card"],"build_version":"2020-12-18","purchased_purges":1,"victory":false,"max_hp_per_floor":[72,72,72,77,77,77,77,77,77,77,77,77,77,77,77,77,77,77,77,77,77,77,77,77,77,77,77,77,77,77,77,77,77,77,77,77,77,77,77,77,77,77,77,77,77,77,77,77,77,77,77,77,77,77,77],"card_choices":[{"not_picked":["Crescendo","WreathOfFlame"],"picked":"Sanctity","floor":1.0},{"not_picked":["ThirdEye","Prostrate"],"picked":"Consecrate","floor":2.0},{"not_picked":["Halt","ClearTheMind","ThirdEye"],"picked":"SKIP","floor":7.0},{"not_picked":["WreathOfFlame","ThirdEye"],"picked":"Conclude","floor":10.0},{"not_picked":["Alpha","Halt"],"picked":"Consecrate","floor":11.0},{"not_picked":["ClearTheMind","EmptyBody","Crescendo"],"picked":"SKIP","floor":13.0},{"not_picked":["PathToVictory","Weave"],"picked":"Nirvana","floor":14.0},{"not_picked":["Crescendo+1","FlyingSleeves+1"],"picked":"Wallop+1","floor":18.0},{"not_picked":["CrushJoints+1","Prostrate"],"picked":"Nirvana","floor":24.0},{"not_picked":["SashWhip+1","Blasphemy"],"picked":"ThirdEye","floor":27.0},{"not_picked":["Prostrate","SignatureMove+1"],"picked":"CutThroughFate+1","floor":28.0},{"not_picked":["WheelKick+1","EmptyFist+1","Pray"],"picked":"SKIP","floor":30.0},{"not_picked":["Crescendo+1","Ragnarok+1"],"picked":"ThirdEye","floor":31.0},{"not_picked":["FearNoEvil+1","EmptyFist+1"],"picked":"ThirdEye","floor":35.0},{"not_picked":["EmptyBody","JustLucky+1","Protect+1"],"picked":"SKIP","floor":37.0},{"not_picked":["EmptyMind+1","Evaluate+1"],"picked":"CutThroughFate+1","floor":38.0},{"not_picked":["ClearTheMind+1","PathToVictory+1","EmptyFist+1"],"picked":"SKIP","floor":39.0},{"not_picked":["Devotion","FearNoEvil+1","BowlingBash+1"],"picked":"SKIP","floor":41.0},{"not_picked":["Devotion","BowlingBash+1"],"picked":"FearNoEvil+1","floor":41.0},{"not_picked":["SashWhip+1","FlyingSleeves+1","Protect"],"picked":"SKIP","floor":45.0},{"not_picked":["FearNoEvil+1","Fasting2+1"],"picked":"Consecrate+1","floor":47},{"not_picked":["CarveReality+1","FlyingSleeves+1"],"picked":"Consecrate+1","floor":48}],"player_experience":757093,"relics_obtained":[{"floor":7.0,"key":"MawBank"},{"floor":11.0,"key":"Yang"},{"floor":14.0,"key":"Odd Mushroom"},{"floor":22.0,"key":"Enchiridion"},{"floor":24.0,"key":"Omamori"},{"floor":24.0,"key":"Oddly Smooth Stone"},{"floor":26.0,"key":"FossilizedHelix"},{"floor":27.0,"key":"Molten Egg 2"},{"floor":27.0,"key":"InkBottle"},{"floor":41.0,"key":"TeardropLocket"},{"floor":41.0,"key":"Turnip"},{"floor":43.0,"key":"Regal Pillow"}],"event_choices":[{"cards_removed":["Strike_P"],"damage_healed":0.0,"max_hp_gain":0.0,"max_hp_loss":0.0,"gold_gain":0.0,"event_name":"The Cleric","player_choice":"Card Removal","floor":3.0,"gold_loss":50.0,"damage_taken":0.0},{"damage_healed":0.0,"max_hp_gain":5.0,"max_hp_loss":0.0,"gold_gain":0.0,"event_name":"Big Fish","player_choice":"Donut","floor":4.0,"gold_loss":0.0,"damage_taken":0.0},{"damage_healed":0.0,"max_hp_gain":0.0,"max_hp_loss":0.0,"gold_gain":0.0,"event_name":"Shining Light","player_choice":"Entered Light","floor":5.0,"gold_loss":0.0,"damage_taken":15.0,"cards_upgraded":["Defend_P","Strike_P"]},{"damage_healed":0.0,"max_hp_gain":0.0,"max_hp_loss":0.0,"gold_gain":0.0,"event_name":"Match and Keep!","player_choice":"2 cards matched","floor":6.0,"gold_loss":0.0,"damage_taken":0.0,"cards_obtained":["Flash of Steel","Sanctity"]},{"damage_healed":0.0,"max_hp_gain":0.0,"max_hp_loss":0.0,"gold_gain":0.0,"event_name":"Mushrooms","player_choice":"Fought Mushrooms","floor":14.0,"gold_loss":0.0,"damage_taken":0.0},{"damage_healed":0.0,"max_hp_gain":0.0,"max_hp_loss":0.0,"gold_gain":0.0,"cards_transformed":["Strike_P","Defend_P"],"event_name":"Drug Dealer","player_choice":"Became Test Subject","floor":19.0,"gold_loss":0.0,"damage_taken":0.0,"cards_obtained":["FlurryOfBlows","Wallop"]},{"damage_healed":0.0,"max_hp_gain":0.0,"max_hp_loss":0.0,"gold_gain":0.0,"event_name":"Nest","player_choice":"Joined the Cult","floor":21.0,"gold_loss":0.0,"damage_taken":6.0,"cards_obtained":["RitualDagger"]},{"damage_healed":0.0,"max_hp_gain":0.0,"max_hp_loss":0.0,"gold_gain":0.0,"event_name":"Cursed Tome","player_choice":"Obtained Book","floor":22.0,"gold_loss":0.0,"damage_taken":16.0},{"damage_healed":0.0,"max_hp_gain":0.0,"max_hp_loss":0.0,"gold_gain":0.0,"event_name":"Duplicator","player_choice":"Copied","floor":36.0,"gold_loss":0.0,"damage_taken":0.0,"cards_obtained":["Wireheading"]},{"damage_healed":0.0,"max_hp_gain":0.0,"max_hp_loss":0.0,"gold_gain":0.0,"event_name":"MindBloom","player_choice":"Upgrade","floor":46.0,"gold_loss":0.0,"damage_taken":0.0,"cards_upgraded":["Sanctity","Consecrate","Flash of Steel","Sanctity","Consecrate","Nirvana","JustLucky","Wireheading","ThirdEye","ThirdEye","Wireheading"],"relics_obtained":["Mark of the Bloom"]}],"is_beta":true,"boss_relics":[{"not_picked":["SlaversCollar","SacredBark"],"picked":"Black Star"},{"not_picked":["Tiny House","Calling Bell"],"picked":"Astrolabe"}],"items_purged_floors":[20],"is_endless":false,"potions_floor_spawned":[7,10,11,13,24,28,30,41,47],"killed_by":"Shield and Spear","ascension_level":0}}