{"host":"8anlmvy5ylhozj27","time":1609948146,"event":{"mods":["2.2 Compatiblity","Act Like it!","Aspiration","BaseMod","Best Route Mod","Better Match","Better Note","Better Skull","Better Third Choice","BetterRewards","Block Reminder","Colored Map","Colored Powertips","Conspire","Curses Come First","Duelist Mod","Energized Spire","Evolution","GifTheSpireLib","Gold Saver","Halation","Hermit","Highlight Path","Hubris","Infinite Spire","Ironclad Rager","Minty Spire (QoL Compilation)","Permanent Neow","Quick Restart","Rare Cards Sparkle","Replay The Spire","Spicy Shops","StSLib","Stuff the Spire","The Bladedancer","The Blue Laboratory","The Disciple","The Exalted","The Necromancer","The Sage","Transform Curses","Wandering Minibosses","vexMod"],"gold_per_floor":[119,119,136,152,92,117,133,162,162,162,178,178,233,259,259,354,304,324,234,254,269,2,28,28,63,63,76,76,92,92,111,111,213,213,225,225,225,243,243,276,276,0,0,0,0],"floor_reached":44,"playtime":5269,"items_purged":["Defend_G","Strike_G"],"score":721,"play_id":"b42b1b4e-bd45-43a6-8b83-4a8f0407bfae","local_time":"20210106164906","is_ascension_mode":false,"campfire_choices":[{"floor":10,"key":"REST"},{"data":"Malaise","floor":12,"key":"SMITH"},{"data":"Atom Bomb","floor":15,"key":"SMITH"},{"floor":28,"key":"REST"},{"floor":30,"key":"REST"},{"data":"Strike_G","floor":32,"key":"PURGE"},{"data":"Adrenaline","floor":41,"key":"SMITH"}],"circlet_count":0,"master_deck":["Strike_G","Strike_G+1","Strike_G","Defend_G","Defend_G","Survivor","Neutralize","Master of Strategy","Quick Slash","Outmaneuver","Bane","StuffTheSpire:BrimstoneBlast","Deflect+1","Malaise+1","Atom Bomb+1","Dagger Spray","Poison Darts","Burst","Strike_G","ReplayTheSpireMod:Shiv Toss","Bane+1","Blade Dance","Cloak And Dagger","Footwork+1","Backflip+1","A Thousand Cuts","Quick Slash+1","Adrenaline+1","Poisoned Stab","Bandage Up","SashWhip+1"],"relics":["Ring of the Snake","EVO:Axolotl","vexMod:Spyglass","Strawberry","Omamori","Pondfish Scales","Letter Opener","ReplayTheSpireMod:CursedCoin","Replay:Bottled Snecko","Bromod:ArcaneNullifier","aspiration:HummingbirdHeart","conspire:GiftBox","Gremlin Food","energizedSpire:HugeHouse","Membership Card","Blue Doll","Bromod:ArcaneFury","StuffTheSpire:ForceGauntlet","Lantern","vexMod:MysteryBossChallenge","aspiration:WatcherSkillbook","hubris:Icosahedron","halation:PapillonHeart","StuffTheSpire:Rhapsscallions","Red Mask","infinitespire:ShieldingShard"],"acts_visited":["Exordium","TheCity","TheBeyond"],"potions_floor_usage":[6,8,13,31],"damage_taken":[{"damage":0,"enemies":"conspire:RoseBush","floor":1,"turns":3},{"damage":3,"enemies":"Jaw Worm","floor":3,"turns":5},{"damage":0,"enemies":"Cultist","floor":4,"turns":4},{"damage":17,"enemies":"Replay:BlueRogue","floor":6,"turns":5},{"damage":1,"enemies":"Blue Slaver","floor":7,"turns":3},{"damage":20,"enemies":"Lagavulin","floor":8,"turns":5},{"damage":0,"enemies":"Lots of Slimes","floor":11,"turns":2},{"damage":0,"enemies":"3 Sentries","floor":13,"turns":6},{"damage":11,"enemies":"Gremlin Nob","floor":14,"turns":5},{"damage":2,"enemies":"Slime Boss","floor":16,"turns":2},{"damage":0,"enemies":"Shell Parasite","floor":18,"turns":1},{"damage":0,"enemies":"Spheric Guardian","floor":20,"turns":2},{"damage":4,"enemies":"Centurion and Healer","floor":21,"turns":2},{"damage":0,"enemies":"theDuelist:KaibaA2","floor":23,"turns":2},{"damage":65,"enemies":"Nightmare","floor":25,"turns":7},{"damage":0,"enemies":"Snake Plant","floor":27,"turns":1},{"damage":0,"enemies":"Snecko","floor":29,"turns":3},{"damage":6,"enemies":"Centurion and Healer","floor":31,"turns":4},{"damage":10,"enemies":"Collector","floor":33,"turns":4},{"damage":0,"enemies":"3 Darklings","floor":35,"turns":2},{"damage":0,"enemies":"Orb Walker","floor":38,"turns":1},{"damage":10,"enemies":"Nemesis","floor":40,"turns":4},{"damage":4,"enemies":"infinitespire:Three Voidlings","floor":44,"turns":4},{"damage":71,"enemies":"Nightmare_Alpha","floor":44,"turns":9}],"seed_played":"2200054023393519356","potions_obtained":[{"floor":1,"key":"blueLaboratory:LouseDecoction"},{"floor":4,"key":"Poison Potion"},{"floor":8,"key":"blueLaboratory:BottleOfVodka"},{"floor":13,"key":"sagemod:Wine"},{"floor":14,"key":"Explosive Potion"},{"floor":20,"key":"blueLaboratory:Virophage"},{"floor":25,"key":"Block Potion"},{"floor":31,"key":"Elixir"}],"is_trial":false,"path_per_floor":["M","?","M","M","$","E","M","E","T","R","M","R","?","E","R","B",null,"M","?","M","M","$","E","?","NM","T","M","R","M","R","M","R_BF","B",null,"M","?","?","M","?","E","R","?","T","?"],"character_chosen":"THE_SILENT","items_purchased":["vexMod:Spyglass","Strawberry","Omamori","Master of Strategy","Pondfish Scales","Letter Opener","ReplayTheSpireMod:CursedCoin","StuffTheSpire:BrimstoneBlast","Membership Card","Blue Doll"],"campfire_rested":3,"item_purchase_floors":[0,0,0,0,0,0,5,5,22,22],"current_hp_per_floor":[45,45,42,42,42,25,24,4,4,27,27,27,27,16,16,14,72,72,72,72,68,68,68,68,3,3,3,24,24,45,39,39,29,72,72,72,72,72,68,63,63,63,63,0,0],"gold":0,"neow_bonus":"","is_daily":false,"chose_seed":false,"campfire_upgraded":3,"win_rate":0.0,"timestamp":1609948146,"path_taken":["M","?","M","M","$","E","M","E","T","R","M","R","?","E","R","BOSS","M","?","M","?","$","E","?","NM","T","M","R","M","R","M","R_BF","BOSS","M","?","?","M","?","E","R","?","T","?"],"items_purchased_type":["Relic","Relic","Relic","Card","Relic","Relic","Relic","Card","Relic","Relic"],"build_version":"2020-12-22","purchased_purges":2,"victory":false,"max_hp_per_floor":[77,77,77,77,77,77,77,77,77,77,77,77,77,77,77,77,72,72,72,72,72,72,72,72,72,72,72,72,72,72,72,72,72,72,72,72,72,72,68,69,69,69,69,69,69],"card_choices":[{"not_picked":["StuffTheSpire:ReptileScales","Outmaneuver"],"picked":"Quick Slash","floor":1},{"not_picked":["conspire:DoublingDagger","Eviscerate"],"picked":"Outmaneuver","floor":3},{"not_picked":["ReplayTheSpireMod:Speed Training","Outmaneuver"],"picked":"Bane","floor":4},{"not_picked":["StuffTheSpire:Sprint","StuffTheSpire:Injection"],"picked":"Hidden Blade","floor":6},{"not_picked":["Blade Dance","Expertise"],"picked":"Deflect","floor":7},{"not_picked":["Endless Agony","hubris:Sniper"],"picked":"Malaise","floor":8},{"not_picked":["hubris:Sniper","Outmaneuver","Choke"],"picked":"SKIP","floor":11},{"not_picked":["Tools of the Trade","Unload"],"picked":"Atom Bomb","floor":13},{"not_picked":["Sucker Punch","StuffTheSpire:ReptileScales"],"picked":"Dagger Spray","floor":13},{"not_picked":["hubris:SlightOfHand","Calculated Gamble"],"picked":"Poison Darts","floor":14},{"not_picked":["Bullet Time","ReplayTheSpireMod:From All Sides"],"picked":"Burst","floor":16},{"not_picked":["StuffTheSpire:ClusterCrunch","StuffTheSpire:Injection"],"picked":"Bane+1","floor":18},{"not_picked":["Sucker Punch","Hidden Blade","Finisher"],"picked":"SKIP","floor":20},{"not_picked":["Wraith Form v2","Flechettes"],"picked":"Blade Dance","floor":21},{"not_picked":["hubris:TrickCloak","Quick Slash"],"picked":"Cloak And Dagger","floor":23},{"not_picked":["StuffTheSpire:Shiver","Predator"],"picked":"Footwork","floor":25},{"not_picked":["Cloak And Dagger","Dodge and Roll"],"picked":"Backflip+1","floor":27},{"not_picked":["Dash","Leg Sweep"],"picked":"A Thousand Cuts","floor":29},{"not_picked":["Crippling Poison","Slice"],"picked":"Quick Slash+1","floor":31},{"not_picked":["Replay:Bag of Tricks","Die Die Die"],"picked":"Adrenaline","floor":33},{"not_picked":["BowlingBash","EmptyBody","Underhanded Strike"],"picked":"Poisoned Stab","floor":35},{"not_picked":["Replay:Sssssssssshield","Panacea","Dramatic Entrance"],"picked":"Bandage Up","floor":37},{"not_picked":["Halt+1","StuffTheSpire:Injection+1","Blade Dance"],"picked":"SashWhip+1","floor":38},{"not_picked":["StuffTheSpire:ClusterCrunch+1","Atom Bomb","Replay:AllIn","Halt"],"picked":"SKIP","floor":40}],"player_experience":133021,"relics_obtained":[{"floor":6,"key":"Replay:Bottled Snecko"},{"floor":8,"key":"Bromod:ArcaneNullifier"},{"floor":9,"key":"aspiration:HummingbirdHeart"},{"floor":14,"key":"Gremlin Food"},{"floor":23,"key":"Bromod:ArcaneFury"},{"floor":25,"key":"StuffTheSpire:ForceGauntlet"},{"floor":26,"key":"Lantern"},{"floor":40,"key":"StuffTheSpire:Rhapsscallions"},{"floor":43,"key":"infinitespire:ShieldingShard"}],"event_choices":[{"damage_healed":0,"gold_gain":0,"player_choice":"Leave","damage_taken":0,"max_hp_gain":0,"max_hp_loss":0,"event_name":"conspire:Investor","floor":2,"gold_loss":0},{"damage_healed":0,"gold_gain":0,"player_choice":"Searched \u00272\u0027 times","damage_taken":0,"relics_obtained":["conspire:GiftBox"],"max_hp_gain":0,"max_hp_loss":0,"event_name":"Dead Adventurer","floor":13,"gold_loss":0},{"cards_removed":["Defend_G"],"damage_healed":0,"gold_gain":0,"player_choice":"Upgrade and Remove","damage_taken":0,"max_hp_gain":0,"max_hp_loss":0,"event_name":"Designer","floor":19,"gold_loss":90,"cards_upgraded":["Deflect"]},{"damage_healed":0,"gold_gain":0,"player_choice":"Ignored","damage_taken":0,"max_hp_gain":0,"max_hp_loss":0,"event_name":"betterNote:BetterNote","floor":24,"gold_loss":0,"cards_obtained":["conspire:HitWhereItHurts"]},{"damage_healed":0,"gold_gain":0,"player_choice":"Memory 1","damage_taken":0,"max_hp_gain":0,"max_hp_loss":0,"event_name":"SensoryStone","floor":37,"gold_loss":0},{"damage_healed":0,"gold_gain":0,"player_choice":"Paid","damage_taken":0,"relics_obtained":["Red Mask"],"max_hp_gain":0,"max_hp_loss":0,"event_name":"Tomb of Lord Red Mask","floor":42,"gold_loss":276}],"is_beta":false,"boss_relics":[{"not_picked":["Tiny House","hubris:GrandSneckoEye"],"picked":"energizedSpire:HugeHouse"},{"not_picked":["SacredBark","halation:LoveArrow"],"picked":"vexMod:MysteryBossChallenge"}],"items_purged_floors":[0,22],"is_endless":false,"potions_floor_spawned":[1,4,8,13,14,16,20,23,25,29,31,35,44],"killed_by":"Nightmare_Alpha","ascension_level":0}}