{"host":"n04iuia2ggo2ce0d","time":1609963426,"event":{"mods":["AchievementEnabler","BaseMod","Colored Map","Colored Powertips","Googly Eyes","Minty Spire (QoL Compilation)","Permanent Neow","Quick Restart","StSLib","Waifu the Spire"],"gold_per_floor":[119,119,11,11,27,59,79,79,79,98,131,131,157,168,168,267,267,286,37,52,62,74,108,124,149,175,175,193,206,206,226,226,324,324,343,360,360,360,185,185,216,216,287,300,332,352,73,87,87,87,87,87,9,38,38],"floor_reached":56,"playtime":3839,"items_purged":["Injury","Strike_R","Parasite"],"score":1236,"play_id":"0f033d78-23c9-4eb3-836c-97ab565b194c","local_time":"20210106210346","is_ascension_mode":false,"campfire_choices":[{"data":"Feel No Pain","floor":8,"key":"SMITH"},{"data":"Dark Embrace","floor":15,"key":"SMITH"},{"floor":27,"key":"REST"},{"floor":30,"key":"REST"},{"data":"Barricade","floor":32,"key":"SMITH"},{"data":"True Grit","floor":40,"key":"SMITH"},{"data":"Impervious","floor":42,"key":"SMITH"},{"floor":49,"key":"RECALL"},{"data":"Juggernaut","floor":52,"key":"SMITH"}],"circlet_count":0,"master_deck":["Strike_R+1","Strike_R","Strike_R+1","Defend_R","Defend_R","Defend_R","Defend_R","Bash","Fiend Fire+1","Second Wind","Dark Embrace+1","Wild Strike","Disarm","Feel No Pain+1","Ghostly Armor","Bludgeon","Barricade+1","Evolve","True Grit","Warcry","Spot Weakness","Clothesline","Body Slam","Fire Breathing","Impervious+1","True Grit+1","Second Wind+1","Body Slam+1","Offering","Impervious","Juggernaut+1","Sentinel","Clothesline+1","Feel No Pain+1"],"relics":["Burning Blood","Shuriken","Ancient Tea Set","Bottled Tornado","HornCleat","Art of War","Regal Pillow","Philosopher\u0027s Stone","Medical Kit","Blood Vial","Anchor","Pen Nib","Snecko Eye","Strawberry","Red Skull","Whetstone","Bottled Flame"],"acts_visited":["Exordium","TheCity","TheBeyond","TheEnding"],"potions_floor_usage":[22,24,25,25,50,55,55,55],"damage_taken":[{"damage":6,"enemies":"Jaw Worm","floor":1,"turns":3},{"damage":4,"enemies":"2 Louse","floor":5,"turns":2},{"damage":26,"enemies":"Lagavulin","floor":6,"turns":7},{"damage":0,"enemies":"Cultist","floor":7,"turns":3},{"damage":17,"enemies":"2 Fungi Beasts","floor":10,"turns":4},{"damage":9,"enemies":"3 Sentries","floor":11,"turns":12},{"damage":2,"enemies":"Looter","floor":14,"turns":3},{"damage":24,"enemies":"Slime Boss","floor":16,"turns":8},{"damage":5,"enemies":"Chosen","floor":18,"turns":6},{"damage":21,"enemies":"2 Thieves","floor":20,"turns":4},{"damage":28,"enemies":"Centurion and Healer","floor":21,"turns":8},{"damage":23,"enemies":"Shelled Parasite and Fungi","floor":22,"turns":6},{"damage":19,"enemies":"Book of Stabbing","floor":23,"turns":6},{"damage":26,"enemies":"Snake Plant","floor":24,"turns":5},{"damage":26,"enemies":"Gremlin Leader","floor":25,"turns":8},{"damage":28,"enemies":"Centurion and Healer","floor":28,"turns":9},{"damage":3,"enemies":"Cultist and Chosen","floor":29,"turns":4},{"damage":2,"enemies":"Snake Plant","floor":31,"turns":4},{"damage":31,"enemies":"Champ","floor":33,"turns":12},{"damage":10,"enemies":"3 Shapes","floor":35,"turns":3},{"damage":24,"enemies":"3 Darklings","floor":36,"turns":6},{"damage":6,"enemies":"Reptomancer","floor":41,"turns":5},{"damage":15,"enemies":"Writhing Mass","floor":44,"turns":4},{"damage":8,"enemies":"Nemesis","floor":45,"turns":3},{"damage":22,"enemies":"Transient","floor":46,"turns":5},{"damage":0,"enemies":"Jaw Worm Horde","floor":48,"turns":4},{"damage":52,"enemies":"Awakened One","floor":50,"turns":7},{"damage":14,"enemies":"Shield and Spear","floor":54,"turns":5},{"damage":9,"enemies":"The Heart","floor":55,"turns":7}],"seed_played":"-224275155576941339","potions_obtained":[{"floor":5,"key":"BloodPotion"},{"floor":11,"key":"BloodPotion"},{"floor":16,"key":"SmokeBomb"},{"floor":20,"key":"HeartOfIron"},{"floor":22,"key":"HeartOfIron"},{"floor":25,"key":"Block Potion"},{"floor":35,"key":"Ancient Potion"},{"floor":41,"key":"SpeedPotion"},{"floor":44,"key":"Swift Potion"}],"is_trial":false,"path_per_floor":["M","?","$","?","M","E","M","R","T","M","E","?","T","M","R","B",null,"M","$","M","M","M","E","M","E","T","R","M","M","R","M","R","B",null,"M","M","?","?","$","R","E","R","T","M","E","M","$","M","R","B",null,"R","$","E","B",null],"character_chosen":"IRONCLAD","items_purchased":["Dark Embrace","True Grit","Medical Kit","Warcry","Impervious","Whetstone","LiquidBronze"],"campfire_rested":2,"item_purchase_floors":[3,19,19,19,39,47,53],"current_hp_per_floor":[80,80,80,77,79,59,65,65,65,54,51,51,51,55,55,37,80,80,80,65,43,42,29,27,9,9,48,28,33,72,78,78,55,80,76,60,60,60,60,60,69,69,69,62,62,48,48,56,56,12,84,84,84,76,75],"gold":38,"neow_bonus":"THREE_RARE_CARDS","is_daily":false,"chose_seed":false,"campfire_upgraded":6,"win_rate":0.0,"timestamp":1609963426,"path_taken":["M","?","$","?","M","E","M","R","T","M","E","?","?","M","R","BOSS","M","$","M","M","M","E","?","E","T","R","M","M","R","M","R","BOSS","M","M","?","?","$","R","E","R","T","?","E","M","$","?","R","BOSS","R","$","E","BOSS"],"items_purchased_type":["Card","Card","Relic","Card","Card","Relic","Potion"],"build_version":"2020-12-22","purchased_purges":3,"victory":true,"max_hp_per_floor":[80,80,80,80,80,80,80,80,80,80,80,80,80,80,80,80,80,80,80,80,80,80,80,80,80,80,80,80,80,80,80,80,80,80,80,80,80,80,80,80,87,87,87,87,87,87,84,84,84,84,84,84,84,84,84],"card_choices":[{"not_picked":["Impervious","Brutality"],"picked":"Fiend Fire","floor":0},{"not_picked":["Pommel Strike","Warcry"],"picked":"Second Wind","floor":1},{"not_picked":["Twin Strike","Thunderclap"],"picked":"Wild Strike","floor":5},{"not_picked":["Uppercut","Searing Blow"],"picked":"Disarm","floor":6},{"not_picked":["Twin Strike","Thunderclap"],"picked":"Feel No Pain","floor":7},{"not_picked":["Twin Strike","Warcry"],"picked":"Ghostly Armor","floor":10},{"not_picked":["Clash","Flame Barrier"],"picked":"Bludgeon","floor":11},{"not_picked":["Anger","Perfected Strike","Heavy Blade"],"picked":"SKIP","floor":14},{"not_picked":["Offering","Bludgeon"],"picked":"Barricade","floor":16},{"not_picked":["Anger","Body Slam"],"picked":"Evolve","floor":18},{"not_picked":["Clash+1","Iron Wave+1","Clothesline"],"picked":"SKIP","floor":20},{"not_picked":["Sword Boomerang","Headbutt"],"picked":"Spot Weakness","floor":21},{"not_picked":["Headbutt+1","Rupture"],"picked":"Clothesline","floor":22},{"not_picked":["Flex","Brutality"],"picked":"Body Slam","floor":23},{"not_picked":["Flex","Clash+1"],"picked":"Fire Breathing","floor":24},{"not_picked":["Dual Wield","Clothesline+1"],"picked":"Impervious","floor":25},{"not_picked":["Uppercut","Pummel"],"picked":"True Grit","floor":28},{"not_picked":["Clothesline","Evolve+1"],"picked":"Second Wind+1","floor":29},{"not_picked":["Searing Blow","Battle Trance"],"picked":"Body Slam+1","floor":31},{"not_picked":["Demon Form","Bludgeon"],"picked":"Offering","floor":33},{"not_picked":["Burning Pact","Fire Breathing","True Grit"],"picked":"SKIP","floor":35},{"not_picked":["Combust+1","Pommel Strike+1","Body Slam"],"picked":"SKIP","floor":36},{"not_picked":["Headbutt","Bloodletting","Clash+1"],"picked":"SKIP","floor":41},{"not_picked":["Searing Blow+1","Armaments","Sword Boomerang+1"],"picked":"SKIP","floor":44},{"not_picked":["Whirlwind","Second Wind"],"picked":"Juggernaut","floor":45},{"not_picked":["Shrug It Off","Fire Breathing+1"],"picked":"Sentinel","floor":46},{"not_picked":["Headbutt+1","True Grit+1"],"picked":"Clothesline+1","floor":48},{"not_picked":["Carnage","Clothesline"],"picked":"Feel No Pain+1","floor":54}],"player_experience":479278,"relics_obtained":[{"floor":6,"key":"Ancient Tea Set"},{"floor":9,"key":"Bottled Tornado"},{"floor":11,"key":"HornCleat"},{"floor":13,"key":"Regal Pillow"},{"floor":23,"key":"Blood Vial"},{"floor":25,"key":"Anchor"},{"floor":26,"key":"Pen Nib"},{"floor":41,"key":"Strawberry"},{"floor":45,"key":"Red Skull"},{"floor":54,"key":"Bottled Flame"}],"event_choices":[{"damage_healed":0,"gold_gain":0,"player_choice":"Grow","damage_taken":0,"max_hp_gain":0,"max_hp_loss":0,"event_name":"Living Wall","floor":2,"gold_loss":0,"cards_upgraded":["Fiend Fire"]},{"damage_healed":0,"gold_gain":0,"player_choice":"Success","damage_taken":3,"relics_obtained":["Shuriken"],"max_hp_gain":0,"max_hp_loss":0,"event_name":"Scrap Ooze","floor":4,"gold_loss":0},{"damage_healed":0,"gold_gain":0,"player_choice":"Box","damage_taken":0,"relics_obtained":["Art of War"],"max_hp_gain":0,"max_hp_loss":0,"event_name":"Big Fish","floor":12,"gold_loss":0,"cards_obtained":["Regret"]},{"cards_removed":["Strike_R"],"damage_healed":0,"gold_gain":0,"player_choice":"Removed Attack","damage_taken":0,"max_hp_gain":0,"max_hp_loss":0,"event_name":"Falling","floor":37,"gold_loss":0},{"cards_removed":["Regret"],"damage_healed":0,"gold_gain":0,"player_choice":"Purged","damage_taken":0,"max_hp_gain":0,"max_hp_loss":0,"event_name":"Purifier","floor":38,"gold_loss":0}],"is_beta":false,"boss_relics":[{"not_picked":["Tiny House","Runic Dome"],"picked":"Philosopher\u0027s Stone"},{"not_picked":["Black Blood","Astrolabe"],"picked":"Snecko Eye"}],"items_purged_floors":[3,39,47],"is_endless":false,"potions_floor_spawned":[5,11,16,20,22,23,25,35,41,44,54],"ascension_level":0}}