{"host":"ln76an1o32p2wxtf","time":1609953063,"event":{"mods":["AchievementEnabler","Act Like it!","BaseMod","BetterRewards","Colored Powertips","Energized Spire","GifTheSpireLib","Infinite Spire","Minty Spire (QoL Compilation)","Shop Mod","StSLib"],"gold_per_floor":[109,125,144,162,179,212,240,252,264,305,317,359,382,414,426,538,550,575,600,228,244,260,260,287,316,343,373,391,391,403,431,431,527,527,546,565,615,625,638,638,673,673,673,702,702,602,602,638,638,744,744,750,747,752,762,304,332,341,347,347,364,439,460,460,464,464,551,601,598,607,607,607,607,607,639,639,639,652,665,515,512,515,515,584,584,570,567,598,607,216,236,244,256,256,256,478,478,478,477,477,552,579,590,590,599,616,627,638,638,655,678,701,701,651,651,675,675,755,755,755,670,678,678,678,700,700,705,705,726,726,723,713,713,713,800,800,807,805,805,805,823,825,227,237,262,309,318,318,93,135,135,101,101],"floor_reached":152,"playtime":10170,"items_purged":["Strike_P","Eruption","Strike_P+1","Defend_P+1","Strike_P+1","Defend_P+1","Strike_P+1","Consecrate+1","Establishment+1","CarveReality"],"score":4201,"play_id":"65853352-2089-4870-8c04-0a196f1c01e3","local_time":"20210107011103","is_ascension_mode":true,"campfire_choices":[{"floor":11.0,"key":"REST"},{"data":"Devotion","floor":15.0,"key":"SMITH"},{"floor":23.0,"key":"RECALL"},{"floor":29.0,"key":"REST"},{"floor":32.0,"key":"REST"},{"data":"1","floor":40.0,"key":"LIFT"},{"data":"2","floor":42.0,"key":"LIFT"},{"data":"3","floor":49.0,"key":"LIFT"},{"floor":66.0,"key":"REST"},{"floor":83.0,"key":"REST"},{"floor":95.0,"key":"REST"},{"floor":97.0,"key":"REST"},{"floor":100.0,"key":"REST"},{"floor":109.0,"key":"REST"},{"floor":134.0,"key":"REST"},{"floor":148,"key":"REST"},{"floor":151,"key":"REST"}],"circlet_count":0,"master_deck":["SpiritShield+1","Devotion+1","Worship+1","Ragnarok+1","LessonLearned+1","infinitespire:SevenWalls+1","Perseverance+1","Consecrate+1","Prostrate+1","DevaForm+1","Consecrate+1","Vault+1","Pray+1","ConjureBlade+1","Study+1","Panache+1","DeusExMachina+1","Worship+1","infinitespire:UltimateForm+1","DeusExMachina+1","DevaForm+1","Study+1","MasterReality+1","Ragnarok+1","Fasting2+1","BattleHymn+1","Scrawl+1","SpiritShield+1","Perseverance+1","BattleHymn+1","Prostrate+1","Vault+1","Prostrate+1","SpiritShield+1","Brilliance","Fasting2+1","Trip+1","Wish+1"],"relics":["Runic Pyramid","MawBank","Bag of Marbles","infinitespire:ShieldingShard","Philosopher\u0027s Stone","Torii","Pocketwatch","Red Mask","Oddly Smooth Stone","Pen Nib","Mercury Hourglass","Coffee Dripper","Girya","infinitespire:FocusingShard","Art of War","Centennial Puzzle","CeramicFish","Fusion Hammer","Lantern","War Paint","infinitespire:Magic Flask","Toxic Egg 2","infinitespire:Golems Mask","Tiny House","Bottled Tornado","White Beast Statue","Potion Belt","Bag of Preparation","Black Star","CaptainsWheel","PreservedInsect","Boot","GoldenEye","infinitespire:Bottled Soul","infinitespire:Lucky Rock","Bottled Flame","Astrolabe","Letter Opener","Du-Vu Doll","Juzu Bracelet","Unceasing Top","Mango","Yang","TungstenRod","Whetstone","energizedSpire:SpiderWeb","infinitespire:EmpoweringShard","TeardropLocket","Mummified Hand","Eternal Feather","Frozen Egg 2","Akabeko","MutagenicStrength","energizedSpire:OgreHead","Blood Vial","Orichalcum","infinitespire:WardingShard","Bronze Scales","Vajra","infinitespire:PuzzleCube","Dream Catcher","Omamori","Happy Flower","infinitespire:Satchel","Regal Pillow"],"acts_visited":["Exordium","TheCity","TheBeyond","Exordium","TheCity","TheBeyond","Exordium","TheCity","TheBeyond"],"potions_floor_usage":[152,152,152,152],"damage_taken":[{"damage":0.0,"enemies":"Jaw Worm","floor":1.0,"turns":3.0},{"damage":0.0,"enemies":"Cultist","floor":2.0,"turns":3.0},{"damage":0.0,"enemies":"Small Slimes","floor":3.0,"turns":3.0},{"damage":0.0,"enemies":"Red Slaver","floor":4.0,"turns":3.0},{"damage":0.0,"enemies":"Large Slime","floor":5.0,"turns":6.0},{"damage":21.0,"enemies":"3 Sentries","floor":6.0,"turns":13.0},{"damage":0.0,"enemies":"Exordium Wildlife","floor":7.0,"turns":3.0},{"damage":10.0,"enemies":"Lagavulin","floor":10.0,"turns":6.0},{"damage":9.0,"enemies":"Gremlin Nob","floor":12.0,"turns":4.0},{"damage":0.0,"enemies":"Blue Slaver","floor":13.0,"turns":5.0},{"damage":1.0,"enemies":"Exordium Thugs","floor":14.0,"turns":6.0},{"damage":24.0,"enemies":"Hexaghost","floor":16.0,"turns":7.0},{"damage":1.0,"enemies":"Shell Parasite","floor":18.0,"turns":3.0},{"damage":0.0,"enemies":"Chosen","floor":19.0,"turns":5.0},{"damage":2.0,"enemies":"Sentry and Sphere","floor":21.0,"turns":5.0},{"damage":19.0,"enemies":"Shelled Parasite and Fungi","floor":22.0,"turns":4.0},{"damage":11.0,"enemies":"Nightmare","floor":24.0,"turns":7.0},{"damage":14.0,"enemies":"Masked Bandits","floor":25.0,"turns":3.0},{"damage":0.0,"enemies":"Gremlin Leader","floor":27.0,"turns":4.0},{"damage":16.0,"enemies":"Centurion and Healer","floor":28.0,"turns":4.0},{"damage":0.0,"enemies":"Snake Plant","floor":30.0,"turns":4.0},{"damage":0.0,"enemies":"Book of Stabbing","floor":31.0,"turns":4.0},{"damage":0.0,"enemies":"Champ","floor":33.0,"turns":7.0},{"damage":0.0,"enemies":"3 Shapes","floor":35.0,"turns":5.0},{"damage":0.0,"enemies":"3 Darklings","floor":36.0,"turns":3.0},{"damage":44.0,"enemies":"2 Orb Walkers","floor":37.0,"turns":4.0},{"damage":0.0,"enemies":"Jaw Worm Horde","floor":38.0,"turns":5.0},{"damage":0.0,"enemies":"Maw","floor":39.0,"turns":5.0},{"damage":0.0,"enemies":"Reptomancer","floor":41.0,"turns":6.0},{"damage":0.0,"enemies":"Nemesis","floor":44.0,"turns":4.0},{"damage":0.0,"enemies":"Giant Head","floor":48.0,"turns":5.0},{"damage":0.0,"enemies":"Awakened One","floor":50.0,"turns":8.0},{"damage":0.0,"enemies":"2 Louse","floor":52.0,"turns":2.0},{"damage":0.0,"enemies":"Small Slimes","floor":53.0,"turns":7.0},{"damage":0.0,"enemies":"Jaw Worm","floor":54.0,"turns":4.0},{"damage":0.0,"enemies":"Lots of Slimes","floor":55.0,"turns":1.0},{"damage":0.0,"enemies":"3 Sentries","floor":57.0,"turns":3.0},{"damage":0.0,"enemies":"Blue Slaver","floor":58.0,"turns":2.0},{"damage":0.0,"enemies":"Looter","floor":59.0,"turns":2.0},{"damage":0.0,"enemies":"3 Louse","floor":61.0,"turns":1.0},{"damage":21.0,"enemies":"Gremlin Nob","floor":63.0,"turns":3.0},{"damage":0.0,"enemies":"Exordium Wildlife","floor":65.0,"turns":4.0},{"damage":33.0,"enemies":"Hexaghost","floor":67.0,"turns":6.0},{"damage":0.0,"enemies":"3 Byrds","floor":69.0,"turns":3.0},{"damage":0.0,"enemies":"Spheric Guardian","floor":70.0,"turns":3.0},{"damage":0.0,"enemies":"Gremlin Leader","floor":75.0,"turns":2.0},{"damage":0.0,"enemies":"Snecko","floor":78.0,"turns":3.0},{"damage":16.0,"enemies":"Slavers","floor":79.0,"turns":3.0},{"damage":0.0,"enemies":"Centurion and Healer","floor":81.0,"turns":4.0},{"damage":0.0,"enemies":"Gremlin Leader","floor":82.0,"turns":6.0},{"damage":10.0,"enemies":"Champ","floor":84.0,"turns":6.0},{"damage":0.0,"enemies":"3 Darklings","floor":86.0,"turns":5.0},{"damage":2.0,"enemies":"3 Shapes","floor":87.0,"turns":3.0},{"damage":30.0,"enemies":"2 Orb Walkers","floor":88.0,"turns":3.0},{"damage":0.0,"enemies":"Nemesis","floor":91.0,"turns":4.0},{"damage":40.0,"enemies":"3 Darklings","floor":92.0,"turns":3.0},{"damage":0.0,"enemies":"Giant Head","floor":93.0,"turns":3.0},{"damage":0.0,"enemies":"Jaw Worm Horde","floor":99.0,"turns":3.0},{"damage":0.0,"enemies":"Donu and Deca","floor":101.0,"turns":4.0},{"damage":0.0,"enemies":"Jaw Worm","floor":103.0,"turns":2.0},{"damage":0.0,"enemies":"Small Slimes","floor":106.0,"turns":1.0},{"damage":0.0,"enemies":"2 Louse","floor":107.0,"turns":2.0},{"damage":0.0,"enemies":"3 Sentries","floor":108.0,"turns":4.0},{"damage":0.0,"enemies":"Looter","floor":110.0,"turns":2.0},{"damage":0.0,"enemies":"Gremlin Nob","floor":112.0,"turns":1.0},{"damage":0.0,"enemies":"3 Sentries","floor":116.0,"turns":2.0},{"damage":24.0,"enemies":"Hexaghost","floor":118.0,"turns":4.0},{"damage":0.0,"enemies":"Spheric Guardian","floor":120.0,"turns":3.0},{"damage":0.0,"enemies":"Shell Parasite","floor":122.0,"turns":3.0},{"damage":0.0,"enemies":"Gremlin Leader","floor":125.0,"turns":3.0},{"damage":0.0,"enemies":"3 Cultists","floor":127.0,"turns":3.0},{"damage":26.0,"enemies":"Slavers","floor":129.0,"turns":3.0},{"damage":0.0,"enemies":"Cultist and Chosen","floor":131.0,"turns":4.0},{"damage":7.0,"enemies":"Chosen and Byrds","floor":132.0,"turns":4.0},{"damage":21.0,"enemies":"Champ","floor":135.0,"turns":4.0},{"damage":22.0,"enemies":"3 Shapes","floor":137.0,"turns":3.0},{"damage":0.0,"enemies":"Orb Walker","floor":138.0,"turns":3.0},{"damage":0,"enemies":"Reptomancer","floor":142,"turns":5},{"damage":0,"enemies":"Giant Head","floor":144,"turns":3},{"damage":0,"enemies":"Reptomancer","floor":146,"turns":3},{"damage":7,"enemies":"Nemesis","floor":150,"turns":3},{"damage":311,"enemies":"infinitespire:LordOfFortification","floor":152,"turns":6}],"seed_played":"9191484375882552850","potions_obtained":[{"floor":2.0,"key":"Dexterity Potion"},{"floor":4.0,"key":"SkillPotion"},{"floor":6.0,"key":"Regen Potion"},{"floor":7.0,"key":"Block Potion"},{"floor":10.0,"key":"Weak Potion"},{"floor":16.0,"key":"BottledMiracle"},{"floor":18.0,"key":"PowerPotion"},{"floor":27.0,"key":"SteroidPotion"},{"floor":28.0,"key":"Fire Potion"},{"floor":30.0,"key":"Explosive Potion"},{"floor":37.0,"key":"Swift Potion"},{"floor":44.0,"key":"EntropicBrew"},{"floor":50.0,"key":"BottledMiracle"},{"floor":55.0,"key":"Fire Potion"},{"floor":57.0,"key":"ColorlessPotion"},{"floor":63.0,"key":"SpeedPotion"},{"floor":68.0,"key":"Weak Potion"},{"floor":70.0,"key":"Swift Potion"},{"floor":78.0,"key":"EssenceOfSteel"},{"floor":79.0,"key":"ColorlessPotion"},{"floor":81.0,"key":"Fire Potion"},{"floor":82.0,"key":"infinitespire:BlackPotion"},{"floor":84.0,"key":"SkillPotion"},{"floor":86.0,"key":"StancePotion"},{"floor":87.0,"key":"Fruit Juice"},{"floor":88.0,"key":"BlessingOfTheForge"},{"floor":91.0,"key":"Fire Potion"},{"floor":92.0,"key":"AttackPotion"},{"floor":93.0,"key":"Dexterity Potion"},{"floor":101.0,"key":"ColorlessPotion"},{"floor":110.0,"key":"Regen Potion"},{"floor":118.0,"key":"Block Potion"},{"floor":120.0,"key":"BottledMiracle"},{"floor":122.0,"key":"BlessingOfTheForge"},{"floor":127.0,"key":"EssenceOfSteel"},{"floor":129.0,"key":"Ancient Potion"},{"floor":131.0,"key":"Fire Potion"},{"floor":132.0,"key":"Strength Potion"},{"floor":142,"key":"Swift Potion"},{"floor":146,"key":"CultistPotion"},{"floor":150,"key":"Ambrosia"}],"is_trial":false,"path_per_floor":["M","M","M","M","M","E","M","?","T","E","R","E","M","M","R","B",null,"M","M","$","M","M","R","NM","?","T","E","M","R","M","E","R","B",null,"M","M","?","M","M","R","E","R","T","E","?","$","?","E","R","B",null,"M","M","M","M","$","E","M","M","T","M","?","E","?","M","R","B",null,"M","M","?","AVR","?","R","E","R","T","M","E","$","M","E","R","B",null,"M","M","?","?","$","E","M","E","T","R","?","R","AVR","M","R","B",null,"M","?","?","M","M","E","R","M","T","E","T","?","?","E","R","B",null,"M","?","M","AVR","?","E","R","M","T","E","?","M","M","?","R","B",null,"M","M","?","?","?","E","$","E","T","E","?","R","$","E","R","B"],"character_chosen":"WATCHER","items_purchased":["Torii","Study","Lantern","Panache","PreservedInsect","Ragnarok","infinitespire:WardingShard","Bronze Scales"],"campfire_rested":12,"item_purchase_floors":[20,56,56,56,90,90,143,143],"current_hp_per_floor":[72,72,72,72,72,51,51,51,51,41,62,53,53,52,52,28,72,71,71,71,69,50,50,39,34,34,34,18,39,39,39,60,60,72,72,72,28,28,28,28,28,28,28,28,10,10,10,10,10,10,72,72,72,72,72,72,72,72,72,72,72,61,40,33,33,54,21,77,77,77,77,77,77,77,77,77,77,77,61,61,61,61,77,67,77,77,75,50,50,50,50,10,10,10,34,34,58,58,58,82,82,82,82,75,75,75,75,75,82,82,82,96,96,96,96,96,96,72,96,96,96,96,96,96,96,96,96,96,70,70,70,63,95,96,75,96,74,74,74,74,74,74,74,76,76,78,78,91,91,84,91,0,0],"gold":101,"neow_bonus":"BOSS_RELIC","is_daily":false,"chose_seed":false,"campfire_upgraded":1,"win_rate":0.0,"timestamp":1609953063,"path_taken":["M","M","M","M","M","E","M","?","T","E","R","E","M","M","R","BOSS","M","M","$","M","M","R","NM","?","T","E","M","R","M","E","R","BOSS","M","M","?","M","M","R","E","R","T","E","?","$","?","E","R","BOSS","M","M","M","M","$","E","M","M","T","M","?","E","?","M","R","BOSS","M","M","?","AVR","?","R","E","R","T","M","E","?","M","E","R","BOSS","M","M","?","?","$","E","?","E","T","R","?","R","AVR","M","R","BOSS","M","?","?","?","M","E","R","M","T","E","?","?","?","E","R","BOSS","M","?","M","AVR","?","E","R","M","T","E","?","M","M","?","R","BOSS","M","M","?","?","?","E","$","E","T","E","?","R","?","E","R","BOSS"],"items_purchased_type":["Relic","Card","Relic","Card","Relic","Card","Relic","Relic"],"build_version":"2020-12-22","purchased_purges":10,"victory":false,"max_hp_per_floor":[72,72,72,72,72,72,72,72,72,72,72,72,72,72,72,72,72,72,72,72,72,72,72,72,72,72,72,72,72,72,72,72,72,72,72,72,72,72,72,72,72,72,72,72,72,72,72,72,72,72,72,72,72,72,72,72,72,72,72,72,72,72,72,72,72,72,72,77,77,77,77,77,77,77,77,77,77,77,77,77,77,77,77,77,77,77,77,82,82,82,82,82,82,82,82,82,82,82,82,82,82,82,82,82,82,82,82,82,82,82,82,96,96,96,96,96,96,96,96,96,96,96,96,96,96,96,96,96,96,96,96,96,96,96,96,96,96,96,91,91,91,91,91,91,91,91,91,91,91,91,91,91,91],"card_choices":[{"not_picked":["BowlingBash","CutThroughFate","Evaluate"],"picked":"SKIP","floor":1.0},{"not_picked":["ThirdEye","WreathOfFlame","WheelKick"],"picked":"SKIP","floor":2.0},{"not_picked":["BowlingBash","PathToVictory"],"picked":"SpiritShield","floor":3.0},{"not_picked":["Consecrate","ThirdEye","ClearTheMind"],"picked":"SKIP","floor":4.0},{"not_picked":["EmptyFist","Protect","FollowUp"],"picked":"SKIP","floor":5.0},{"not_picked":["Indignation","Sanctity"],"picked":"Devotion","floor":6.0},{"not_picked":["Swivel","Weave"],"picked":"Worship","floor":7.0},{"not_picked":["EmptyFist","CutThroughFate"],"picked":"Perseverance","floor":10.0},{"not_picked":["CrushJoints","CutThroughFate"],"picked":"Ragnarok","floor":12.0},{"not_picked":["Collect","MentalFortress"],"picked":"SandsOfTime","floor":13.0},{"not_picked":["Halt","Adaptation","SashWhip"],"picked":"SKIP","floor":14.0},{"not_picked":["Scrawl","Alpha"],"picked":"LessonLearned","floor":16.0},{"not_picked":["Crescendo","Vengeance+1","FlyingSleeves+1"],"picked":"SKIP","floor":18.0},{"not_picked":["FlurryOfBlows+1","FearNoEvil+1","Wireheading"],"picked":"SKIP","floor":19.0},{"not_picked":["MentalFortress","Meditate","PathToVictory"],"picked":"SKIP","floor":21.0},{"not_picked":["ThirdEye","Protect","CrushJoints"],"picked":"SKIP","floor":22.0},{"not_picked":["infinitespire:Oblivion","infinitespire:FinalStrike"],"picked":"infinitespire:SevenWalls","floor":24.0},{"not_picked":["BowlingBash","Evaluate","MentalFortress"],"picked":"SKIP","floor":24.0},{"not_picked":["CutThroughFate","ReachHeaven+1"],"picked":"Perseverance+1","floor":25.0},{"not_picked":["WindmillStrike","SashWhip"],"picked":"Consecrate","floor":27.0},{"not_picked":["FollowUp","ThirdEye+1","TalkToTheHand"],"picked":"SKIP","floor":28.0},{"not_picked":["ThirdEye","EmptyMind","ReachHeaven"],"picked":"SKIP","floor":30.0},{"not_picked":["Conclude+1","PathToVictory"],"picked":"Prostrate","floor":31.0},{"not_picked":["Judgement","ConjureBlade"],"picked":"DevaForm","floor":33.0},{"not_picked":["Protect+1","WreathOfFlame+1","FlyingSleeves"],"picked":"SKIP","floor":35.0},{"not_picked":["EmptyFist+1","ClearTheMind+1","Meditate+1"],"picked":"SKIP","floor":36.0},{"not_picked":["FollowUp","PathToVictory+1"],"picked":"Consecrate+1","floor":37.0},{"not_picked":["Blasphemy","PathToVictory"],"picked":"Consecrate+1","floor":38.0},{"not_picked":["Protect+1","FearNoEvil","Consecrate+1"],"picked":"SKIP","floor":39.0},{"not_picked":["ThirdEye","Pray"],"picked":"Vault","floor":41.0},{"not_picked":["FollowUp+1","JustLucky","FlyingSleeves"],"picked":"SKIP","floor":44.0},{"not_picked":["infinitespire:NeuralNetwork","infinitespire:Collect"],"picked":"infinitespire:UltimateForm","floor":45.0},{"not_picked":["WaveOfTheHand","Blasphemy"],"picked":"Pray+1","floor":48.0},{"not_picked":["Omniscience","Vault"],"picked":"ConjureBlade","floor":50.0},{"not_picked":["FlyingSleeves","Evaluate","Protect"],"picked":"SKIP","floor":52.0},{"not_picked":["TalkToTheHand","ClearTheMind","Consecrate"],"picked":"SKIP","floor":53.0},{"not_picked":["CrushJoints","EmptyFist","ThirdEye"],"picked":"SKIP","floor":54.0},{"not_picked":["Conclude","FlyingSleeves","PathToVictory"],"picked":"SKIP","floor":55.0},{"not_picked":["ClearTheMind","FlyingSleeves"],"picked":"DeusExMachina","floor":57.0},{"not_picked":["FlurryOfBlows","Evaluate","Vengeance"],"picked":"SKIP","floor":58.0},{"not_picked":["EmptyFist","CutThroughFate","Consecrate"],"picked":"SKIP","floor":59.0},{"not_picked":["Weave","EmptyBody","LessonLearned"],"picked":"SKIP","floor":61.0},{"not_picked":["Halt+1","Indignation+1","Protect+1"],"picked":"SKIP","floor":63.0},{"not_picked":["SashWhip","PathToVictory+1"],"picked":"Worship+1","floor":65.0},{"not_picked":["infinitespire:Menacing","infinitespire:DeathsTouch"],"picked":"infinitespire:UltimateForm","floor":67.0},{"not_picked":["Ragnarok","Scrawl+1"],"picked":"DeusExMachina+1","floor":67.0},{"not_picked":["WheelKick+1","JustLucky","Consecrate"],"picked":"SKIP","floor":69.0},{"not_picked":["Crescendo+1","Consecrate","EmptyFist"],"picked":"SKIP","floor":70.0},{"not_picked":["Prostrate+1","Adaptation"],"picked":"DevaForm","floor":75.0},{"not_picked":["WaveOfTheHand+1","EmptyFist"],"picked":"Study","floor":78.0},{"not_picked":["PathToVictory+1","ThirdEye+1","ClearTheMind+1"],"picked":"SKIP","floor":79.0},{"not_picked":["WheelKick","PathToVictory+1","CutThroughFate"],"picked":"SKIP","floor":81.0},{"not_picked":["CutThroughFate","EmptyBody+1","InnerPeace+1"],"picked":"SKIP","floor":82.0},{"not_picked":["Blasphemy+1","Alpha+1"],"picked":"MasterReality","floor":84.0},{"not_picked":["Vengeance+1","SignatureMove+1","Evaluate+1"],"picked":"SKIP","floor":86.0},{"not_picked":["SignatureMove+1","SashWhip","Consecrate"],"picked":"SKIP","floor":87.0},{"not_picked":["LikeWater","Protect+1"],"picked":"Fasting2+1","floor":91.0},{"not_picked":["ClearTheMind+1","FearNoEvil+1"],"picked":"BattleHymn","floor":92.0},{"not_picked":["EmptyMind+1","SignatureMove+1"],"picked":"Scrawl+1","floor":93.0},{"not_picked":["SashWhip+1","Adaptation+1","EmptyFist"],"picked":"SKIP","floor":99.0},{"not_picked":["DevaForm","Blasphemy+1"],"picked":"SpiritShield+1","floor":101.0},{"not_picked":["ThirdEye+1","FlurryOfBlows","Evaluate+1"],"picked":"SKIP","floor":103.0},{"not_picked":["EmptyFist","CutThroughFate"],"picked":"BattleHymn","floor":106.0},{"not_picked":["EmptyFist","Swivel+1","SashWhip"],"picked":"SKIP","floor":107.0},{"not_picked":["BowlingBash","CarveReality","WheelKick"],"picked":"SKIP","floor":108.0},{"not_picked":["EmptyBody+1","PathToVictory+1"],"picked":"Prostrate+1","floor":110.0},{"not_picked":["EmptyFist","BattleHymn"],"picked":"Establishment","floor":112.0},{"not_picked":["FlurryOfBlows","Crescendo+1","InnerPeace+1"],"picked":"SKIP","floor":116.0},{"not_picked":["Scrawl+1","Omniscience+1"],"picked":"Vault+1","floor":118.0},{"not_picked":["Crescendo+1","WindmillStrike","CrushJoints"],"picked":"SKIP","floor":120.0},{"not_picked":["BowlingBash","CarveReality+1"],"picked":"Prostrate+1","floor":122.0},{"not_picked":["Crescendo+1","SandsOfTime","Protect+1"],"picked":"SKIP","floor":125.0},{"not_picked":["CrushJoints","FlurryOfBlows","Meditate+1"],"picked":"SKIP","floor":127.0},{"not_picked":["WaveOfTheHand+1","FlurryOfBlows"],"picked":"SpiritShield+1","floor":129.0},{"not_picked":["EmptyMind+1","MentalFortress+1","JustLucky"],"picked":"SKIP","floor":131.0},{"not_picked":["Wallop","Prostrate+1","Halt+1"],"picked":"SKIP","floor":132.0},{"not_picked":["Devotion+1","Vault+1"],"picked":"Brilliance","floor":135.0},{"not_picked":["Wallop+1","Consecrate+1"],"picked":"Fasting2+1","floor":137.0},{"not_picked":["ReachHeaven+1","CutThroughFate","Wallop"],"picked":"SKIP","floor":138.0},{"not_picked":["WheelKick+1","LikeWater+1","EmptyFist"],"picked":"SKIP","floor":142},{"not_picked":["CrushJoints","MasterReality+1","BowlingBash+1"],"picked":"SKIP","floor":144},{"not_picked":["Consecrate+1","WaveOfTheHand+1","SignatureMove"],"picked":"SKIP","floor":146},{"not_picked":["Protect+1","BowlingBash","Study+1"],"picked":"SKIP","floor":150}],"player_experience":685844,"relics_obtained":[{"floor":6.0,"key":"MawBank"},{"floor":10.0,"key":"Bag of Marbles"},{"floor":12.0,"key":"infinitespire:ShieldingShard"},{"floor":24.0,"key":"Pocketwatch"},{"floor":25.0,"key":"Red Mask"},{"floor":26.0,"key":"Oddly Smooth Stone"},{"floor":27.0,"key":"Pen Nib"},{"floor":31.0,"key":"Mercury Hourglass"},{"floor":37.0,"key":"Girya"},{"floor":41.0,"key":"infinitespire:FocusingShard"},{"floor":43.0,"key":"Art of War"},{"floor":44.0,"key":"Centennial Puzzle"},{"floor":48.0,"key":"CeramicFish"},{"floor":57.0,"key":"War Paint"},{"floor":60.0,"key":"infinitespire:Magic Flask"},{"floor":63.0,"key":"Toxic Egg 2"},{"floor":75.0,"key":"Bottled Tornado"},{"floor":77.0,"key":"White Beast Statue"},{"floor":79.0,"key":"Potion Belt"},{"floor":82.0,"key":"Bag of Preparation"},{"floor":88.0,"key":"CaptainsWheel"},{"floor":91.0,"key":"Boot"},{"floor":91.0,"key":"GoldenEye"},{"floor":93.0,"key":"infinitespire:Bottled Soul"},{"floor":93.0,"key":"infinitespire:Lucky Rock"},{"floor":94.0,"key":"Bottled Flame"},{"floor":108.0,"key":"Letter Opener"},{"floor":108.0,"key":"Du-Vu Doll"},{"floor":111.0,"key":"Juzu Bracelet"},{"floor":112.0,"key":"Unceasing Top"},{"floor":112.0,"key":"Mango"},{"floor":113.0,"key":"Yang"},{"floor":116.0,"key":"TungstenRod"},{"floor":116.0,"key":"Whetstone"},{"floor":125.0,"key":"TeardropLocket"},{"floor":125.0,"key":"Mummified Hand"},{"floor":128.0,"key":"Eternal Feather"},{"floor":129.0,"key":"Frozen Egg 2"},{"floor":129.0,"key":"Akabeko"},{"floor":142,"key":"Blood Vial"},{"floor":142,"key":"Orichalcum"},{"floor":144,"key":"Vajra"},{"floor":144,"key":"infinitespire:PuzzleCube"},{"floor":145,"key":"Dream Catcher"},{"floor":146,"key":"Omamori"},{"floor":146,"key":"Happy Flower"},{"floor":150,"key":"infinitespire:Satchel"},{"floor":150,"key":"Regal Pillow"}],"event_choices":[{"cards_removed":["Defend_P"],"damage_healed":0.0,"max_hp_gain":0.0,"max_hp_loss":0.0,"gold_gain":0.0,"event_name":"Purifier","player_choice":"Purged","floor":8.0,"gold_loss":0.0,"damage_taken":0.0},{"damage_healed":0.0,"max_hp_gain":0.0,"max_hp_loss":0.0,"gold_gain":0.0,"event_name":"Masked Bandits","player_choice":"Fought Bandits","floor":25.0,"gold_loss":0.0,"damage_taken":0.0},{"damage_healed":0.0,"max_hp_gain":0.0,"max_hp_loss":0.0,"gold_gain":0.0,"event_name":"Mysterious Sphere","player_choice":"Fight","floor":37.0,"gold_loss":0.0,"damage_taken":0.0},{"damage_healed":0.0,"max_hp_gain":0.0,"max_hp_loss":0.0,"gold_gain":0.0,"event_name":"Accursed Blacksmith","player_choice":"Forge","floor":47.0,"gold_loss":0.0,"damage_taken":0.0,"cards_upgraded":["Vault"]},{"damage_healed":0.0,"max_hp_gain":0.0,"max_hp_loss":0.0,"gold_gain":75.0,"event_name":"World of Goop","player_choice":"Gather Gold","floor":62.0,"gold_loss":0.0,"damage_taken":11.0},{"damage_healed":0.0,"max_hp_gain":0.0,"max_hp_loss":0.0,"gold_gain":0.0,"event_name":"Scrap Ooze","player_choice":"Success","floor":64.0,"gold_loss":0.0,"damage_taken":7.0,"relics_obtained":["infinitespire:Golems Mask"]},{"cards_removed":["Defend_P"],"damage_healed":0.0,"max_hp_gain":0.0,"max_hp_loss":0.0,"gold_gain":0.0,"event_name":"Back to Basics","player_choice":"Elegance","floor":71.0,"gold_loss":0.0,"damage_taken":0.0},{"damage_healed":0.0,"max_hp_gain":0.0,"max_hp_loss":0.0,"gold_gain":0.0,"event_name":"Ghosts","player_choice":"Ignored","floor":73.0,"gold_loss":0.0,"damage_taken":0.0},{"damage_healed":0.0,"max_hp_gain":0.0,"max_hp_loss":0.0,"gold_gain":0.0,"event_name":"Mysterious Sphere","player_choice":"Fight","floor":88.0,"gold_loss":0.0,"damage_taken":0.0},{"cards_removed":["infinitespire:UltimateForm"],"damage_healed":0.0,"max_hp_gain":0.0,"max_hp_loss":0.0,"gold_gain":0.0,"event_name":"NoteForYourself","player_choice":"Took Card","floor":89.0,"gold_loss":0.0,"damage_taken":0.0,"cards_obtained":["Strike_G"]},{"damage_healed":0.0,"max_hp_gain":0.0,"max_hp_loss":0.0,"gold_gain":222.0,"event_name":"Tomb of Lord Red Mask","player_choice":"Wore Mask","floor":96.0,"gold_loss":0.0,"damage_taken":0.0},{"cards_removed":["Scrawl"],"damage_healed":0.0,"max_hp_gain":0.0,"max_hp_loss":0.0,"gold_gain":0.0,"event_name":"Golden Wing","player_choice":"Card Removal","floor":104.0,"gold_loss":0.0,"damage_taken":7.0},{"damage_healed":0.0,"max_hp_gain":0.0,"max_hp_loss":0.0,"gold_gain":0.0,"event_name":"Match and Keep!","player_choice":"1 cards matched","floor":105.0,"gold_loss":0.0,"damage_taken":0.0,"cards_obtained":["Prostrate"]},{"cards_removed":["FearNoEvil"],"damage_healed":0.0,"max_hp_gain":0.0,"max_hp_loss":0.0,"gold_gain":0.0,"event_name":"The Cleric","player_choice":"Card Removal","floor":114.0,"gold_loss":50.0,"damage_taken":0.0},{"cards_removed":["Prostrate"],"damage_healed":0.0,"max_hp_gain":0.0,"max_hp_loss":0.0,"gold_gain":0.0,"event_name":"Living Wall","player_choice":"Forget","floor":115.0,"gold_loss":0.0,"damage_taken":0.0},{"damage_healed":0.0,"max_hp_gain":0.0,"max_hp_loss":0.0,"gold_gain":0.0,"event_name":"Addict","player_choice":"Obtained Relic","floor":121.0,"gold_loss":85.0,"damage_taken":0.0,"relics_obtained":["infinitespire:EmpoweringShard"]},{"damage_healed":0.0,"max_hp_gain":0.0,"max_hp_loss":0.0,"gold_gain":0.0,"event_name":"Cursed Tome","player_choice":"Ignored","floor":124.0,"gold_loss":0.0,"damage_taken":0.0},{"damage_healed":0.0,"max_hp_gain":0.0,"max_hp_loss":0.0,"gold_gain":0.0,"event_name":"Drug Dealer","player_choice":"Inject Mutagens","floor":130.0,"gold_loss":0.0,"damage_taken":0.0,"relics_obtained":["MutagenicStrength"]},{"damage_healed":32.0,"max_hp_gain":0.0,"max_hp_loss":0.0,"gold_gain":0.0,"event_name":"The Library","player_choice":"Heal","floor":133.0,"gold_loss":0.0,"damage_taken":0.0},{"damage_healed":0.0,"max_hp_gain":0.0,"max_hp_loss":5.0,"gold_gain":0.0,"event_name":"Winding Halls","player_choice":"Max HP","floor":139.0,"gold_loss":0.0,"damage_taken":0.0},{"damage_healed":0,"gold_gain":0,"player_choice":"Ignored","damage_taken":0,"max_hp_gain":0,"max_hp_loss":0,"event_name":"Mysterious Sphere","floor":140,"gold_loss":0},{"damage_healed":0,"gold_gain":0,"player_choice":"2 cards matched","damage_taken":0,"max_hp_gain":0,"max_hp_loss":0,"event_name":"Match and Keep!","floor":141,"gold_loss":0,"cards_obtained":["Trip","Wish"]},{"damage_healed":0,"gold_gain":0,"cards_transformed":["SandsOfTime"],"player_choice":"Transformed","damage_taken":0,"max_hp_gain":0,"max_hp_loss":0,"event_name":"Transmorgrifier","floor":147,"gold_loss":0,"cards_obtained":["CarveReality"]}],"is_beta":false,"boss_relics":[{"not_picked":["Black Star","Sozu"],"picked":"Philosopher\u0027s Stone"},{"not_picked":["energizedSpire:StickyHand","Calling Bell"],"picked":"Coffee Dripper"},{"not_picked":["Astrolabe","Cursed Key"],"picked":"Fusion Hammer"},{"not_picked":["energizedSpire:SpiderWeb","Cursed Key"],"picked":"Tiny House"},{"not_picked":["Sozu","energizedSpire:BlackCloud"],"picked":"Black Star"},{"not_picked":["energizedSpire:CrystalSphere","Velvet Choker"],"picked":"Astrolabe"},{"not_picked":["Sozu","Calling Bell"],"picked":"energizedSpire:SpiderWeb"},{"not_picked":["energizedSpire:EnergizedDie","energizedSpire:StickyHand"],"picked":"energizedSpire:OgreHead"}],"items_purged_floors":[20,46,56,72,80,90,98,123,143,149],"is_endless":true,"potions_floor_spawned":[2,4,6,7,10,16,18,27,28,30,31,37,44,50,55,57,58,59,63,70,78,79,81,82,84,86,87,88,91,92,93,99,101,103,106,107,108,110,112,116,118,120,122,125,127,129,131,132,135,137,138,142,144,146,150],"killed_by":"infinitespire:LordOfFortification","ascension_level":1}}