{"host":"tw71e6tbbdk6nymt","time":1609960695,"event":{"mods":["Aspiration","BaseMod","Minty Spire (QoL Compilation)","StSLib"],"gold_per_floor":[116,291,291,193,203,232,232,37,37,51,95,137,137,175,175,280,280,259,279,302,40,40,65,100,129,129,129,157,157,166,207,207,319,319,340,367,395,60,72,103,103,140,194,194,234,271,309,329,329,329,329,329,18,55,55],"floor_reached":56,"playtime":4280,"items_purged":["Strike_G"],"score":1514,"play_id":"1d3ac89e-0432-4105-a73a-9ea815b294c3","local_time":"20210107031815","is_ascension_mode":true,"campfire_choices":[{"data":"Outmaneuver","floor":7,"key":"SMITH"},{"data":"Dodge and Roll","floor":13,"key":"SMITH"},{"data":"Survivor","floor":15,"key":"SMITH"},{"floor":27,"key":"REST"},{"floor":29,"key":"REST"},{"data":"Choke","floor":32,"key":"SMITH"},{"floor":49,"key":"RECALL"},{"data":"Cloak And Dagger","floor":52,"key":"SMITH"}],"circlet_count":0,"master_deck":["Strike_G","Strike_G","Strike_G","Strike_G","Defend_G+1","Defend_G","Defend_G","Defend_G+1","Defend_G","Survivor+1","Neutralize","Crippling Poison","Cloak And Dagger+1","Predator","Dodge and Roll+1","Outmaneuver+1","Sucker Punch","Phantasmal Killer+1","Leg Sweep+1","Terror+1","Phantasmal Killer+1","Choke+1","Backstab+1","Acrobatics+1","Dagger Spray","Cloak And Dagger+1","Prepared+1","Deflect+1","Necronomicurse","Slice","Burst+1","Footwork+1","Outmaneuver+1","PiercingWail+1","Distraction+1","Quick Slash","Secret Weapon+1","Choke+1","Blade Dance+1","Well Laid Plans+1","Deflect+1","Dagger Throw","Backstab","Distraction+1"],"relics":["Ring of the Serpent","NeowsBlessing","WingedGreaves","War Paint","CeramicFish","Toxic Egg 2","Darkstone Periapt","Happy Flower","aspiration:RitualDagger","aspiration:HummingbirdHeart","MutagenicStrength","Vajra","Bag of Preparation","Bottled Flame","Necronomicon","Paper Crane","Singing Bowl","Bottled Tornado","Eternal Feather","Pantograph","Potion Belt","Akabeko","aspiration:StickyExplosives_weak"],"acts_visited":["Exordium","TheCity","TheBeyond","TheEnding"],"potions_floor_usage":[11,12,12,23,25,33,35,46,50,55,55,55,55],"damage_taken":[{"damage":0,"enemies":"Jaw Worm","floor":1,"turns":1},{"damage":0,"enemies":"Small Slimes","floor":5,"turns":1},{"damage":0,"enemies":"3 Sentries","floor":6,"turns":1},{"damage":0,"enemies":"Cultist","floor":10,"turns":4},{"damage":7,"enemies":"Gremlin Nob","floor":11,"turns":4},{"damage":2,"enemies":"Lagavulin","floor":12,"turns":6},{"damage":5,"enemies":"3 Sentries","floor":14,"turns":8},{"damage":23,"enemies":"The Guardian","floor":16,"turns":11},{"damage":28,"enemies":"2 Thieves","floor":18,"turns":5},{"damage":16,"enemies":"Chosen","floor":19,"turns":4},{"damage":31,"enemies":"3 Cultists","floor":20,"turns":6},{"damage":22,"enemies":"Slavers","floor":23,"turns":5},{"damage":49,"enemies":"Book of Stabbing","floor":24,"turns":6},{"damage":14,"enemies":"Chosen and Byrds","floor":25,"turns":4},{"damage":16,"enemies":"Sentry and Sphere","floor":28,"turns":4},{"damage":18,"enemies":"Slavers","floor":31,"turns":3},{"damage":31,"enemies":"Champ","floor":33,"turns":7},{"damage":6,"enemies":"3 Darklings","floor":35,"turns":2},{"damage":6,"enemies":"Orb Walker","floor":36,"turns":2},{"damage":25,"enemies":"Jaw Worm Horde","floor":37,"turns":4},{"damage":20,"enemies":"Transient","floor":39,"turns":5},{"damage":18,"enemies":"Nemesis","floor":40,"turns":5},{"damage":18,"enemies":"Giant Head","floor":42,"turns":6},{"damage":15,"enemies":"Reptomancer","floor":45,"turns":5},{"damage":9,"enemies":"Giant Head","floor":46,"turns":3},{"damage":16,"enemies":"Nemesis","floor":47,"turns":5},{"damage":15,"enemies":"Maw","floor":48,"turns":5},{"damage":27,"enemies":"Donu and Deca","floor":50,"turns":8},{"damage":24,"enemies":"Shield and Spear","floor":54,"turns":4},{"damage":100,"enemies":"The Heart","floor":55,"turns":7}],"seed_played":"-6826520916443332923","potions_obtained":[{"floor":1,"key":"Swift Potion"},{"floor":10,"key":"LiquidMemories"},{"floor":11,"key":"Fire Potion"},{"floor":20,"key":"Fire Potion"},{"floor":24,"key":"CunningPotion"},{"floor":31,"key":"Regen Potion"},{"floor":33,"key":"DistilledChaos"},{"floor":35,"key":"Ancient Potion"},{"floor":37,"key":"Energy Potion"},{"floor":39,"key":"Dexterity Potion"},{"floor":48,"key":"AttackPotion"},{"floor":54,"key":"Swift Potion"}],"is_trial":false,"path_per_floor":["M","?","?","$","M","E","R","$","T","M","E","E","R","E","R","B",null,"M","M","M","$","?","E","E","M","T","R","M","R","?","E","R","B",null,"M","M","M","$","M","E","R","E","T","?","E","E","E","M","R","B",null,"R","$","E","B",null],"character_chosen":"THE_SILENT","items_purchased":["Cloak And Dagger","Predator","War Paint","Sucker Punch","aspiration:HummingbirdHeart","Dagger Spray","Distraction+1","Quick Slash","Secret Weapon+1","GhostInAJar","Akabeko","Backstab"],"campfire_rested":2,"item_purchase_floors":[4,4,8,8,21,21,38,38,38,53,53,53],"current_hp_per_floor":[70,70,63,63,63,63,63,63,63,63,56,54,54,49,49,26,70,42,26,69,69,69,60,27,29,29,50,41,62,52,53,53,72,76,76,76,62,62,72,69,69,78,78,78,77,78,73,78,78,78,78,78,78,69,31],"gold":55,"neow_bonus":"THREE_ENEMY_KILL","is_daily":false,"chose_seed":false,"campfire_upgraded":5,"win_rate":0.0,"timestamp":1609960695,"path_taken":["M","?","?","$","M","E","R","$","T","M","E","E","R","E","R","BOSS","M","M","M","$","?","E","E","M","T","R","M","R","?","E","R","BOSS","M","M","M","$","M","E","R","E","T","?","E","E","E","M","R","BOSS","R","$","E","BOSS"],"items_purchased_type":["Card","Card","Relic","Card","Relic","Card","Card","Card","Card","Potion","Relic","Card"],"build_version":"2020-12-22","purchased_purges":1,"victory":true,"max_hp_per_floor":[70,70,70,70,70,70,70,70,70,70,70,70,70,70,70,70,70,70,70,70,70,70,70,70,70,70,70,70,70,76,76,76,76,76,76,76,76,76,76,78,78,78,78,78,78,78,78,78,78,78,78,78,78,78,78],"card_choices":[{"not_picked":["Cloak And Dagger","Bane"],"picked":"Crippling Poison","floor":1},{"not_picked":["Poisoned Stab","Quick Slash"],"picked":"Dodge and Roll","floor":5},{"not_picked":["Dodge and Roll","Bouncing Flask"],"picked":"Outmaneuver","floor":6},{"not_picked":["Skewer","Well Laid Plans","Dodge and Roll"],"picked":"SKIP","floor":10},{"not_picked":["PiercingWail+1","Bane"],"picked":"Phantasmal Killer+1","floor":11},{"not_picked":["Accuracy","PiercingWail+1"],"picked":"Leg Sweep+1","floor":12},{"not_picked":["Flying Knee","Outmaneuver+1"],"picked":"Terror+1","floor":14},{"not_picked":["Tools of the Trade","aspiration:Lunge"],"picked":"Phantasmal Killer+1","floor":16},{"not_picked":["Underhanded Strike","Deflect+1"],"picked":"Choke","floor":18},{"not_picked":["Eviscerate","Underhanded Strike"],"picked":"Backstab+1","floor":19},{"not_picked":["Outmaneuver+1","Dagger Spray"],"picked":"Acrobatics+1","floor":20},{"not_picked":["Eviscerate","Sucker Punch","Wraith Form v2"],"picked":"SKIP","floor":23},{"not_picked":["Slice","Infinite Blades+1"],"picked":"Cloak And Dagger+1","floor":24},{"not_picked":["Dagger Spray+1","Sucker Punch+1"],"picked":"Prepared+1","floor":25},{"not_picked":["Poisoned Stab","Storm of Steel+1"],"picked":"Deflect+1","floor":28},{"not_picked":["Accuracy","Acrobatics+1"],"picked":"Slice","floor":31},{"not_picked":["Tools of the Trade","After Image"],"picked":"Burst+1","floor":33},{"not_picked":["Sucker Punch+1","Cloak And Dagger+1"],"picked":"Footwork+1","floor":35},{"not_picked":["Acrobatics+1","Footwork"],"picked":"Outmaneuver+1","floor":36},{"not_picked":["Calculated Gamble+1","Dagger Spray+1"],"picked":"PiercingWail+1","floor":37},{"not_picked":["Flechettes","Accuracy","Acrobatics+1"],"picked":"SKIP","floor":39},{"not_picked":["Slice+1","Glass Knife","Infinite Blades"],"picked":"Singing Bowl","floor":40},{"not_picked":["PiercingWail+1","Flying Knee+1"],"picked":"Choke+1","floor":42},{"not_picked":["Bane","Skewer+1"],"picked":"Blade Dance+1","floor":45},{"not_picked":["Backflip+1","Skewer"],"picked":"Well Laid Plans+1","floor":46},{"not_picked":["Deadly Poison+1","Sucker Punch"],"picked":"Deflect+1","floor":47},{"not_picked":["Blade Dance+1","Storm of Steel+1"],"picked":"Dagger Throw","floor":48},{"not_picked":["Burst+1","Outmaneuver+1"],"picked":"Distraction+1","floor":54}],"player_experience":385669,"relics_obtained":[{"floor":6,"key":"WingedGreaves"},{"floor":9,"key":"CeramicFish"},{"floor":11,"key":"Toxic Egg 2"},{"floor":12,"key":"Darkstone Periapt"},{"floor":14,"key":"Happy Flower"},{"floor":23,"key":"Vajra"},{"floor":24,"key":"Bag of Preparation"},{"floor":26,"key":"Bottled Flame"},{"floor":30,"key":"Necronomicon"},{"floor":31,"key":"Paper Crane"},{"floor":40,"key":"Singing Bowl"},{"floor":42,"key":"Bottled Tornado"},{"floor":45,"key":"Eternal Feather"},{"floor":46,"key":"Pantograph"},{"floor":47,"key":"Potion Belt"},{"floor":54,"key":"aspiration:StickyExplosives_weak"}],"event_choices":[{"damage_healed":0,"gold_gain":175,"player_choice":"AGREE","damage_taken":0,"max_hp_gain":0,"max_hp_loss":0,"event_name":"Liars Game","floor":2,"gold_loss":0,"cards_obtained":["Doubt"]},{"cards_removed":["Doubt"],"damage_healed":0,"gold_gain":0,"player_choice":"Card Removal","damage_taken":7,"max_hp_gain":0,"max_hp_loss":0,"event_name":"Golden Wing","floor":3,"gold_loss":0},{"damage_healed":0,"gold_gain":0,"player_choice":"Inject Mutagens","damage_taken":0,"relics_obtained":["MutagenicStrength"],"max_hp_gain":0,"max_hp_loss":0,"event_name":"Drug Dealer","floor":22,"gold_loss":0},{"damage_healed":0,"gold_gain":0,"player_choice":"Obtained Book","damage_taken":16,"max_hp_gain":0,"max_hp_loss":0,"event_name":"Cursed Tome","floor":30,"gold_loss":0},{"damage_healed":0,"gold_gain":0,"player_choice":"Got Potions","damage_taken":0,"max_hp_gain":0,"max_hp_loss":0,"event_name":"Lab","floor":44,"gold_loss":0}],"is_beta":false,"boss_relics":[{"not_picked":["Busted Crown","aspiration:IroncladSkillbook"],"picked":"aspiration:RitualDagger"},{"not_picked":["aspiration:RunicSpoon","Philosopher\u0027s Stone"],"picked":"Ring of the Serpent"}],"items_purged_floors":[38],"is_endless":false,"potions_floor_spawned":[1,10,11,20,24,31,33,35,37,39,42,45,48,54],"ascension_level":1}}