{"host":"8v536rckjlpi3bq3","time":1609925884,"event":{"mods":["ATMod(阿瑾Mod)","Act Like it!","Aspiration","BaseMod","Colored Powertips","Conspire","Dota2Spire","Gensokyo","Hallownest","HololiveMod","Jedi Mod","KomeijiMod","Lobotomy","LobotomyExtend","Marisa（F雨　魔理沙）","Minty Spire (QoL Compilation)","MostiFishMod","Relic Stats","Replay The Spire","Spicy Shops","StSLib","TestMod","The Hierophant","The Jungle","The Marked","WarShipGirlsR/战舰少女R mod","Youmu（魂魄妖梦）","vexMod","【功能Mod】混沌之环修复补丁","【功能Mod】聪明的最终Boss","【角色mod】十八桐人","【遗物卡牌】REMEMod","篝火指南"],"gold_per_floor":[94,94,119,10,10,98,124,363,363,404,404,461,461,461,461,581,581,596,796,821,847,847,877,571,596,667,718,633,110,164,193,193,353,353,363,240,119,119,145,194,194,194,272,272,272,318,368,430,430,561,561,605,234,287,540,540,336,176,176,176,248,327,327,115,91,91,117,117],"floor_reached":67,"playtime":2377,"items_purged":[],"score":1407,"play_id":"6ac6fcf9-2c6d-4b64-958e-cf78900b4307","local_time":"20210106173804","daily_mods":["Vintage","Colorless Cards","Heirloom","Time Dilation","Flight"],"is_ascension_mode":false,"campfire_choices":[{"data":"Hololive_CallHoushouMarine","floor":13.0,"key":"SMITH"},{"floor":15.0,"key":"DIG"},{"data":"MostiFishMod:MusicBox","floor":49,"key":"SMITH"}],"circlet_count":0,"master_deck":["Hololive_Strike","Hololive_Strike","Hololive_Defend+1","Hololive_Defend","Hololive_Sequa","Hololive_CallSakuraMiko","Hololive_CallFriendA","Hololive_CallHoushouMarine+1","Hololive_CallAiraniIofifteen","Hololive_CallSakuraMiko","MostiFishMod:Mottled","Hololive_CallNakiriAyame","rmod:expedition","rmod:acesubmarine","testmod-RepeatForm","Hololive_RevenueBasedLive+1","Hololive_CallHimemoriLuna","rmod:highspeedshooting","Hololive_CallDoris","Hololive_CallYukihanaLamy+1","ReplayTheSpireMod:Brewmster","MostiFishMod:MusicBox+1","testmod-PainDetonator+1","hierophant:Doubloon+1","hierophant:Doubloon+1","hierophant:RustyCrate","Gensokyo:EverlastingLife","theMarked:Levitate","REME_WheelOfFate","MostiFishMod:Neptune","MostiFishMod:TheEndOfMoonlight","MostiFishMod:SparklingWater","MostiFishMod:FantasySummer","MostiFishMod:NightSea","hierophant:RustyCrate","hierophant:Doubloon+1","hierophant:Doubloon+1","Gensokyo:CrescentMoonSlash","Gensokyo:Shovel","Hololive_CallSakuraMiko"],"relics":["Hololive_TheStar","DaveBox","replay:Trail_Library","REME_ComplimentaryCards","testmod-TestBox","AT_ATBox","HollowDreamFlower","testmod-Prudence","AT_Kusabimaru","Bronze Scales","SynthV:TestCard","LetterFromLob","Dota2Spire:Vanguard","Centennial Puzzle","Replay:Accelerometer","Eternal Feather","AT_GoldPhoenixTree","SentryEyes","War Paint","Happy Flower","Gensokyo:Justice","Anchor","REME_LowDesire","Bag of Marbles","vexMod:BarristanHead","Replay:WaspNest","PreservedInsect","testmod-Brilliant","PrismaticShard","REME_ArchaeologicalTools","AT_SunfireAegis","testmod-Acrobat","AT_RedNoBalance","Onion Ring","Dota2Spire:MaskOfMadness","testmod-Hope","ThornShield","testmod-OneHitWonder","Dota2Spire:EtherealBlade","PatriotShield","jedi:cryingmask","GoodDreamPillow","Quantum Egg","testmod-Antiphasic","Gensokyo:TheCrow","aspiration:StickyExplosives_weak","Blue Doll","ReplayFunnel","Dota2Spire:MantaStyle","Dota2Spire:ShadowBlade","MoonlightInvasionPlan","Hololive_FriedShrimpLion","conspire:InfiniteJournal","ChiLing","Chi","Ling","Bottled Tornado","Replay:Bottled Eggs","Strawberry","aspiration:Nostalgia","Ring of the Snake","Enchiridion","vexMod:Dragonfruit","Dota2Spire:PowerTreads","ReplayTheSpireMod:Ninjato","BirthdayGift-Icosahedron","Dota2Spire:LotusOrb"],"acts_visited":["Gensokyo:Gensokyo","TheCity","Gensokyo:Gensokyoest","Gensokyo:Gensokyo"],"potions_floor_usage":[50],"damage_taken":[{"damage":0.0,"enemies":"Gensokyo:Gryphon","floor":1.0,"turns":3.0},{"damage":0.0,"enemies":"Gensokyo:Python","floor":3.0,"turns":2.0},{"damage":0.0,"enemies":"Gensokyo:Cirno","floor":6.0,"turns":6.0},{"damage":0.0,"enemies":"Gensokyo:2_Kodama","floor":7.0,"turns":3.0},{"damage":0.0,"enemies":"Gensokyo:Aya","floor":8.0,"turns":4.0},{"damage":0.0,"enemies":"Gensokyo:Mamizou","floor":10.0,"turns":4.0},{"damage":0.0,"enemies":"Gensokyo:Cirno","floor":12.0,"turns":4.0},{"damage":0.0,"enemies":"Gensokyo:Kokoro","floor":16.0,"turns":5.0},{"damage":0.0,"enemies":"3 Byrds","floor":18.0,"turns":2.0},{"damage":0.0,"enemies":"conspire:FuzzyDice","floor":20.0,"turns":3.0},{"damage":0.0,"enemies":"Cultist and Chosen","floor":21.0,"turns":2.0},{"damage":11.0,"enemies":"REME_1_Revenger","floor":23.0,"turns":3.0},{"damage":0.0,"enemies":"Slavers","floor":27.0,"turns":1.0},{"damage":0.0,"enemies":"Chosen and Byrds","floor":30.0,"turns":1.0},{"damage":0.0,"enemies":"Centurion and Healer","floor":31.0,"turns":1.0},{"damage":0.0,"enemies":"Automaton","floor":33.0,"turns":4.0},{"damage":0.0,"enemies":"Gensokyo:3_Bats","floor":35.0,"turns":1.0},{"damage":0.0,"enemies":"Gensokyo:3_Boulders","floor":39.0,"turns":2.0},{"damage":0.0,"enemies":"Gensokyo:Kasen","floor":40.0,"turns":2.0},{"damage":0.0,"enemies":"Gensokyo:AtlasGolem","floor":47.0,"turns":2.0},{"damage":0.0,"enemies":"Gensokyo:Marisa","floor":48.0,"turns":2.0},{"damage":0,"enemies":"Gensokyo:Yuyuko","floor":50,"turns":1},{"damage":0,"enemies":"Gensokyo:Python","floor":52,"turns":2},{"damage":0,"enemies":"Gensokyo:2_Kodama","floor":54,"turns":1},{"damage":0,"enemies":"Gensokyo:3_Fairies","floor":55,"turns":2},{"damage":0,"enemies":"Gensokyo:2_Rabbits","floor":61,"turns":1},{"damage":0,"enemies":"Gensokyo:VengefulSpirit","floor":62,"turns":1},{"damage":0,"enemies":"Gensokyo:Yukari","floor":67,"turns":2}],"seed_played":"-4594863001595111354","potions_obtained":[{"floor":1.0,"key":"ExcitationPotion"},{"floor":2.0,"key":"Dexterity Potion"},{"floor":3.0,"key":"ExcitationPotion"},{"floor":10.0,"key":"jedi:holywater"},{"floor":18.0,"key":"SkillPotion"},{"floor":31.0,"key":"testmod-SpacePotion"},{"floor":40.0,"key":"Dexterity Potion"},{"floor":50,"key":"CultistPotion"},{"floor":54,"key":"PowerPotion"}],"is_trial":true,"path_per_floor":["M","?","M","COS","?","E","M","E","T","E","?","E","R","?","R","B",null,"M","?","M","M","?","E","$","T","T","E","?","$","M","M","R","B",null,"M","?","COS","?","M","E","$","?","T","?","?","T","M","E","R","B",null,"M","$","M","M","?","$","?","?","T","M","M","?","COS","$","R","B"],"character_chosen":"Hololive_HololiveCharacter","items_purchased":["AT_SunfireAegis","Hololive_CallHimemoriLuna","rmod:highspeedshooting","ReplayTheSpireMod:Brewmster","testmod-Hope","ThornShield","conspire:InfiniteJournal","ChiLing","aspiration:Nostalgia","hierophant:RustyCrate","Hololive_CallSakuraMiko"],"campfire_rested":0,"item_purchase_floors":[24,24,24,29,29,29,53,53,57,57,65],"current_hp_per_floor":[35,35,35,35,40,40,40,40,40,40,40,40,40,40,40,40,40,40,40,40,40,30,23,23,23,23,24,24,24,24,24,36,24,40,24,24,24,24,24,28,28,28,28,28,28,28,32,36,40,40,40,40,40,40,40,35,35,35,26,31,35,39,39,39,39,52,52,52],"gold":117,"neow_bonus":"","is_daily":false,"chose_seed":false,"campfire_upgraded":2,"win_rate":0.0,"timestamp":1609925884,"path_taken":["M","?","M","COS","?","E","?","E","T","E","?","E","R","?","R","BOSS","M","?","?","?","?","E","$","?","T","E","?","?","?","M","R","BOSS","M","?","COS","?","?","E","?","?","T","?","?","?","?","E","R","BOSS","M","$","?","?","?","$","?","?","T","?","?","?","COS","?","R","BOSS"],"items_purchased_type":["Relic","Card","Card","Card","Relic","Relic","Relic","Relic","Relic","Card","Card"],"build_version":"2020-12-22","purchased_purges":0,"victory":false,"max_hp_per_floor":[35,35,35,35,40,40,40,40,40,40,40,40,40,40,40,40,40,40,40,40,40,40,40,40,40,40,40,40,40,40,40,40,40,40,40,40,40,40,40,40,40,40,40,40,40,40,40,40,40,40,40,40,40,40,40,47,47,47,47,52,52,52,52,52,52,52,52,52],"relic_stats":{"Centennial Puzzle":[3],"Happy Flower":[15],"counters":[28,61],"Bronze Scales":[83],"Eternal Feather":29,"PreservedInsect":246,"War Paint":["Hololive_Defend","AT_FamilyPortrait"],"obtain_stats":[{"Replay:Accelerometer":7,"Dota2Spire:MaskOfMadness":28,"PatriotShield":34,"Dota2Spire:PowerTreads":61,"AT_ATBox":0,"Chi":53,"Dota2Spire:ShadowBlade":50,"BirthdayGift-Icosahedron":64,"Dota2Spire:EtherealBlade":31,"Bottled Tornado":54,"Centennial Puzzle":6,"testmod-Prudence":0,"Strawberry":56,"REME_ArchaeologicalTools":23,"AT_RedNoBalance":39,"replay:Trail_Library":0,"testmod-TestBox":0,"GoodDreamPillow":36,"Happy Flower":11,"aspiration:Nostalgia":57,"Gensokyo:TheCrow":42,"MoonlightInvasionPlan":51,"Eternal Feather":8,"AT_SilverBalance":26,"War Paint":10,"Ling":53,"Bronze Scales":1,"testmod-Acrobat":25,"Hololive_TheStar":0,"SentryEyes":10,"Onion Ring":27,"testmod-OneHitWonder":30,"ChiLing":53,"ReplayFunnel":47,"DaveBox":0,"Enchiridion":58,"Blue Doll":46,"Dota2Spire:Vanguard":3,"Gensokyo:Justice":14,"PrismaticShard":22,"Dota2Spire:LotusOrb":67,"aspiration:StickyExplosives_weak":43,"conspire:InfiniteJournal":53,"testmod-Brilliant":21,"AT_Kusabimaru":0,"jedi:cryingmask":35,"REME_LowDesire":17,"Replay:Bottled Eggs":55,"HollowDreamFlower":0,"Ring of the Snake":57,"Dota2Spire:MantaStyle":48,"ReplayTheSpireMod:Ninjato":62,"Quantum Egg":39,"AT_GoldPhoenixTree":9,"Replay:WaspNest":18,"PreservedInsect":20,"ThornShield":29,"vexMod:Dragonfruit":60,"testmod-Antiphasic":40,"Anchor":15,"SynthV:TestCard":1,"vexMod:BarristanHead":17,"testmod-Hope":29,"Hololive_FriedShrimpLion":52,"LetterFromLob":1,"Bag of Marbles":17,"AT_SunfireAegis":24,"REME_ComplimentaryCards":0},{"Replay:Accelerometer":4,"Dota2Spire:MaskOfMadness":13,"PatriotShield":16,"Dota2Spire:PowerTreads":26,"AT_ATBox":0,"Chi":23,"Dota2Spire:ShadowBlade":22,"BirthdayGift-Icosahedron":27,"Dota2Spire:EtherealBlade":15,"Bottled Tornado":24,"Centennial Puzzle":3,"testmod-Prudence":0,"Strawberry":25,"REME_ArchaeologicalTools":12,"AT_RedNoBalance":18,"replay:Trail_Library":0,"testmod-TestBox":0,"GoodDreamPillow":17,"Happy Flower":6,"aspiration:Nostalgia":25,"Gensokyo:TheCrow":19,"MoonlightInvasionPlan":22,"Eternal Feather":5,"AT_SilverBalance":12,"War Paint":6,"Ling":23,"Bronze Scales":1,"testmod-Acrobat":12,"Hololive_TheStar":0,"SentryEyes":6,"Onion Ring":13,"testmod-OneHitWonder":14,"ChiLing":23,"ReplayFunnel":20,"DaveBox":0,"Enchiridion":25,"Blue Doll":19,"Dota2Spire:Vanguard":2,"Gensokyo:Justice":7,"PrismaticShard":11,"Dota2Spire:LotusOrb":28,"aspiration:StickyExplosives_weak":19,"conspire:InfiniteJournal":23,"testmod-Brilliant":11,"AT_Kusabimaru":0,"jedi:cryingmask":17,"REME_LowDesire":8,"Replay:Bottled Eggs":25,"HollowDreamFlower":0,"Ring of the Snake":25,"Dota2Spire:MantaStyle":21,"ReplayTheSpireMod:Ninjato":27,"Quantum Egg":18,"AT_GoldPhoenixTree":5,"Replay:WaspNest":9,"PreservedInsect":10,"ThornShield":13,"vexMod:Dragonfruit":25,"testmod-Antiphasic":19,"Anchor":7,"SynthV:TestCard":1,"vexMod:BarristanHead":8,"testmod-Hope":13,"Hololive_FriedShrimpLion":23,"LetterFromLob":1,"Bag of Marbles":8,"AT_SunfireAegis":12,"REME_ComplimentaryCards":0},{"Replay:Accelerometer":14,"Dota2Spire:MaskOfMadness":38,"PatriotShield":43,"Dota2Spire:PowerTreads":58,"AT_ATBox":0,"Chi":54,"Dota2Spire:ShadowBlade":53,"BirthdayGift-Icosahedron":59,"Dota2Spire:EtherealBlade":40,"Bottled Tornado":55,"Centennial Puzzle":11,"testmod-Prudence":0,"Strawberry":57,"REME_ArchaeologicalTools":37,"AT_RedNoBalance":44,"replay:Trail_Library":0,"testmod-TestBox":0,"GoodDreamPillow":44,"Happy Flower":21,"aspiration:Nostalgia":57,"Gensokyo:TheCrow":48,"MoonlightInvasionPlan":53,"Eternal Feather":18,"AT_SilverBalance":37,"War Paint":21,"Ling":54,"Bronze Scales":3,"testmod-Acrobat":37,"Hololive_TheStar":0,"SentryEyes":20,"Onion Ring":38,"testmod-OneHitWonder":39,"ChiLing":54,"ReplayFunnel":50,"DaveBox":0,"Enchiridion":57,"Blue Doll":48,"Dota2Spire:Vanguard":5,"Gensokyo:Justice":25,"PrismaticShard":34,"Dota2Spire:LotusOrb":61,"aspiration:StickyExplosives_weak":48,"conspire:InfiniteJournal":54,"testmod-Brilliant":34,"AT_Kusabimaru":0,"jedi:cryingmask":44,"REME_LowDesire":29,"Replay:Bottled Eggs":57,"HollowDreamFlower":0,"Ring of the Snake":57,"Dota2Spire:MantaStyle":52,"ReplayTheSpireMod:Ninjato":59,"Quantum Egg":46,"AT_GoldPhoenixTree":18,"Replay:WaspNest":30,"PreservedInsect":32,"ThornShield":38,"vexMod:Dragonfruit":57,"testmod-Antiphasic":48,"Anchor":25,"SynthV:TestCard":3,"vexMod:BarristanHead":29,"testmod-Hope":38,"Hololive_FriedShrimpLion":54,"LetterFromLob":3,"Bag of Marbles":29,"AT_SunfireAegis":37,"REME_ComplimentaryCards":0}],"Ring of the Snake":[5]},"card_choices":[{"not_picked":["DemonsDinnerFork_Remiria","Swift Strike","hierophant:Prophecy","Mishyaguji+1","TricksterDevil"],"picked":"Hololive_CallNakiriAyame","floor":6.0},{"not_picked":["hierophant:HammerAndAnvil","TricksterDevil","Mishyaguji+1","DamonLordCradle_Remiria","testmod-DeathImprint"],"picked":"rmod:diamondstrike","floor":8.0},{"not_picked":["Enlightenment","IceTornado","rmod:tearstotiara","Sabishigari+1","rmod:aggressivemary"],"picked":"rmod:expedition","floor":10.0},{"not_picked":["BloodCleaner","hierophant:Remorse","hierophant:Shelter","hierophant:MorningPrayer","rmod:supportescort"],"picked":"rmod:acesubmarine","floor":12.0},{"not_picked":["LunaDial","REME_EyeOfCthun","MunenMusou","RidiculousThoughts","REME_BuildACard"],"picked":"testmod-RepeatForm","floor":16.0},{"not_picked":["hierophant:ConvertCurrency+1","hierophant:Repentance","hierophant:Smite","Dark Shackles","Tearing","MostiFishMod:PerfectForm"],"picked":"Hololive_RevenueBasedLive+1","floor":22.0},{"not_picked":["Sadistic Nature","Skim","InscribeRedSoul","REME_GreenPollution","theMarked:Aftermath+1","Lockon","AT_FalsePromise"],"picked":"SKIP","floor":23.0},{"not_picked":["hierophant:Smite","hierophant:CoinFling+1","Sword Boomerang","hierophant:Blessing","Clothesline","Mayhem"],"picked":"Hololive_CallYukihanaLamy+1","floor":27.0},{"not_picked":["theMarked:UnarmedFury","Violence","ReplayUltimateDefense","RedMagic","Electrodynamics","Twilight"],"picked":"MostiFishMod:MusicBox","floor":33.0},{"not_picked":["Injury_Black+1","jedi:overflow+1","Good Instincts","DamonLordCradle_Remiria+1","DoubleWheelOfPain","PhosphoricSlash"],"picked":"testmod-PainDetonator+1","floor":40.0},{"not_picked":["Gensokyo:MorningStar","Gensokyo:RisingWorld"],"picked":"Gensokyo:EverlastingLife","floor":44.0},{"not_picked":["FearNoEvil","NonDirectionalLaser+1","Cleave","DamonLordCradle_Remiria","LowerRealmReflectionSlash","Secret Technique"],"picked":"theMarked:Levitate","floor":48.0},{"not_picked":["jedi:unlimitedpower","Limit Break","Hololive_Nanodesu","Gensokyo:RisingWorld","rmod:acesubmarine","REME_MagicPocketWatch"],"picked":"REME_WheelOfFate","floor":50}],"player_experience":239717,"relics_obtained":[{"floor":1.0,"key":"Bronze Scales"},{"floor":1.0,"key":"SynthV:TestCard"},{"floor":1.0,"key":"LetterFromLob"},{"floor":3.0,"key":"Dota2Spire:Vanguard"},{"floor":6.0,"key":"Centennial Puzzle"},{"floor":7.0,"key":"Replay:Accelerometer"},{"floor":8.0,"key":"Eternal Feather"},{"floor":9.0,"key":"AT_GoldPhoenixTree"},{"floor":10.0,"key":"War Paint"},{"floor":15.0,"key":"Anchor"},{"floor":17.0,"key":"Bag of Marbles"},{"floor":17.0,"key":"vexMod:BarristanHead"},{"floor":18.0,"key":"Replay:WaspNest"},{"floor":20.0,"key":"PreservedInsect"},{"floor":21.0,"key":"testmod-Brilliant"},{"floor":22.0,"key":"PrismaticShard"},{"floor":23.0,"key":"REME_ArchaeologicalTools"},{"floor":25.0,"key":"testmod-Acrobat"},{"floor":26.0,"key":"AT_SilverBalance"},{"floor":27.0,"key":"Onion Ring"},{"floor":30.0,"key":"testmod-OneHitWonder"},{"floor":31.0,"key":"Dota2Spire:EtherealBlade"},{"floor":35.0,"key":"jedi:cryingmask"},{"floor":39.0,"key":"Quantum Egg"},{"floor":40.0,"key":"testmod-Antiphasic"},{"floor":43.0,"key":"aspiration:StickyExplosives_weak"},{"floor":46.0,"key":"Blue Doll"},{"floor":47.0,"key":"ReplayFunnel"},{"floor":48.0,"key":"Dota2Spire:MantaStyle"},{"floor":52,"key":"Hololive_FriedShrimpLion"},{"floor":54,"key":"Bottled Tornado"},{"floor":55,"key":"Replay:Bottled Eggs"},{"floor":60,"key":"vexMod:Dragonfruit"},{"floor":61,"key":"Dota2Spire:PowerTreads"},{"floor":62,"key":"ReplayTheSpireMod:Ninjato"}],"event_choices":[{"damage_healed":0.0,"max_hp_gain":0.0,"max_hp_loss":0.0,"gold_gain":200.0,"event_name":"Wheel of Change","player_choice":"Gold","floor":19.0,"gold_loss":0.0,"damage_taken":0.0},{"damage_healed":0.0,"max_hp_gain":0.0,"max_hp_loss":0.0,"gold_gain":0.0,"event_name":"Addict","player_choice":"Obtained Relic","floor":28.0,"gold_loss":85.0,"damage_taken":0.0,"relics_obtained":["Dota2Spire:MaskOfMadness"]}],"is_beta":false,"boss_relics":[{"not_picked":["Velvet Choker","Painkiller Herb"],"picked":"REME_LowDesire"},{"not_picked":["testmod-Temperance","Coffee Dripper"],"picked":"PatriotShield"},{"not_picked":["Replay:Grab Bag","Calling Bell"],"picked":"MoonlightInvasionPlan"}],"items_purged_floors":[],"is_endless":true,"potions_floor_spawned":[1,3,10,18,31,40,50,54],"killed_by":"Gensokyo:Yukari","ascension_level":0}}