{"host":"kh6fvhxn285ncg0o","time":1609956097,"event":{"mods":["Act Like it!","BaseMod","Colored Map","Friendly Minions","Keyboard Shortcuts","Minty Spire (QoL Compilation)","Quick Restart","Relic Stats","StSLib","SuperFastMode"],"gold_per_floor":[117,133,183,196,196,196,196,226,226,552,568,583,583,614,614,687,687,699,699,75,75,87,102,130,148,148,177,193,293,323,339,339,411,411,421,446,459,469,482,516,516,516,516],"floor_reached":42,"playtime":2604,"items_purged":["Defend_R"],"score":1245,"play_id":"afbb77a9-2105-481e-bd77-11bf2ee05f41","local_time":"20210107030137","is_ascension_mode":true,"campfire_choices":[{"data":"Bash","floor":7.0,"key":"SMITH"},{"floor":13.0,"key":"REST"},{"data":"Immolate","floor":15.0,"key":"SMITH"},{"data":"Evolve","floor":32.0,"key":"SMITH"}],"circlet_count":0,"master_deck":["AscendersBane","Defend_R","Defend_R","Defend_R","Bash+1","Burning Pact","Pummel","Rage","Feel No Pain","Pommel Strike+1","Immolate+1","Disarm","Feed","Flame Barrier+1","Wild Strike+1","Offering+1","Dual Wield","Evolve+1","Battle Trance","Finesse","Ghostly","Ghostly","Ghostly","Body Slam+1","Reckless Charge","Bloodletting","Shrug It Off+1"],"relics":["Burning Blood","WarpedTongs","Incense Burner","Charon\u0027s Ashes","Old Coin","Red Skull","Astrolabe","TungstenRod","StoneCalendar","Frozen Egg 2","Ice Cream","Paper Frog","Darkstone Periapt","Cursed Key","Shovel","Nunchaku"],"acts_visited":["Exordium","TheCity","TheBeyond"],"potions_floor_usage":[],"damage_taken":[{"damage":4.0,"enemies":"Small Slimes","floor":1.0,"turns":3.0},{"damage":6.0,"enemies":"Cultist","floor":2.0,"turns":4.0},{"damage":6.0,"enemies":"Jaw Worm","floor":4.0,"turns":5.0},{"damage":8.0,"enemies":"3 Sentries","floor":8.0,"turns":12.0},{"damage":49.0,"enemies":"Gremlin Nob","floor":10.0,"turns":5.0},{"damage":0.0,"enemies":"Lots of Slimes","floor":11.0,"turns":4.0},{"damage":8.0,"enemies":"Looter","floor":12.0,"turns":2.0},{"damage":4.0,"enemies":"3 Sentries","floor":14.0,"turns":3.0},{"damage":17.0,"enemies":"Slime Boss","floor":16.0,"turns":9.0},{"damage":8.0,"enemies":"2 Thieves","floor":18.0,"turns":4.0},{"damage":0.0,"enemies":"Spheric Guardian","floor":22.0,"turns":4.0},{"damage":12.0,"enemies":"Cultist and Chosen","floor":23.0,"turns":7.0},{"damage":0.0,"enemies":"Book of Stabbing","floor":24.0,"turns":5.0},{"damage":0.0,"enemies":"Centurion and Healer","floor":25.0,"turns":7.0},{"damage":0.0,"enemies":"Slavers","floor":27.0,"turns":6.0},{"damage":0.0,"enemies":"Chosen and Byrds","floor":28.0,"turns":4.0},{"damage":0.0,"enemies":"Colosseum Slavers","floor":29.0,"turns":4.0},{"damage":0.0,"enemies":"Colosseum Nobs","floor":29.0,"turns":6.0},{"damage":0.0,"enemies":"Book of Stabbing","floor":30.0,"turns":5.0},{"damage":6.0,"enemies":"3 Cultists","floor":31.0,"turns":6.0},{"damage":8.0,"enemies":"Champ","floor":33.0,"turns":11.0},{"damage":0.0,"enemies":"3 Shapes","floor":35.0,"turns":2.0},{"damage":2.0,"enemies":"Mind Bloom Boss Battle","floor":36.0,"turns":6.0},{"damage":0.0,"enemies":"3 Darklings","floor":37.0,"turns":5.0},{"damage":1.0,"enemies":"Transient","floor":38.0,"turns":6.0},{"damage":9,"enemies":"Writhing Mass","floor":39,"turns":6},{"damage":0,"enemies":"Reptomancer","floor":40,"turns":5},{"damage":0,"enemies":"Nemesis","floor":42,"turns":2}],"seed_played":"2019406219222924453","potions_obtained":[{"floor":1.0,"key":"DistilledChaos"},{"floor":2.0,"key":"SpeedPotion"},{"floor":12.0,"key":"PowerPotion"},{"floor":14.0,"key":"Weak Potion"},{"floor":16.0,"key":"FearPotion"},{"floor":18.0,"key":"BloodPotion"},{"floor":23.0,"key":"DuplicationPotion"},{"floor":27.0,"key":"AttackPotion"},{"floor":33.0,"key":"EssenceOfSteel"},{"floor":35.0,"key":"DistilledChaos"},{"floor":38.0,"key":"FearPotion"}],"is_trial":false,"path_per_floor":["M","M","?","M","?","?","R","E","T","E","M","M","R","E","R","B",null,"M","?","$","?","M","M","E","M","T","E","M","?","E","M","R","B",null,"M","?","M","M","M","E","T","E"],"character_chosen":"IRONCLAD","items_purchased":["Evolve","Battle Trance","TungstenRod","Finesse"],"campfire_rested":1,"item_purchase_floors":[20,20,20,20],"current_hp_per_floor":[68,68,62,62,62,62,62,60,60,17,23,21,41,43,43,32,59,60,60,60,35,38,38,42,46,46,54,57,64,64,67,67,65,67,67,70,73,73,70,73,73,73,73],"gold":516,"neow_bonus":"TRANSFORM_TWO_CARDS","is_daily":false,"chose_seed":false,"campfire_upgraded":3,"win_rate":0.0,"timestamp":1609956097,"path_taken":["M","M","?","?","?","?","R","E","T","E","?","M","R","E","R","BOSS","M","?","$","?","M","M","E","M","T","E","?","?","E","M","R","BOSS","M","?","M","M","M","E","?","E"],"items_purchased_type":["Card","Card","Relic","Card"],"build_version":"2020-12-22","purchased_purges":1,"victory":false,"max_hp_per_floor":[68,68,68,68,68,68,68,68,68,68,68,68,68,68,68,68,68,71,71,71,35,38,38,42,46,46,54,57,64,64,67,67,67,67,67,70,73,73,73,73,73,73,73],"relic_stats":{"Darkstone Periapt":0,"Nunchaku":[0],"Shovel":0,"counters":[28,148],"Astrolabe":["Flame Barrier","Wild Strike","Offering"],"StoneCalendar":[82],"Charon\u0027s Ashes":[826],"Cursed Key":0,"obtain_stats":[{"Ice Cream":29,"Darkstone Periapt":30,"Astrolabe":17,"StoneCalendar":24,"Charon\u0027s Ashes":9,"Incense Burner":8,"Frozen Egg 2":27,"Cursed Key":34,"Burning Blood":0,"WarpedTongs":6,"Old Coin":10,"Nunchaku":40,"Shovel":36,"Red Skull":14,"TungstenRod":20,"Paper Frog":29},{"Ice Cream":18,"Darkstone Periapt":19,"Astrolabe":9,"StoneCalendar":13,"Charon\u0027s Ashes":4,"Incense Burner":4,"Frozen Egg 2":15,"Cursed Key":21,"Burning Blood":0,"WarpedTongs":3,"Old Coin":5,"Nunchaku":27,"Shovel":23,"Red Skull":8,"TungstenRod":10,"Paper Frog":18},{"Ice Cream":94,"Darkstone Periapt":99,"Astrolabe":47,"StoneCalendar":67,"Charon\u0027s Ashes":24,"Incense Burner":24,"Frozen Egg 2":80,"Cursed Key":116,"Burning Blood":0,"WarpedTongs":12,"Old Coin":29,"Nunchaku":146,"Shovel":124,"Red Skull":38,"TungstenRod":51,"Paper Frog":94}],"Burning Blood":88,"TungstenRod":67,"WarpedTongs":[130]},"card_choices":[{"not_picked":["Burning Pact","Clothesline"],"picked":"Rage","floor":1.0},{"not_picked":["Armaments","Flame Barrier"],"picked":"Feel No Pain","floor":2.0},{"not_picked":["Wild Strike","Thunderclap"],"picked":"Pommel Strike","floor":4.0},{"not_picked":["Sword Boomerang","Exhume","Intimidate"],"picked":"SKIP","floor":8.0},{"not_picked":["Wild Strike","Perfected Strike","Clothesline"],"picked":"SKIP","floor":10.0},{"not_picked":["Uppercut","Carnage"],"picked":"Immolate","floor":11.0},{"not_picked":["Armaments","Twin Strike"],"picked":"Disarm","floor":12.0},{"not_picked":["Cleave","Warcry","Clothesline"],"picked":"SKIP","floor":14.0},{"not_picked":["Exhume","Limit Break"],"picked":"Feed","floor":16.0},{"not_picked":["Flex","Heavy Blade+1"],"picked":"Dual Wield","floor":18.0},{"not_picked":["Iron Wave","Shrug It Off","Clothesline+1"],"picked":"SKIP","floor":22.0},{"not_picked":["Headbutt","Havoc"],"picked":"Body Slam+1","floor":23.0},{"not_picked":["Rupture","Feed","Demon Form"],"picked":"SKIP","floor":24.0},{"not_picked":["Dual Wield+1","Armaments","Perfected Strike"],"picked":"SKIP","floor":25.0},{"not_picked":["Flame Barrier","Dropkick","Metallicize+1"],"picked":"SKIP","floor":27.0},{"not_picked":["Combust+1","Anger+1","Headbutt"],"picked":"SKIP","floor":28.0},{"not_picked":["True Grit","Clothesline"],"picked":"Reckless Charge","floor":29.0},{"not_picked":["Iron Wave","Armaments"],"picked":"Bloodletting","floor":30.0},{"not_picked":["Perfected Strike","Flex","Twin Strike"],"picked":"SKIP","floor":31.0},{"not_picked":["Sword Boomerang+1","Wild Strike"],"picked":"Shrug It Off+1","floor":35.0},{"not_picked":["Evolve+1","Body Slam+1","Rage"],"picked":"SKIP","floor":37.0},{"not_picked":["Havoc","Headbutt+1","Metallicize+1"],"picked":"SKIP","floor":38.0},{"not_picked":["Twin Strike","Rampage","True Grit"],"picked":"SKIP","floor":39},{"not_picked":["Flex","Ghostly Armor","Rupture+1"],"picked":"SKIP","floor":40}],"player_experience":3379320,"relics_obtained":[{"floor":8.0,"key":"Incense Burner"},{"floor":9.0,"key":"Charon\u0027s Ashes"},{"floor":10.0,"key":"Old Coin"},{"floor":14.0,"key":"Red Skull"},{"floor":24.0,"key":"StoneCalendar"},{"floor":27.0,"key":"Frozen Egg 2"},{"floor":29.0,"key":"Ice Cream"},{"floor":29.0,"key":"Paper Frog"},{"floor":30.0,"key":"Darkstone Periapt"},{"floor":36.0,"key":"Shovel"},{"floor":40,"key":"Nunchaku"}],"event_choices":[{"damage_healed":0.0,"max_hp_gain":0.0,"max_hp_loss":0.0,"gold_gain":50.0,"event_name":"FaceTrader","player_choice":"Touch","floor":3.0,"gold_loss":0.0,"damage_taken":6.0},{"damage_healed":0.0,"max_hp_gain":0.0,"max_hp_loss":0.0,"gold_gain":0.0,"event_name":"Living Wall","player_choice":"Grow","floor":5.0,"gold_loss":0.0,"damage_taken":0.0,"cards_upgraded":["Pommel Strike"]},{"damage_healed":0.0,"max_hp_gain":0.0,"max_hp_loss":0.0,"gold_gain":0.0,"event_name":"Accursed Blacksmith","player_choice":"Rummage","floor":6.0,"gold_loss":0.0,"damage_taken":0.0,"relics_obtained":["WarpedTongs"],"cards_obtained":["Pain"]},{"cards_removed":["Pain"],"damage_healed":0.0,"max_hp_gain":0.0,"max_hp_loss":0.0,"gold_gain":0.0,"event_name":"Back to Basics","player_choice":"Elegance","floor":19.0,"gold_loss":0.0,"damage_taken":0.0},{"damage_healed":0.0,"max_hp_gain":0.0,"max_hp_loss":36.0,"gold_gain":0.0,"event_name":"Ghosts","player_choice":"Became a Ghost","floor":21.0,"gold_loss":0.0,"damage_taken":0.0,"cards_obtained":["Ghostly","Ghostly","Ghostly"]},{"damage_healed":0.0,"max_hp_gain":0.0,"max_hp_loss":0.0,"gold_gain":0.0,"event_name":"Colosseum","player_choice":"Fight","floor":29.0,"gold_loss":0.0,"damage_taken":0.0},{"damage_healed":0.0,"max_hp_gain":0.0,"max_hp_loss":0.0,"gold_gain":0.0,"event_name":"Colosseum","player_choice":"Fought Nobs","floor":29.0,"gold_loss":0.0,"damage_taken":0.0},{"damage_healed":0.0,"max_hp_gain":0.0,"max_hp_loss":0.0,"gold_gain":0.0,"event_name":"MindBloom","player_choice":"Fight","floor":36.0,"gold_loss":0.0,"damage_taken":0.0}],"is_beta":false,"boss_relics":[{"not_picked":["Tiny House","Snecko Eye"],"picked":"Astrolabe"},{"not_picked":["SacredBark","Runic Cube"],"picked":"Cursed Key"}],"items_purged_floors":[20],"is_endless":false,"potions_floor_spawned":[1,2,12,14,16,18,23,24,27,28,33,35,38,39],"killed_by":"Nemesis","ascension_level":20}}