{"host":"qizkh73694cd5kai","time":1609900966,"event":{"mods":["Act Like it!","BaseMod","Better Vampires","CapriCore","Chen","Dota2Spire","Downfall","Gensokyo","Koishi","KomeijiMod","Marisa£¨ìFÓê¡¡Ä§ÀíÉ³£©","Minty Spire (QoL Compilation)","MostiFishMod","Quick Restart","Reimu£¨²©ÀöÁéÃÎ£©","Relic Stats","Remilia£¨ÀÙÃ×ÀòÑÇ£©","Replay The Spire","RumiaBox-Â¶Ã×æ«µÄÉñÃØºÐ×Ó","StSLib","TestMod","The Administrix","The Immortal","The Servant 0.9.4","Waifu the Spire","Yakumo Yukari mod","Youmu£¨»êÆÇÑýÃÎ£©","Yuyuko","[IsaacMod]ÒÔÈö¼âËþ","¡¾¹¦ÄÜMod¡¿´ÏÃ÷µÄ×îÖÕBoss"],"gold_per_floor":[99,99,99,99,99,141,221,259,259,285,27,27,44,84,96,206,206,131,152,152,136,184,36,62,173,173,98,98,98,118,118,130,236,236,236,247,261,136,143,170,170,190,202,52,110,110,110,146,196,197],"floor_reached":51,"playtime":3802,"items_purged":["Regret","hexamod:Defend+1","hexamod:BacktrackSmack","hexamod:Strike","hexamod:Defend+1"],"score":942,"play_id":"e5f519fd-12bb-4d33-9062-99fc1ffb64a2","local_time":"20210106104246","is_ascension_mode":false,"campfire_choices":[{"data":"hexamod:TimeOfNeed","floor":12,"key":"SMITH"},{"data":"hexamod:TimeOfNeed","floor":18,"key":"SMITH"},{"data":"hexamod:SoulSteal","floor":27,"key":"SMITH"},{"data":"hexamod:GhostflameInferno","floor":29,"key":"SMITH"},{"data":"hexamod:GhostOfSpirePast","floor":35,"key":"SMITH"},{"floor":47,"key":"RECALL"}],"circlet_count":0,"master_deck":["hexamod:Strike+1","hexamod:Strike+1","hexamod:Defend+1","hexamod:Defend+1","hexamod:Float+1","MostiFishMod:FrostNova+1","MostiFishMod:WinterMarkForm+1","hexamod:SoulSteal+1","hexamod:TimeOfNeed+1","hexamod:GhostflameBarrier+1","hexamod:TimeOfNeed+1","MostiFishMod:KingOfFree+1","hexamod:GhostOfSpirePast+1","hexamod:Rewind+1","hexamod:GhostflameInferno+1","hexamod:ParanormalForm+1","hexamod:SearingWound+1","hexamod:EtherealExpedition+1","hexamod:EtherealExpedition+1","hexamod:GhostflameInferno+1","MostiFishMod:StoryBook+1","hexamod:Hexaguard+1","hexamod:DynamicBlow+1"],"relics":["hexamod:SpiritBrand","testmod-TestBox","HushsDoor","DaveBox","TheBible","testmod-BlackFramedGlasses","FrostBlade","downfall:HeartsMalice","Akabeko","Replay:Bottled Eggs","Singing Bowl","Chameleon Ring","ChiXiaoBlade","downfall:HeartBlessingGreen","Toxic Egg 2","Dota2Spire:PhaseBoots","Bronze Scales","testmod-Fortitude","Mummified Hand","downfall:HeartBlessingBlue","hexamod:TheBrokenSeal","xbg","GuppysPaw","PreservedInsect","Oddly Smooth Stone","CeramicFish","Dota2Spire:HandOfMidas"],"acts_visited":["Exordium","TheCity","TheBeyond"],"potions_floor_usage":[11,33],"damage_taken":[{"damage":0,"enemies":"Small Slimes","floor":2,"turns":1},{"damage":0,"enemies":"Jaw Worm","floor":4,"turns":1},{"damage":0,"enemies":"2 Louse","floor":5,"turns":1},{"damage":17,"enemies":"Replay:BlueRogue","floor":6,"turns":6},{"damage":6,"enemies":"Gremlin Nob","floor":8,"turns":4},{"damage":9,"enemies":"Blue Slaver","floor":10,"turns":3},{"damage":5,"enemies":"downfall:FleeingMerchant","floor":11,"turns":7},{"damage":0,"enemies":"3 Louse","floor":13,"turns":2},{"damage":9,"enemies":"3 Sentries","floor":14,"turns":3},{"damage":0,"enemies":"Exordium Thugs","floor":15,"turns":1},{"damage":21,"enemies":"downfall:Silent","floor":16,"turns":7},{"damage":0,"enemies":"Spheric Guardian","floor":19,"turns":4},{"damage":15,"enemies":"downfall:FleeingMerchant","floor":21,"turns":6},{"damage":5,"enemies":"downfall:Watcher","floor":25,"turns":6},{"damage":9,"enemies":"Centurion and Healer","floor":30,"turns":4},{"damage":0,"enemies":"Snecko","floor":32,"turns":2},{"damage":0,"enemies":"downfall:Ironclad","floor":33,"turns":4},{"damage":0,"enemies":"3 Darklings","floor":36,"turns":2},{"damage":0,"enemies":"Orb Walker","floor":37,"turns":1},{"damage":0,"enemies":"Orb Walker","floor":39,"turns":7},{"damage":0,"enemies":"Nemesis","floor":40,"turns":3},{"damage":0,"enemies":"4 Shapes","floor":42,"turns":1},{"damage":0,"enemies":"Writhing Mass","floor":43,"turns":2},{"damage":0,"enemies":"Giant Head","floor":48,"turns":2},{"damage":0,"enemies":"Maw","floor":49,"turns":2},{"damage":0,"enemies":"downfall:Defect","floor":50,"turns":3}],"seed_played":"-1355854177200809999","potions_obtained":[{"floor":8,"key":"Fire Potion"},{"floor":10,"key":"Energy Potion"},{"floor":13,"key":"Weak Potion"},{"floor":14,"key":"Dexterity Potion"},{"floor":25,"key":"RedTea"},{"floor":48,"key":"SpeedPotion"},{"floor":49,"key":"Dota2Spire:HealingSalve"}],"is_trial":false,"path_per_floor":["R","M","?","M","M","E","T","E","?","M","$","R","M","E","M","B",null,"R","M","?","$","T","$","T","?","?","R","?","R","M","$","M","B",null,"R","M","M","$","?","E","T","M","M","$","?","$","R","E","M","B",null],"character_chosen":"THE_SPIRIT","items_purchased":["MostiFishMod:KingOfFree","Toxic Egg 2","Dota2Spire:PhaseBoots","GuppysPaw","MostiFishMod:StoryBook+1"],"campfire_rested":0,"item_purchase_floors":[11,21,23,34,34],"current_hp_per_floor":[70,70,70,70,70,58,58,58,58,54,58,58,63,57,58,47,78,78,82,82,71,71,71,71,79,88,98,98,98,108,108,110,110,9,9,1,1,1,1,1,1,1,1,1,1,1,1,1,1,1],"gold":197,"neow_bonus":"THREE_ENEMY_KILL","is_daily":false,"chose_seed":false,"campfire_upgraded":5,"win_rate":0.0,"timestamp":1609900966,"path_taken":["R","M","?","M","M","E","T","E","?","M","$","R","M","E","M","BOSS","R","M","?","$","?","$","T","?","?","R","?","R","M","?","M","BOSS","R","M","M","$","?","E","T","M","M","?","?","$","R","E","M","BOSS"],"items_purchased_type":["Card","Relic","Relic","Relic","Card"],"build_version":"2020-12-22","purchased_purges":5,"victory":true,"max_hp_per_floor":[70,70,70,70,70,70,70,72,72,74,76,76,78,78,78,78,78,78,82,82,84,84,84,84,88,88,98,98,98,108,108,110,110,9,9,1,1,1,1,1,1,1,1,1,1,1,1,1,1,1],"relic_stats":{"Singing Bowl":34,"counters":[26,82],"Mummified Hand":[81],"Bronze Scales":[19],"CeramicFish":0,"PreservedInsect":125,"obtain_stats":[{"DaveBox":0,"Singing Bowl":8,"GuppysPaw":34,"CeramicFish":45,"downfall:HeartBlessingGreen":18,"testmod-BlackFramedGlasses":0,"Chameleon Ring":14,"Mummified Hand":25,"downfall:HeartBlessingBlue":27,"Replay:Bottled Eggs":7,"Toxic Egg 2":21,"hexamod:SpiritBrand":0,"KeepersGift":0,"Dota2Spire:HandOfMidas":48,"testmod-TestBox":0,"hexamod:TheBrokenSeal":30,"Oddly Smooth Stone":41,"downfall:HeartsMalice":0,"PreservedInsect":40,"Akabeko":6,"FrostBlade":0,"testmod-Fortitude":25,"TheBible":0,"Bronze Scales":24,"ChiXiaoBlade":17,"xbg":34,"HushsDoor":0,"Dota2Spire:PhaseBoots":23},{"DaveBox":0,"Singing Bowl":5,"GuppysPaw":17,"CeramicFish":23,"downfall:HeartBlessingGreen":11,"testmod-BlackFramedGlasses":0,"Chameleon Ring":9,"Mummified Hand":14,"downfall:HeartBlessingBlue":14,"Replay:Bottled Eggs":4,"Toxic Egg 2":13,"hexamod:SpiritBrand":0,"KeepersGift":0,"Dota2Spire:HandOfMidas":24,"testmod-TestBox":0,"hexamod:TheBrokenSeal":15,"Oddly Smooth Stone":21,"downfall:HeartsMalice":0,"PreservedInsect":21,"Akabeko":4,"FrostBlade":0,"testmod-Fortitude":14,"TheBible":0,"Bronze Scales":13,"ChiXiaoBlade":11,"xbg":17,"HushsDoor":0,"Dota2Spire:PhaseBoots":13},{"DaveBox":0,"Singing Bowl":10,"GuppysPaw":59,"CeramicFish":75,"downfall:HeartBlessingGreen":33,"testmod-BlackFramedGlasses":0,"Chameleon Ring":25,"Mummified Hand":49,"downfall:HeartBlessingBlue":49,"Replay:Bottled Eggs":6,"Toxic Egg 2":43,"hexamod:SpiritBrand":0,"KeepersGift":0,"Dota2Spire:HandOfMidas":77,"testmod-TestBox":0,"hexamod:TheBrokenSeal":53,"Oddly Smooth Stone":72,"downfall:HeartsMalice":0,"PreservedInsect":72,"Akabeko":6,"FrostBlade":0,"testmod-Fortitude":49,"TheBible":0,"Bronze Scales":43,"ChiXiaoBlade":33,"xbg":59,"HushsDoor":0,"Dota2Spire:PhaseBoots":43}]},"card_choices":[{"not_picked":["Bomb","hexamod:GhostOfSpireFuture"],"picked":"hexamod:SecondSeal","floor":2},{"not_picked":["hexamod:CrushingStance","hexamod:NecessarySacrifice"],"picked":"hexamod:ThirdSeal","floor":4},{"not_picked":["hexamod:SpectersWail","hexamod:RainOfEmbers"],"picked":"hexamod:HauntingEcho","floor":5},{"not_picked":["hexamod:SpectersWail","hexamod:RainOfEmbers"],"picked":"hexamod:SoulSteal","floor":6},{"not_picked":["hexamod:BurningTouch","hexamod:NightmareGuise","hexamod:GhostShield"],"picked":"SKIP","floor":6},{"not_picked":["hexamod:BacktrackSmack","hexamod:InspiringFlames","hexamod:AdvancingGuard"],"picked":"Singing Bowl","floor":8},{"not_picked":["hexamod:BurningTouch","hexamod:SecondSeal"],"picked":"hexamod:TimeOfNeed","floor":8},{"not_picked":["hexamod:GhostShield","hexamod:AdvancingGuard","hexamod:RainOfEmbers"],"picked":"Singing Bowl","floor":10},{"not_picked":["hexamod:HauntingEcho","hexamod:SecondSeal"],"picked":"hexamod:GhostflameBarrier","floor":10},{"not_picked":["hexamod:ThirdSeal","hexamod:HauntingEcho","hexamod:BurningTouch"],"picked":"Singing Bowl","floor":11},{"not_picked":["hexamod:BacktrackSmack","hexamod:GhostOfSpireFuture"],"picked":"hexamod:TimeOfNeed","floor":11},{"not_picked":["hexamod:GhostLash","hexamod:HauntingEcho","hexamod:Firestarter"],"picked":"Singing Bowl","floor":13},{"not_picked":["hexamod:GhostShield","hexamod:DynamicBlow"],"picked":"hexamod:GhostOfSpirePast","floor":14},{"not_picked":["hexamod:SoulSteal","hexamod:Firestarter"],"picked":"hexamod:Rewind","floor":15},{"not_picked":["hexamod:EmpoweringStance","hexamod:FifthSeal"],"picked":"hexamod:SixthSeal","floor":16},{"not_picked":["hexamod:TurnItUp","hexamod:ParanormalForm"],"picked":"hexamod:FifthSeal","floor":16},{"not_picked":["hexamod:RainOfEmbers","hexamod:BurningTouch","hexamod:ThermalTransfer"],"picked":"Singing Bowl","floor":19},{"not_picked":["hexamod:Rewind","hexamod:HauntingEcho","hexamod:GhostOfSpireFuture"],"picked":"Singing Bowl","floor":19},{"not_picked":["hexamod:HauntingEcho+1","hexamod:NightmareStrike"],"picked":"hexamod:GhostflameInferno","floor":21},{"not_picked":["hexamod:SixthSeal","hexamod:SecondSeal"],"picked":"hexamod:FourthSeal","floor":21},{"not_picked":["hexamod:SwordOfDarkness","hexamod:TurnItUp","hexamod:HauntingEcho"],"picked":"Singing Bowl","floor":21},{"not_picked":["hexamod:SixthSeal","hexamod:ThirdSeal"],"picked":"hexamod:FirstSeal","floor":25},{"not_picked":["hexamod:HeatShield+1","hexamod:SwordOfDarkness","hexamod:ShieldOfDarkness+1"],"picked":"Singing Bowl","floor":25},{"not_picked":["hexamod:BurningTouch+1","hexamod:RainOfEmbers+1","hexamod:SkipABeat+1"],"picked":"Singing Bowl","floor":25},{"not_picked":["hexamod:Hexaguard+1","hexamod:NightmareGuise+1"],"picked":"hexamod:EtherealExpedition+1","floor":30},{"not_picked":["hexamod:GhostLash","hexamod:ShieldOfDarkness+1"],"picked":"hexamod:EtherealExpedition+1","floor":30},{"not_picked":["hexamod:ThermalTransfer","hexamod:BacktrackSmack+1","hexamod:InspiringFlames+1"],"picked":"Singing Bowl","floor":32},{"not_picked":["hexamod:VolcanoVisage","hexamod:CrushingStance"],"picked":"hexamod:GhostflameInferno+1","floor":33},{"not_picked":["hexamod:SwordOfDarkness+1","hexamod:HauntingEcho"],"picked":"hexamod:Hexaguard+1","floor":36},{"not_picked":["hexamod:CatchUp+1","hexamod:FastForward+1","hexamod:BurningTouch+1"],"picked":"Singing Bowl","floor":37},{"not_picked":["hexamod:Rewind+1","hexamod:SpectersWail","hexamod:NecessarySacrifice+1"],"picked":"Singing Bowl","floor":39},{"not_picked":["hexamod:RadiantFlame","hexamod:TurnItUp+1"],"picked":"hexamod:DynamicBlow+1","floor":40},{"not_picked":["hexamod:ChargedBarrage+1","hexamod:FourthSeal","hexamod:PhantomCloak"],"picked":"Singing Bowl","floor":42},{"not_picked":["hexamod:StepThrough+1","hexamod:SpectersWail","hexamod:Hexaguard+1"],"picked":"Singing Bowl","floor":43},{"not_picked":["hexamod:Hexaguard+1","hexamod:SpectersWail","hexamod:Firestarter+1"],"picked":"Singing Bowl","floor":45},{"not_picked":["hexamod:Firestarter","hexamod:GhostShield+1","hexamod:SkipABeat+1"],"picked":"Singing Bowl","floor":48},{"not_picked":["hexamod:Hexaguard+1","hexamod:BurningTouch+1","hexamod:FastForward+1"],"picked":"Singing Bowl","floor":49}],"player_experience":1597725,"relics_obtained":[{"floor":6,"key":"Akabeko"},{"floor":7,"key":"Replay:Bottled Eggs"},{"floor":8,"key":"Singing Bowl"},{"floor":14,"key":"Chameleon Ring"},{"floor":24,"key":"Bronze Scales"},{"floor":25,"key":"testmod-Fortitude"},{"floor":25,"key":"Mummified Hand"},{"floor":40,"key":"PreservedInsect"},{"floor":41,"key":"Oddly Smooth Stone"},{"floor":45,"key":"CeramicFish"},{"floor":48,"key":"Dota2Spire:HandOfMidas"}],"event_choices":[{"damage_healed":0,"gold_gain":0,"cards_transformed":["hexamod:HauntingEcho","hexamod:Sear"],"player_choice":"Became Test Subject","damage_taken":0,"max_hp_gain":0,"max_hp_loss":0,"event_name":"Drug Dealer","floor":28,"gold_loss":0,"cards_obtained":["hexamod:ParanormalForm","hexamod:SearingWound"]}],"is_beta":false,"boss_relics":[{"not_picked":["OneHitWonderSystem","testmod-Recursion"],"picked":"ChiXiaoBlade"},{"not_picked":[]},{"not_picked":["EasyGame_NEW","testmod-Fanaticism"],"picked":"xbg"},{"not_picked":[]}],"items_purged_floors":[11,21,34,38,44],"is_endless":false,"potions_floor_spawned":[8,10,13,14,16,19,30,32,48,49],"ascension_level":0}}