{"host":"sav7uxregyirlf69","time":1609949593,"event":{"mods":["AchievementEnabler","BaseMod","Colored Map","DeckTracker","Keyboard Shortcuts","Minty Spire (QoL Compilation)","READ ME - Guardian Mod","StSLib","SuperFastMode"],"gold_per_floor":[17,28,46,59,59,91,91,103,103,103,118,15,31,46,46,46,46],"floor_reached":16,"playtime":283,"items_purged":["Strike_R"],"score":212,"play_id":"9772de37-2b38-42fe-95ad-835612c559fd","local_time":"20210107011313","is_ascension_mode":true,"campfire_choices":[{"floor":7,"key":"REST"},{"data":"Fire Breathing","floor":10,"key":"SMITH"},{"data":"True Grit","floor":15,"key":"SMITH"}],"circlet_count":0,"master_deck":["AscendersBane","Strike_R","Strike_R+1","Strike_R","Strike_R","Defend_R","Defend_R","Defend_R","Defend_R","Bash","Flex","Power Through","Hemokinesis+1","Fire Breathing+1","Carnage","Evolve","True Grit+1"],"relics":["Burning Blood","Turnip","Smiling Mask","Gremlin Horn"],"acts_visited":["Exordium"],"potions_floor_usage":[6,11,16,16],"damage_taken":[{"damage":6.0,"enemies":"Cultist","floor":1.0,"turns":3.0},{"damage":5.0,"enemies":"Small Slimes","floor":2.0,"turns":4.0},{"damage":1.0,"enemies":"2 Louse","floor":3.0,"turns":4.0},{"damage":14.0,"enemies":"Exordium Wildlife","floor":4.0,"turns":7.0},{"damage":34,"enemies":"Gremlin Nob","floor":6,"turns":4},{"damage":13,"enemies":"Blue Slaver","floor":8,"turns":4},{"damage":9,"enemies":"3 Louse","floor":11,"turns":3},{"damage":3,"enemies":"Looter","floor":13,"turns":3},{"damage":11,"enemies":"Blue Slaver","floor":14,"turns":4},{"damage":25,"enemies":"The Guardian","floor":16,"turns":2}],"seed_played":"-5458606980788609534","potions_obtained":[{"floor":2.0,"key":"PowerPotion"},{"floor":4.0,"key":"Dexterity Potion"},{"floor":8,"key":"Strength Potion"}],"is_trial":false,"path_per_floor":["M","M","M","M","?","E","R","M","T","R","M","$","M","M","R","B"],"character_chosen":"IRONCLAD","items_purchased":["Strength Potion"],"campfire_rested":1,"item_purchase_floors":[12],"current_hp_per_floor":[68,69,74,66,43,15,37,30,30,30,27,27,30,25,25,0,0],"gold":46,"neow_bonus":"ONE_RARE_RELIC","is_daily":false,"chose_seed":false,"campfire_upgraded":2,"win_rate":0.0,"timestamp":1609949593,"path_taken":["M","M","M","?","?","E","R","M","T","R","M","$","M","M","R","BOSS"],"items_purchased_type":["Potion"],"build_version":"2020-12-22","purchased_purges":1,"victory":false,"max_hp_per_floor":[75,75,75,75,75,75,75,75,75,75,75,75,75,75,75,75,75],"card_choices":[{"not_picked":["Searing Blow","Havoc"],"picked":"Flex","floor":1.0},{"not_picked":["Anger","Seeing Red"],"picked":"Power Through","floor":2.0},{"not_picked":["Bloodletting","Shrug It Off"],"picked":"Hemokinesis","floor":3.0},{"not_picked":["Flex","Dual Wield","Iron Wave"],"picked":"SKIP","floor":4.0},{"not_picked":["Body Slam","Heavy Blade"],"picked":"Fire Breathing","floor":6},{"not_picked":["Bloodletting","Heavy Blade","Dual Wield"],"picked":"SKIP","floor":8},{"not_picked":["Clothesline","Heavy Blade"],"picked":"Carnage","floor":11},{"not_picked":["Flex","Fiend Fire"],"picked":"Evolve","floor":13},{"not_picked":["Headbutt","Power Through"],"picked":"True Grit","floor":14}],"player_experience":1163228,"relics_obtained":[{"floor":6,"key":"Smiling Mask"},{"floor":9,"key":"Gremlin Horn"}],"event_choices":[{"damage_healed":0.0,"max_hp_gain":0.0,"max_hp_loss":0.0,"gold_gain":0.0,"event_name":"Shining Light","player_choice":"Entered Light","floor":5.0,"gold_loss":0.0,"damage_taken":23.0,"cards_upgraded":["Strike_R","Hemokinesis"]}],"is_beta":false,"boss_relics":[],"items_purged_floors":[12],"is_endless":false,"potions_floor_spawned":[2,4,8,13,14],"killed_by":"The Guardian","ascension_level":20}}