{"host":"isy2gwbfe91wqj1j","time":1609953775,"event":{"mods":["AchievementEnabler","BaseMod","Better Altar","Better Match","Better Note","Better Sensory Stone","Better Skull","Better Third Choice","BetterRewards","Minty Spire (QoL Compilation)","StSLib"],"gold_per_floor":[117,137,137,154,7,7,31,51,123,123,134,134,134,134,134,263,263,286,84,105,119,119,119,153,167,167,167,0,23,23,37,37,156,156,171,189,61,124,142,142,142,142,142,166,46,46,61,82,82,82,82],"floor_reached":50,"playtime":2712,"items_purged":["Strike_G","Strike_G","Strike_G","Normality"],"score":692,"play_id":"98930716-98db-4b7d-8ebb-28ea775e2618","local_time":"20210106102255","is_ascension_mode":true,"campfire_choices":[{"data":"Noxious Fumes","floor":6,"key":"SMITH"},{"floor":10,"key":"REST"},{"floor":12,"key":"REST"},{"data":"Noxious Fumes","floor":15,"key":"SMITH"},{"floor":23,"key":"REST"},{"data":"Night Terror","floor":27,"key":"SMITH"},{"floor":32,"key":"REST"},{"floor":40,"key":"REST"},{"floor":49,"key":"REST"}],"circlet_count":0,"master_deck":["Strike_G","Defend_G","Defend_G","Defend_G","Defend_G","Defend_G","Survivor","Neutralize","Noxious Fumes+1","Catalyst","Backflip","Noxious Fumes+1","Backflip","Night Terror+1","Acrobatics","Deflect+1","Backflip+1","Outmaneuver","After Image","Blur+1","Calculated Gamble","Acrobatics+1","Blur+1"],"relics":["Ring of the Snake","Prayer Wheel","Odd Mushroom","The Courier","Golden Idol","Cursed Key","Snake Skull","PreservedInsect","Bottled Lightning","Sozu","Lizard Tail"],"acts_visited":["Exordium","TheCity","TheBeyond"],"potions_floor_usage":[16,16,21,25,25,25,25,25,25,29,33],"damage_taken":[{"damage":0,"enemies":"2 Louse","floor":1,"turns":3},{"damage":0,"enemies":"Jaw Worm","floor":2,"turns":5},{"damage":5,"enemies":"Small Slimes","floor":4,"turns":5},{"damage":13,"enemies":"The Mushroom Lair","floor":7,"turns":5},{"damage":6,"enemies":"2 Fungi Beasts","floor":8,"turns":4},{"damage":28,"enemies":"Lots of Slimes","floor":11,"turns":4},{"damage":2,"enemies":"Hexaghost","floor":16,"turns":7},{"damage":6,"enemies":"Shell Parasite","floor":18,"turns":6},{"damage":21,"enemies":"Spheric Guardian","floor":20,"turns":5},{"damage":8,"enemies":"Snecko","floor":21,"turns":6},{"damage":16,"enemies":"Gremlin Leader","floor":24,"turns":6},{"damage":3,"enemies":"3 Cultists","floor":25,"turns":5},{"damage":7,"enemies":"Cultist and Chosen","floor":29,"turns":5},{"damage":31,"enemies":"Shelled Parasite and Fungi","floor":31,"turns":7},{"damage":18,"enemies":"Champ","floor":33,"turns":7},{"damage":12,"enemies":"3 Shapes","floor":35,"turns":5},{"damage":19,"enemies":"Orb Walker","floor":36,"turns":5},{"damage":0,"enemies":"Mind Bloom Boss Battle","floor":38,"turns":8},{"damage":81,"enemies":"Transient","floor":39,"turns":5},{"damage":0,"enemies":"Maw","floor":44,"turns":9},{"damage":1,"enemies":"Spire Growth","floor":47,"turns":6},{"damage":21,"enemies":"Sphere and 2 Shapes","floor":48,"turns":6},{"damage":43,"enemies":"Awakened One","floor":50,"turns":6}],"seed_played":"-1527760789758461625","potions_obtained":[{"floor":4,"key":"BlessingOfTheForge"},{"floor":8,"key":"EntropicBrew"},{"floor":11,"key":"Fire Potion"},{"floor":16,"key":"Swift Potion"},{"floor":18,"key":"Energy Potion"},{"floor":21,"key":"SteroidPotion"},{"floor":22,"key":"SkillPotion"},{"floor":25,"key":"Energy Potion"},{"floor":31,"key":"SkillPotion"}],"is_trial":false,"path_per_floor":["M","M","?","M","$","R","?","M","T","R","M","R","$","?","R","B",null,"M","$","M","M","?","R","E","M","T","R","?","M","$","M","R","B",null,"M","M","$","?","M","R","?","?","T","M","$","$","M","M","R","B"],"character_chosen":"THE_SILENT","items_purchased":["Noxious Fumes","Prayer Wheel","Noxious Fumes","Snake Skull","Calculated Gamble"],"campfire_rested":6,"item_purchase_floors":[0,0,5,19,37],"current_hp_per_floor":[70,70,63,58,58,58,45,39,39,60,32,53,53,53,53,51,65,59,59,38,30,30,49,33,39,39,39,39,32,32,1,20,2,65,53,34,34,34,11,30,30,30,30,30,30,30,29,8,26,0,0],"gold":82,"neow_bonus":"","is_daily":false,"chose_seed":false,"campfire_upgraded":3,"win_rate":0.0,"timestamp":1609953775,"path_taken":["M","M","?","M","$","R","?","M","T","R","M","R","$","?","R","BOSS","M","$","M","M","?","R","E","?","T","R","?","M","?","M","R","BOSS","M","M","$","?","M","R","?","?","T","M","?","$","M","M","R","BOSS"],"items_purchased_type":["Card","Relic","Card","Relic","Card"],"build_version":"2020-12-22","purchased_purges":4,"victory":false,"max_hp_per_floor":[70,70,70,70,70,70,70,70,70,70,70,70,70,65,65,65,65,65,65,65,65,65,65,65,65,65,65,65,65,65,65,65,65,65,65,65,65,65,65,65,62,62,62,62,62,62,62,62,62,62,62],"card_choices":[{"not_picked":["Slice","PiercingWail","Poisoned Stab"],"picked":"SKIP","floor":1},{"not_picked":["PiercingWail","Dodge and Roll","Reflex"],"picked":"SKIP","floor":1},{"not_picked":["Deadly Poison","Quick Slash"],"picked":"Catalyst","floor":2},{"not_picked":["Accuracy","Dagger Spray","Sucker Punch"],"picked":"SKIP","floor":2},{"not_picked":["PiercingWail","Corpse Explosion"],"picked":"Backflip","floor":4},{"not_picked":["Cloak And Dagger","Terror","Flying Knee"],"picked":"SKIP","floor":4},{"not_picked":["Cloak And Dagger","All Out Attack"],"picked":"Backflip","floor":8},{"not_picked":["Cloak And Dagger","PiercingWail","Well Laid Plans"],"picked":"SKIP","floor":8},{"not_picked":["PiercingWail","Heel Hook","Endless Agony"],"picked":"SKIP","floor":11},{"not_picked":["Quick Slash","Dagger Spray","Bouncing Flask"],"picked":"SKIP","floor":11},{"not_picked":["Envenom","Storm of Steel"],"picked":"Night Terror","floor":16},{"not_picked":["Poisoned Stab","Heel Hook"],"picked":"Acrobatics","floor":18},{"not_picked":["Skewer","Flechettes","Dagger Throw"],"picked":"SKIP","floor":18},{"not_picked":["Dagger Throw+1","Blade Dance"],"picked":"Deflect+1","floor":20},{"not_picked":["Choke","Skewer"],"picked":"Backflip+1","floor":20},{"not_picked":["Expertise","Quick Slash"],"picked":"Outmaneuver","floor":21},{"not_picked":["Backflip","Envenom","Quick Slash"],"picked":"SKIP","floor":21},{"not_picked":["Bullet Time","Riddle With Holes","Setup"],"picked":"SKIP","floor":24},{"not_picked":["Choke","Accuracy","Setup"],"picked":"SKIP","floor":25},{"not_picked":["Sucker Punch","Deadly Poison","Dagger Throw+1"],"picked":"SKIP","floor":25},{"not_picked":["PiercingWail","Masterful Stab","Acrobatics"],"picked":"SKIP","floor":29},{"not_picked":["Outmaneuver+1","Acrobatics","Deadly Poison"],"picked":"SKIP","floor":29},{"not_picked":["Underhanded Strike","Well Laid Plans+1","Bane"],"picked":"SKIP","floor":31},{"not_picked":["Bane","Dagger Spray+1","Sucker Punch"],"picked":"SKIP","floor":31},{"not_picked":["Unload","Night Terror"],"picked":"After Image","floor":33},{"not_picked":["Backstab+1","Sucker Punch+1","Concentrate"],"picked":"SKIP","floor":35},{"not_picked":["Dagger Spray+1","Expertise+1","Deflect"],"picked":"SKIP","floor":35},{"not_picked":["Sucker Punch","Catalyst"],"picked":"Blur+1","floor":36},{"not_picked":["Dodge and Roll","Endless Agony+1","Cloak And Dagger+1"],"picked":"SKIP","floor":36},{"not_picked":["Expertise+1","Cloak And Dagger","Sucker Punch"],"picked":"SKIP","floor":39},{"not_picked":["Quick Slash","Setup+1","Phantasmal Killer"],"picked":"SKIP","floor":39},{"not_picked":["Prepared","Setup"],"picked":"Acrobatics+1","floor":44},{"not_picked":["Setup","Escape Plan","Blade Dance+1"],"picked":"SKIP","floor":44},{"not_picked":["Dagger Spray","Sucker Punch","Grand Finale"],"picked":"SKIP","floor":47},{"not_picked":["Sucker Punch+1","Prepared+1","Outmaneuver"],"picked":"SKIP","floor":47},{"not_picked":["Bane+1","Backflip+1"],"picked":"Blur+1","floor":48},{"not_picked":["Deadly Poison","Accuracy+1","Backflip"],"picked":"SKIP","floor":48}],"player_experience":150010,"relics_obtained":[{"floor":7,"key":"Odd Mushroom"},{"floor":9,"key":"The Courier"},{"floor":24,"key":"PreservedInsect"},{"floor":26,"key":"Bottled Lightning"},{"floor":38,"key":"Lizard Tail"}],"event_choices":[{"cards_removed":["Strike_G"],"damage_healed":0,"gold_gain":0,"player_choice":"Card Removal","damage_taken":7,"max_hp_gain":0,"max_hp_loss":0,"event_name":"Golden Wing","floor":3,"gold_loss":0},{"damage_healed":0,"gold_gain":0,"player_choice":"Fought Mushrooms","damage_taken":0,"max_hp_gain":0,"max_hp_loss":0,"event_name":"Mushrooms","floor":7,"gold_loss":0},{"damage_healed":0,"gold_gain":0,"player_choice":"Lose Max HP","damage_taken":0,"relics_obtained":["Golden Idol"],"max_hp_gain":0,"max_hp_loss":5,"event_name":"Golden Idol","floor":14,"gold_loss":0},{"damage_healed":0,"gold_gain":0,"player_choice":"Got Potions","damage_taken":0,"max_hp_gain":0,"max_hp_loss":0,"event_name":"Lab","floor":22,"gold_loss":0},{"damage_healed":0,"gold_gain":0,"player_choice":"Paid Fearfully","damage_taken":0,"max_hp_gain":0,"max_hp_loss":0,"event_name":"Masked Bandits","floor":28,"gold_loss":167},{"damage_healed":0,"gold_gain":0,"player_choice":"Fight","damage_taken":0,"max_hp_gain":0,"max_hp_loss":0,"event_name":"MindBloom","floor":38,"gold_loss":0},{"damage_healed":0,"gold_gain":0,"player_choice":"Max HP","damage_taken":0,"max_hp_gain":0,"max_hp_loss":3,"event_name":"Winding Halls","floor":41,"gold_loss":0},{"damage_healed":0,"gold_gain":0,"player_choice":"Ignored","damage_taken":0,"max_hp_gain":0,"max_hp_loss":0,"event_name":"Mysterious Sphere","floor":42,"gold_loss":0}],"is_beta":false,"boss_relics":[{"not_picked":["SacredBark","Velvet Choker"],"picked":"Cursed Key"},{"not_picked":["Tiny House","WristBlade"],"picked":"Sozu"}],"items_purged_floors":[5,19,37,45],"is_endless":false,"potions_floor_spawned":[4,8,11,16,18,21,24,25,31,36,39,48],"killed_by":"Awakened One","ascension_level":2}}