{"host":"61r95uy0hn86b9iu","time":1609897188,"event":{"mods":["AchievementEnabler","BaseMod","Better Vampires","BetterRewards","Colored Powertips","Hubris","Minty Spire (QoL Compilation)","Shop Mod","StSLib"],"gold_per_floor":[119,48,48,112,112,145,145,195,220,232,77,146,161,174,174,253,253,268,243,293,343,8,24,74,74,101,112,137,137,151,162,162,236,236,250,300,350,473,13,46,46,60,60,121,121,87,137,97,97,97],"floor_reached":51,"playtime":1386,"items_purged":["Pain","Writhe"],"score":1701,"play_id":"7ca7a5ae-e4fa-44d3-8223-0ce8c63e022b","local_time":"20210105193948","is_ascension_mode":true,"campfire_choices":[{"data":"Heavy Blade","floor":7.0,"key":"SMITH"},{"floor":15.0,"key":"REST"},{"floor":25.0,"key":"REST"},{"floor":29.0,"key":"REST"},{"floor":32.0,"key":"REST"},{"floor":41.0,"key":"REST"},{"floor":45.0,"key":"REST"},{"floor":49.0,"key":"REST"}],"circlet_count":0,"master_deck":["AscendersBane","Strike_R","Defend_R","Defend_R","Defend_R","Defend_R","Bash","The Bomb","Flex","PanicButton","Heavy Blade+1","Whirlwind","Inflame","Rage","Demon Form","Flame Barrier","Limit Break","Metallicize","Shrug It Off+1","Iron Wave","Clothesline","Reaper","Apotheosis+1","Double Tap"],"relics":["Burning Blood","SsserpentHead","hubris:Metronome","WarpedTongs","hubris:ScarierMask","Singing Bowl","hubris:Towel","Pen Nib","Regal Pillow","hubris:Stopwatch","Bottled Lightning","MerchantsRug","hubris:EmptyBottle","White Beast Statue","Kunai"],"acts_visited":["Exordium","TheCity","TheBeyond"],"potions_floor_usage":[50,50],"damage_taken":[{"damage":1.0,"enemies":"Cultist","floor":1.0,"turns":3.0},{"damage":3.0,"enemies":"2 Louse","floor":4.0,"turns":2.0},{"damage":15.0,"enemies":"Lagavulin","floor":6.0,"turns":5.0},{"damage":1.0,"enemies":"Jaw Worm","floor":10.0,"turns":2.0},{"damage":9.0,"enemies":"Exordium Thugs","floor":12.0,"turns":3.0},{"damage":3.0,"enemies":"Looter","floor":13.0,"turns":3.0},{"damage":12.0,"enemies":"Exordium Wildlife","floor":14.0,"turns":3.0},{"damage":8.0,"enemies":"Hexaghost","floor":16.0,"turns":7.0},{"damage":23.0,"enemies":"Shell Parasite","floor":18.0,"turns":5.0},{"damage":7.0,"enemies":"2 Thieves","floor":23.0,"turns":4.0},{"damage":0.0,"enemies":"Cultist and Chosen","floor":27.0,"turns":4.0},{"damage":60.0,"enemies":"Book of Stabbing","floor":28.0,"turns":5.0},{"damage":4.0,"enemies":"Shelled Parasite and Fungi","floor":30.0,"turns":3.0},{"damage":12.0,"enemies":"Centurion and Healer","floor":31.0,"turns":5.0},{"damage":47.0,"enemies":"Champ","floor":33.0,"turns":10.0},{"damage":24.0,"enemies":"3 Darklings","floor":35.0,"turns":5.0},{"damage":85.0,"enemies":"Giant Head","floor":40.0,"turns":9.0},{"damage":35.0,"enemies":"3 Shapes","floor":42.0,"turns":7.0},{"damage":43.0,"enemies":"Writhing Mass","floor":44.0,"turns":7.0},{"damage":89,"enemies":"Time Eater","floor":50,"turns":9}],"seed_played":"4056984151916448419","potions_obtained":[{"floor":4.0,"key":"EntropicBrew"},{"floor":6.0,"key":"BloodPotion"},{"floor":12.0,"key":"Fire Potion"},{"floor":23.0,"key":"SneckoOil"},{"floor":30.0,"key":"DistilledChaos"},{"floor":35.0,"key":"ElixirPotion"},{"floor":42.0,"key":"Dexterity Potion"},{"floor":44.0,"key":"SkillPotion"}],"is_trial":false,"path_per_floor":["M","$","?","M","?","E","R","?","T","M","$","M","M","M","R","B",null,"M","?","?","?","$","M","?","R","T","M","E","R","M","M","R","B",null,"M","?","?","T","$","E","R","M","T","M","R","$","?","?","R","B",null],"character_chosen":"IRONCLAD","items_purchased":["The Bomb","Heavy Blade","Inflame","Demon Form","Singing Bowl","Metallicize","Strawberry","MerchantsRug","hubris:EmptyBottle","BloodPotion"],"campfire_rested":7,"item_purchase_floors":[0,0,2,11,22,22,39,39,39,46],"current_hp_per_floor":[53,53,53,56,56,47,47,47,47,52,52,64,67,61,75,73,75,58,58,44,44,44,43,43,67,67,73,21,60,62,58,84,43,74,67,67,86,86,93,14,56,45,45,18,62,62,62,62,97,53],"gold":97,"neow_bonus":"","is_daily":false,"chose_seed":false,"campfire_upgraded":1,"win_rate":0.0,"timestamp":1609897188,"path_taken":["M","$","?","?","?","E","R","?","T","M","$","?","M","M","R","BOSS","M","?","?","?","$","M","?","R","T","M","E","R","M","M","R","BOSS","M","?","?","?","$","E","R","M","T","?","R","$","?","?","R","BOSS"],"items_purchased_type":["Card","Card","Card","Card","Relic","Card","Relic","Relic","Relic","Potion"],"build_version":"2020-12-22","purchased_purges":2,"victory":true,"max_hp_per_floor":[75,75,75,75,75,75,75,75,75,75,75,75,75,75,75,75,75,75,75,80,80,80,80,80,80,80,80,82,82,82,84,84,84,84,86,86,86,86,93,93,93,95,95,97,97,97,97,97,97,97],"card_choices":[{"not_picked":["Armaments","Anger"],"picked":"Whirlwind","floor":1.0},{"not_picked":["Armaments","Sword Boomerang","Anger"],"picked":"SKIP","floor":4.0},{"not_picked":["Impervious","Headbutt"],"picked":"Rage","floor":6.0},{"not_picked":["Reckless Charge","Wild Strike","Armaments"],"picked":"SKIP","floor":10.0},{"not_picked":["Armaments","Blood for Blood","Headbutt"],"picked":"SKIP","floor":12.0},{"not_picked":["Searing Blow","True Grit"],"picked":"Flame Barrier","floor":13.0},{"not_picked":["Power Through","Armaments","Evolve"],"picked":"SKIP","floor":14.0},{"not_picked":["Brutality","Exhume"],"picked":"Limit Break","floor":16.0},{"not_picked":["Warcry","Anger","Feel No Pain"],"picked":"SKIP","floor":18.0},{"not_picked":["Clash","Second Wind"],"picked":"Shrug It Off","floor":23.0},{"not_picked":["Thunderclap","Burning Pact"],"picked":"Iron Wave","floor":27.0},{"not_picked":["Limit Break","Dark Embrace","Rage"],"picked":"Singing Bowl","floor":28.0},{"not_picked":["Pommel Strike","Feel No Pain"],"picked":"Clothesline","floor":30.0},{"not_picked":["Dual Wield","Twin Strike","Carnage+1"],"picked":"Singing Bowl","floor":31.0},{"not_picked":["Barricade","Demon Form"],"picked":"Reaper","floor":33.0},{"not_picked":["Clothesline","True Grit+1","Exhume"],"picked":"Singing Bowl","floor":35.0},{"not_picked":["Jack Of All Trades","Forethought"],"picked":"Apotheosis","floor":36.0},{"not_picked":["Pummel","Clothesline+1"],"picked":"Double Tap","floor":40.0},{"not_picked":["Pommel Strike","Thunderclap+1","Clothesline"],"picked":"Singing Bowl","floor":42.0},{"not_picked":["Flame Barrier","Perfected Strike","hubris:CleavingFinish"],"picked":"Singing Bowl","floor":44.0}],"player_experience":3235640,"relics_obtained":[{"floor":6.0,"key":"hubris:Metronome"},{"floor":9.0,"key":"Bag of Preparation"},{"floor":26.0,"key":"Pen Nib"},{"floor":28.0,"key":"Regal Pillow"},{"floor":38.0,"key":"Bottled Lightning"},{"floor":40.0,"key":"White Beast Statue"},{"floor":43.0,"key":"Kunai"}],"event_choices":[{"damage_healed":0.0,"max_hp_gain":0.0,"max_hp_loss":0.0,"gold_gain":0.0,"event_name":"FaceTrader","player_choice":"Trade","floor":3.0,"gold_loss":0.0,"damage_taken":0.0,"relics_obtained":["SsserpentHead"]},{"cards_removed":["Strike_R"],"damage_healed":0.0,"max_hp_gain":0.0,"max_hp_loss":0.0,"gold_gain":0.0,"event_name":"The Cleric","player_choice":"Card Removal","floor":5.0,"gold_loss":50.0,"damage_taken":0.0},{"damage_healed":0.0,"max_hp_gain":0.0,"max_hp_loss":0.0,"gold_gain":0.0,"event_name":"Accursed Blacksmith","player_choice":"Rummage","floor":8.0,"gold_loss":0.0,"damage_taken":0.0,"relics_obtained":["WarpedTongs"],"cards_obtained":["Pain"]},{"cards_removed":["Strike_R"],"damage_healed":0.0,"max_hp_gain":0.0,"max_hp_loss":0.0,"gold_gain":0.0,"event_name":"Beggar","player_choice":"Gave Gold","floor":19.0,"gold_loss":75.0,"damage_taken":0.0},{"damage_healed":0.0,"max_hp_gain":5.0,"max_hp_loss":0.0,"gold_gain":0.0,"event_name":"Forgotten Altar","player_choice":"Shed Blood","floor":20.0,"gold_loss":0.0,"damage_taken":19.0},{"damage_healed":0.0,"max_hp_gain":0.0,"max_hp_loss":0.0,"gold_gain":0.0,"event_name":"Ghosts","player_choice":"Ignored","floor":21.0,"gold_loss":0.0,"damage_taken":0.0},{"damage_healed":0.0,"max_hp_gain":0.0,"max_hp_loss":0.0,"gold_gain":0.0,"event_name":"SensoryStone","player_choice":"Memory 1","floor":36.0,"gold_loss":0.0,"damage_taken":0.0},{"damage_healed":22.0,"max_hp_gain":0.0,"max_hp_loss":0.0,"gold_gain":0.0,"event_name":"Winding Halls","player_choice":"Writhe","floor":37.0,"gold_loss":0.0,"damage_taken":0.0,"cards_obtained":["Writhe"]},{"cards_removed":["Strike_R"],"damage_healed":0.0,"max_hp_gain":0.0,"max_hp_loss":0.0,"gold_gain":0.0,"event_name":"Designer","player_choice":"Upgrade and Remove","floor":48.0,"gold_loss":90.0,"damage_taken":0.0,"cards_upgraded":["Shrug It Off"]}],"is_beta":false,"boss_relics":[{"not_picked":["Black Star","Ectoplasm"],"picked":"hubris:ScarierMask"},{"not_picked":["Snecko Eye","Velvet Choker"],"picked":"hubris:Stopwatch"}],"items_purged_floors":[11,39],"is_endless":false,"potions_floor_spawned":[4,6,10,12,14,23,30,35,42,44],"ascension_level":14}}