{"host":"684z1xpuwaoqmmh1","time":1609932559,"event":{"mods":["BaseMod","Downfall","Hermit","Jorbs\u0027s Wanderer Trilogy","Marisa????????","Minty Spire (QoL Compilation)","StSLib","The Hierophant","The Mystic"],"gold_per_floor":[99,117,133,133,145,145,145,320,17,17,17,92,120,15,31,126,126,51,63,63,82,82,108,178,28,13,13,40,60,45,75,91,91,91],"floor_reached":33,"playtime":2017,"items_purged":[],"score":477,"play_id":"b5c3c42c-8db3-43bb-af0e-0cc3899eb6f9","local_time":"20210106132919","is_ascension_mode":true,"campfire_choices":[{"data":"hermit:Covet","floor":1.0,"key":"SMITH"},{"data":"hermit:Spite","floor":6.0,"key":"SMITH"},{"data":"hermit:Manifest","floor":10.0,"key":"SMITH"},{"floor":18.0,"key":"RECALL"},{"floor":25.0,"key":"REST"}],"circlet_count":0,"master_deck":["AscendersBane","hermit:Defend_Hermit","hermit:Defend_Hermit","hermit:Defend_Hermit","hermit:Defend_Hermit","hermit:Snapshot+1","hermit:Covet+1","hermit:ShadowCloak+1","hermit:Spite+1","hermit:Enervate","Doubt","hermit:Manifest+1","hermit:Determination","hermit:WideOpen","hermit:FromBeyond","hermit:Desperado","hermit:FlashPowder","hermit:Dive","hermit:Dissolve","CurseOfTheBell","hermit:Gambit","hermit:SprayPray","hermit:Midnight","hermit:TakeCover+1","hermit:BlackWind","Bite","Bite","Bite","Bite","Bite","hermit:Quickdraw"],"relics":["hermit:Momento","Letter Opener","Lizard Tail","Calling Bell","hermit:RyeStalk","Pantograph","Unceasing Top","downfall:HeartBlessingBlue","Pear","Blue Candle","downfall:HeartBlessingGreen","downfall:HeartBlessingRed","Calipers","Tiny Chest"],"acts_visited":["Exordium","TheCity"],"potions_floor_usage":[29,32],"damage_taken":[{"damage":13.0,"enemies":"Jaw Worm","floor":2.0,"turns":5.0},{"damage":1.0,"enemies":"Cultist","floor":3.0,"turns":4.0},{"damage":5.0,"enemies":"2 Louse","floor":5.0,"turns":3.0},{"damage":5.0,"enemies":"downfall:FleeingMerchant","floor":9.0,"turns":4.0},{"damage":38.0,"enemies":"3 Sentries","floor":13.0,"turns":8.0},{"damage":0.0,"enemies":"downfall:FleeingMerchant","floor":14.0,"turns":4.0},{"damage":0.0,"enemies":"Large Slime","floor":15.0,"turns":4.0},{"damage":29.0,"enemies":"The Guardian","floor":16.0,"turns":14.0},{"damage":0.0,"enemies":"Chosen","floor":19.0,"turns":5.0},{"damage":24.0,"enemies":"Spheric Guardian","floor":21.0,"turns":5.0},{"damage":38.0,"enemies":"Slavers","floor":23.0,"turns":9.0},{"damage":0,"enemies":"downfall:FleeingMerchant","floor":26,"turns":4},{"damage":18,"enemies":"Book of Stabbing","floor":28,"turns":8},{"damage":10,"enemies":"Shelled Parasite and Fungi","floor":29,"turns":8},{"damage":0,"enemies":"downfall:FleeingMerchant","floor":30,"turns":4},{"damage":41,"enemies":"Slavers","floor":31,"turns":7},{"damage":25,"enemies":"Snake Plant","floor":32,"turns":4},{"damage":50,"enemies":"downfall:Ironclad","floor":33,"turns":9}],"seed_played":"-9120290745448723964","potions_obtained":[{"floor":2.0,"key":"Swift Potion"},{"floor":13.0,"key":"GamblersBrew"},{"floor":15.0,"key":"Dexterity Potion"},{"floor":16.0,"key":"SmokeBomb"},{"floor":21.0,"key":"Fire Potion"},{"floor":28,"key":"Swift Potion"},{"floor":32,"key":"Fruit Juice"}],"is_trial":false,"path_per_floor":["R","M","M","?","M","R","T","?","$","R","?","?","E","$","M","B",null,"R","M","?","M","?","E","T","R","$","?","E","M","$","E","M","B"],"character_chosen":"HERMIT","items_purchased":["hermit:Determination","Letter Opener","hermit:Desperado","hermit:FlashPowder"],"campfire_rested":1,"item_purchase_floors":[9,9,14,14],"current_hp_per_floor":[82,69,68,68,63,63,63,63,58,58,58,47,9,9,9,33,75,85,85,85,61,61,33,33,65,65,65,61,57,63,30,7,0,0],"gold":91,"neow_bonus":"TWENTY_PERCENT_HP_BONUS","is_daily":false,"chose_seed":false,"campfire_upgraded":3,"win_rate":0.0,"timestamp":1609932559,"path_taken":["R","M","M","?","?","R","T","?","$","R","?","?","E","?","M","BOSS","R","M","?","M","?","E","T","R","$","?","E","M","$","E","M","BOSS"],"items_purchased_type":["Card","Relic","Card","Card"],"build_version":"2020-12-22","purchased_purges":0,"victory":false,"max_hp_per_floor":[89,89,89,89,89,89,89,89,89,89,89,89,89,89,89,89,89,99,99,99,99,99,109,109,109,109,76,76,76,76,76,76,76,76],"card_choices":[{"not_picked":["hermit:HighCaliber","hermit:TrackingShot"],"picked":"hermit:ShadowCloak","floor":2.0},{"not_picked":["hermit:HighCaliber","hermit:Enervate"],"picked":"hermit:Spite","floor":3.0},{"not_picked":["hermit:PistolWhip","hermit:HoleUp"],"picked":"hermit:Enervate","floor":5.0},{"not_picked":["hermit:LoneWolf","hermit:Quickdraw"],"picked":"hermit:Manifest","floor":9.0},{"not_picked":["hermit:Virtue","hermit:TrackingShot"],"picked":"hermit:WideOpen","floor":13.0},{"not_picked":["hermit:LuckOfTheDraw","hermit:Glare"],"picked":"hermit:FromBeyond","floor":14.0},{"not_picked":["hermit:HighCaliber","hermit:Desperado"],"picked":"hermit:Dive","floor":15.0},{"not_picked":["hermit:HeroicBravado","hermit:BlackWind"],"picked":"hermit:Dissolve","floor":16.0},{"not_picked":["hermit:Misfire+1","hermit:Malice+1"],"picked":"hermit:Gambit","floor":19.0},{"not_picked":["hermit:TakeAim","hermit:HighCaliber"],"picked":"hermit:SprayPray","floor":21.0},{"not_picked":["hermit:LoneWolf+1","hermit:Desperado"],"picked":"hermit:TakeCover+1","floor":23.0},{"not_picked":["hermit:Glare","hermit:DeadMansHand+1"],"picked":"hermit:BlackWind","floor":26},{"not_picked":["hermit:Desperado","hermit:EyeOfTheStorm","hermit:Coalescence"],"picked":"SKIP","floor":28},{"not_picked":["hermit:Roulette+1","hermit:Cheat","hermit:Midnight"],"picked":"SKIP","floor":29},{"not_picked":["hermit:TrackingShot","hermit:Shortfuse","hermit:Dive"],"picked":"SKIP","floor":30},{"not_picked":["hermit:Shortfuse","hermit:Manifest","hermit:Enervate+1"],"picked":"SKIP","floor":31},{"not_picked":["hermit:Manifest","hermit:Snipe"],"picked":"hermit:Quickdraw","floor":32}],"player_experience":2391798,"relics_obtained":[{"floor":13.0,"key":"Lizard Tail"},{"floor":17.0,"key":"hermit:RyeStalk"},{"floor":17.0,"key":"Pantograph"},{"floor":17.0,"key":"Unceasing Top"},{"floor":23.0,"key":"Pear"},{"floor":24.0,"key":"Blue Candle"},{"floor":28,"key":"Calipers"},{"floor":31,"key":"Tiny Chest"}],"event_choices":[{"damage_healed":0.0,"max_hp_gain":0.0,"max_hp_loss":0.0,"gold_gain":0.0,"event_name":"Upgrade Shrine","player_choice":"Upgraded","floor":4.0,"gold_loss":0.0,"damage_taken":0.0,"cards_upgraded":["hermit:ShadowCloak"]},{"damage_healed":0.0,"max_hp_gain":0.0,"max_hp_loss":0.0,"gold_gain":175.0,"event_name":"Liars Game","player_choice":"AGREE","floor":8.0,"gold_loss":0.0,"damage_taken":0.0,"cards_obtained":["Doubt"]},{"damage_healed":0.0,"max_hp_gain":0.0,"max_hp_loss":0.0,"gold_gain":0.0,"event_name":"Living Wall","player_choice":"Grow","floor":11.0,"gold_loss":0.0,"damage_taken":0.0,"cards_upgraded":["hermit:Snapshot"]},{"damage_healed":0.0,"max_hp_gain":0.0,"max_hp_loss":0.0,"gold_gain":75.0,"event_name":"World of Goop","player_choice":"Gather Gold","floor":12.0,"gold_loss":0.0,"damage_taken":11.0},{"damage_healed":0.0,"max_hp_gain":0.0,"max_hp_loss":0.0,"gold_gain":0.0,"event_name":"The Library","player_choice":"Read","floor":22.0,"gold_loss":0.0,"damage_taken":0.0,"cards_obtained":["hermit:Midnight"]},{"damage_healed":0,"gold_gain":0,"player_choice":"Became a vampire","damage_taken":0,"max_hp_gain":0,"max_hp_loss":33,"event_name":"Vampires","floor":27,"gold_loss":0,"cards_obtained":["Bite","Bite","Bite","Bite","Bite"]}],"is_beta":false,"boss_relics":[{"not_picked":["Black Star","Pandora\u0027s Box"],"picked":"Calling Bell"}],"items_purged_floors":[],"is_endless":false,"potions_floor_spawned":[2,13,15,16,21,28,32],"killed_by":"downfall:Ironclad","ascension_level":10}}