{"host":"wppa8gky53tnknhf","time":1609943578,"event":{"mods":["AchievementEnabler","Act Like it!","BaseMod","Better Third Choice","BetterRewards","Card Forge","Colored Powertips","Energized Spire","Hubris","Infinite Spire","Marked Mod","Minty Spire (QoL Compilation)","Permanent Neow","Quick Restart","Rare Cards Sparkle","Relic Stats","Remove Card Discount Mod","Replay The Spire","Spikes Relics","Spire Birthday Party","StSLib","The Blackbeard"],"gold_per_floor":[118,137,153,172,183,218,218,236,236,236,269,288,305,336,336,441,441,452,470,349,383,400,400,425,111,138,138,155,190,190,200,200,296,296,308,326,326,326,326,326,374,408,408,408,448,497,497,497,497,497,497,497,105,139,154],"floor_reached":56,"playtime":1465,"items_purged":[],"score":1731,"play_id":"8199d939-6c4a-4744-a0b0-c758b18cfae0","local_time":"20210106143258","is_ascension_mode":true,"campfire_choices":[{"data":"1","floor":7,"key":"LIFT"},{"data":"2","floor":15,"key":"LIFT"},{"data":"3","floor":23,"key":"LIFT"},{"floor":27,"key":"RECALL"},{"data":"blackbeard:PirateEarring","floor":30,"key":"SMITH"},{"data":"blackbeard:Boarding","floor":30,"key":"SMITH"},{"data":"blackbeard:GoldenDefense","floor":32,"key":"SMITH"},{"data":"blackbeard:GoldenCannonball","floor":32,"key":"SMITH"},{"data":"infinitespire:Starlight","floor":40,"key":"SMITH"},{"data":"infinitespire:Gouge","floor":40,"key":"SMITH"},{"floor":49,"key":"REST"},{"floor":52,"key":"REST"}],"circlet_count":0,"master_deck":["blackbeard:BlackbeardStrike+1","blackbeard:BlackbeardStrike+1","blackbeard:BlackbeardStrike+1","blackbeard:BlackbeardStrike+1","blackbeard:IntimidatingStrike+1","blackbeard:BlackbeardDefend+1","blackbeard:BlackbeardDefend+1","blackbeard:BlackbeardDefend+1","blackbeard:BlackbeardDefend+1","blackbeard:Cutlass+1","blackbeard:FieryDefense+1","blackbeard:BeatUp+1","blackbeard:Shrapnel+1","blackbeard:PirateHook+1","blackbeard:PiratesWill+1","blackbeard:Shrapnel+1","blackbeard:PiratesWill+1","blackbeard:GoldenCannonball+1","blackbeard:Parrot+1","blackbeard:GoldenStrike+1","blackbeard:GoldenCannonball+1","blackbeard:PirateEarring+1","blackbeard:Shrapnel+1","blackbeard:Rum+1","blackbeard:GoldenDefense+1","blackbeard:BeatUp+1","blackbeard:Boarding+1","blackbeard:BeatUp+1","blackbeard:Rum+1","infinitespire:Starlight+1","infinitespire:Gouge+1","blackbeard:PowderKeg+1","blackbeard:JollyRoger+1","blackbeard:PirateEarring+1","blackbeard:RemoveScurvy+1","blackbeard:FieryDefense+1"],"relics":["blackbeard:LoadTheCannons","Hammer of Thor","Seething Fire","Anvil of the Gods","Girya","Toy Ornithopter","Replay:Kaleidoscope","hubris:Towel","Akabeko","Potion Belt","energizedSpire:NeverEndingSparkler","Red Mask","Replay:Arrowhead","Mirror","hubris:CuriousFeather","Black Star","Frozen Egg 2","infinitespire:EvilPickle","BlackRope","Pear","Bottled Tornado","blackbeard:GoldenRing","Replay:Rubber Ducky","hubris:Zylophone","blackbeard:TreasureChest"],"acts_visited":["Exordium","TheCity","TheBeyond","TheEnding"],"potions_floor_usage":[6,8,16,16,22,29,36,42,54,55,55],"damage_taken":[{"damage":0,"enemies":"2 Louse","floor":1,"turns":2},{"damage":0,"enemies":"Small Slimes","floor":2,"turns":2},{"damage":0,"enemies":"Jaw Worm","floor":3,"turns":2},{"damage":0,"enemies":"Lots of Slimes","floor":4,"turns":1},{"damage":7,"enemies":"Looter","floor":5,"turns":2},{"damage":0,"enemies":"Gremlin Nob","floor":6,"turns":2},{"damage":0,"enemies":"Large Slime","floor":8,"turns":3},{"damage":26,"enemies":"Lagavulin","floor":11,"turns":4},{"damage":0,"enemies":"2 Fungi Beasts","floor":12,"turns":1},{"damage":0,"enemies":"Blue Slaver","floor":13,"turns":3},{"damage":0,"enemies":"3 Sentries","floor":14,"turns":3},{"damage":1,"enemies":"Hexaghost","floor":16,"turns":7},{"damage":0,"enemies":"Shell Parasite","floor":18,"turns":2},{"damage":23,"enemies":"3 Byrds","floor":19,"turns":4},{"damage":4,"enemies":"Masked Bandits","floor":21,"turns":3},{"damage":0,"enemies":"Snake Plant","floor":22,"turns":2},{"damage":0,"enemies":"Replay:Snechameleon","floor":24,"turns":3},{"damage":0,"enemies":"Snecko","floor":28,"turns":2},{"damage":0,"enemies":"Gremlin Leader","floor":29,"turns":4},{"damage":0,"enemies":"Centurion and Healer","floor":31,"turns":1},{"damage":23,"enemies":"Pondfish","floor":33,"turns":7},{"damage":3,"enemies":"Orb Walker","floor":35,"turns":2},{"damage":0,"enemies":"3 Darklings","floor":36,"turns":3},{"damage":0,"enemies":"Reptomancer","floor":41,"turns":3},{"damage":15,"enemies":"4 Shapes","floor":42,"turns":4},{"damage":19,"enemies":"Sphere and 2 Shapes","floor":45,"turns":3},{"damage":9,"enemies":"Maw","floor":46,"turns":5},{"damage":73,"enemies":"Donu and Deca","floor":50,"turns":7},{"damage":75,"enemies":"Shield and Spear","floor":54,"turns":5},{"damage":40,"enemies":"The Heart","floor":55,"turns":8}],"seed_played":"8889583090754613167","potions_obtained":[{"floor":3,"key":"DistilledChaos"},{"floor":4,"key":"Energy Potion"},{"floor":5,"key":"Weak Potion"},{"floor":6,"key":"Adrenaline Potion"},{"floor":12,"key":"blackbeard:OrangeJuicePotion"},{"floor":14,"key":"SmokeBomb"},{"floor":16,"key":"LifebloodPotion"},{"floor":19,"key":"Adrenaline Potion"},{"floor":21,"key":"Adrenaline Potion"},{"floor":22,"key":"SpeedPotion"},{"floor":33,"key":"Adrenaline Potion"},{"floor":35,"key":"Explosive Potion"},{"floor":41,"key":"PowerPotion"},{"floor":46,"key":"PowerPotion"}],"is_trial":false,"path_per_floor":["M","M","M","M","M","E","R","M","T","?","E","M","M","E","R","B",null,"M","M","$","?","M","R","E","$","T","R","M","E","R","M","R","B",null,"M","M","?","?","AVR","R","E","M","T","$","M","M","?","?","R","B",null,"R","$","E","B",null],"character_chosen":"BLACKBEARD_CLASS","items_purchased":["blackbeard:PirateEarring","blackbeard:Shrapnel","blackbeard:GoldenDefense","Mirror","blackbeard:GoldenRing","Replay:Rubber Ducky"],"campfire_rested":2,"item_purchase_floors":[20,20,25,25,53,53],"current_hp_per_floor":[54,54,54,54,47,47,47,52,52,52,26,26,26,26,26,43,75,75,52,52,48,53,53,53,53,53,53,53,58,58,58,58,35,75,72,75,75,75,75,75,85,70,70,70,51,42,42,42,67,32,85,85,85,50,58],"gold":154,"neow_bonus":"ONE_RARE_RELIC","is_daily":false,"chose_seed":false,"campfire_upgraded":6,"win_rate":0.0,"timestamp":1609943578,"path_taken":["M","M","M","M","M","E","R","M","T","?","E","M","M","E","R","BOSS","M","M","$","?","M","R","E","$","T","R","M","E","R","M","R","BOSS","M","M","?","?","AVR","R","E","?","T","$","M","?","?","?","R","BOSS","R","$","E","BOSS"],"items_purchased_type":["Card","Card","Card","Relic","Relic","Relic"],"build_version":"2020-12-22","purchased_purges":0,"victory":true,"max_hp_per_floor":[75,75,75,75,75,75,75,75,75,75,75,75,75,75,75,75,75,75,75,75,75,75,75,75,75,75,75,75,75,75,75,75,75,75,75,75,75,75,75,75,85,85,85,85,85,85,85,85,85,85,85,85,85,85,85],"relic_stats":{"counters":[30,100],"Black Star":2,"obtain_stats":[{"Hammer of Thor":0,"Bottled Tornado":43,"Replay:Rubber Ducky":53,"blackbeard:GoldenRing":53,"blackbeard:TreasureChest":54,"hubris:CuriousFeather":29,"Red Mask":21,"Potion Belt":14,"Girya":0,"Pear":41,"blackbeard:LoadTheCannons":0,"Seething Fire":0,"Replay:Kaleidoscope":9,"BlackRope":41,"hubris:Towel":10,"Frozen Egg 2":39,"Akabeko":11,"Replay:Arrowhead":24,"infinitespire:EvilPickle":41,"hubris:Zylophone":54,"Anvil of the Gods":0,"energizedSpire:NeverEndingSparkler":17,"Black Star":34,"Mirror":25,"Toy Ornithopter":6},{"Hammer of Thor":0,"Bottled Tornado":25,"Replay:Rubber Ducky":28,"blackbeard:GoldenRing":28,"blackbeard:TreasureChest":29,"hubris:CuriousFeather":19,"Red Mask":15,"Potion Belt":11,"Girya":0,"Pear":24,"blackbeard:LoadTheCannons":0,"Seething Fire":0,"Replay:Kaleidoscope":7,"BlackRope":24,"hubris:Towel":7,"Frozen Egg 2":23,"Akabeko":8,"Replay:Arrowhead":17,"infinitespire:EvilPickle":23,"hubris:Zylophone":29,"Anvil of the Gods":0,"energizedSpire:NeverEndingSparkler":12,"Black Star":21,"Mirror":17,"Toy Ornithopter":6},{"Hammer of Thor":0,"Bottled Tornado":72,"Replay:Rubber Ducky":87,"blackbeard:GoldenRing":87,"blackbeard:TreasureChest":92,"hubris:CuriousFeather":52,"Red Mask":41,"Potion Belt":25,"Girya":0,"Pear":68,"blackbeard:LoadTheCannons":0,"Seething Fire":0,"Replay:Kaleidoscope":14,"BlackRope":68,"hubris:Towel":14,"Frozen Egg 2":65,"Akabeko":18,"Replay:Arrowhead":46,"infinitespire:EvilPickle":65,"hubris:Zylophone":92,"Anvil of the Gods":0,"energizedSpire:NeverEndingSparkler":32,"Black Star":60,"Mirror":46,"Toy Ornithopter":11}],"Toy Ornithopter":43},"card_choices":[{"not_picked":["blackbeard:PowderKeg","blackbeard:PiratesWill"],"picked":"blackbeard:FieryDefense","floor":1},{"not_picked":["blackbeard:TerrorOfTheSeas","blackbeard:DoubleCannonball"],"picked":"blackbeard:BeatUp","floor":2},{"not_picked":["blackbeard:TacticalRetreat","blackbeard:DoubleCannonball"],"picked":"blackbeard:Shrapnel","floor":3},{"not_picked":["blackbeard:WeaponMastery","blackbeard:RearmingStrike","blackbeard:Dagger"],"picked":"SKIP","floor":4},{"not_picked":["blackbeard:GoldenStrike","blackbeard:SwordDance"],"picked":"blackbeard:PirateHook","floor":5},{"not_picked":["blackbeard:CaptainsCabin","blackbeard:DoubleCannonball"],"picked":"blackbeard:PiratesWill","floor":6},{"not_picked":["blackbeard:TerrorOfTheSeas","blackbeard:BlindAttacks"],"picked":"blackbeard:Shrapnel","floor":8},{"not_picked":["blackbeard:SwordDance","blackbeard:Bandana"],"picked":"blackbeard:PiratesWill","floor":11},{"not_picked":["blackbeard:Halberd","blackbeard:Spear","blackbeard:CloakAndCannonball"],"picked":"SKIP","floor":12},{"not_picked":["blackbeard:PiratesWill","blackbeard:GhostInTheRum","blackbeard:CannonBarrage"],"picked":"SKIP","floor":13},{"not_picked":["blackbeard:Dagger","blackbeard:GoldenStrike"],"picked":"blackbeard:GoldenCannonball","floor":14},{"not_picked":["blackbeard:PowerHungry","blackbeard:ReapersScythe"],"picked":"blackbeard:Parrot","floor":16},{"not_picked":["blackbeard:Provisioning","blackbeard:PiratesWill"],"picked":"blackbeard:GoldenStrike+1","floor":18},{"not_picked":["blackbeard:FieryDefense+1","blackbeard:DangerousBlow"],"picked":"blackbeard:GoldenCannonball","floor":19},{"not_picked":["blackbeard:CloakAndCannonball","blackbeard:PiratesWill+1"],"picked":"blackbeard:Rum+1","floor":21},{"not_picked":["blackbeard:DoubleCannonball+1","blackbeard:ChaoticDefense","blackbeard:DeadlyArsenal"],"picked":"SKIP","floor":22},{"not_picked":["blackbeard:CannonballSupply+1","blackbeard:TheDrunkenSailor"],"picked":"blackbeard:DeadlyArsenal","floor":24},{"not_picked":["blackbeard:Shrapnel","blackbeard:Sharpening"],"picked":"blackbeard:BeatUp+1","floor":28},{"not_picked":["blackbeard:AgileStrike+1","blackbeard:Dagger"],"picked":"blackbeard:Boarding","floor":29},{"not_picked":["blackbeard:Sharpening+1","blackbeard:WiseDefense","blackbeard:Anchor+1"],"picked":"SKIP","floor":31},{"not_picked":["blackbeard:Scrap+1","blackbeard:AgileStrike+1"],"picked":"blackbeard:BeatUp+1","floor":35},{"not_picked":["blackbeard:WiseDefense+1","blackbeard:RearmingStrike"],"picked":"blackbeard:Rum+1","floor":36},{"not_picked":["infinitespire:Menacing","infinitespire:UltimateForm"],"picked":"infinitespire:Starlight","floor":38},{"not_picked":["blackbeard:Shrapnel","blackbeard:Bandana+1"],"picked":"blackbeard:PowderKeg","floor":41},{"not_picked":["blackbeard:GoldenStrike","blackbeard:DoubleCannonball+1"],"picked":"blackbeard:JollyRoger+1","floor":42},{"not_picked":["blackbeard:SmithingHammer","blackbeard:PiratesWill+1","blackbeard:DelayedPain"],"picked":"SKIP","floor":45},{"not_picked":["blackbeard:Toast","blackbeard:TacticalRetreat+1"],"picked":"blackbeard:PirateEarring+1","floor":46},{"not_picked":["blackbeard:Spear","blackbeard:InfiniteBarrage+1"],"picked":"blackbeard:FieryDefense","floor":54}],"player_experience":715201,"relics_obtained":[{"floor":6,"key":"Toy Ornithopter"},{"floor":9,"key":"Replay:Kaleidoscope"},{"floor":11,"key":"Akabeko"},{"floor":14,"key":"Potion Belt"},{"floor":21,"key":"Red Mask"},{"floor":24,"key":"Replay:Arrowhead"},{"floor":29,"key":"hubris:CuriousFeather"},{"floor":41,"key":"BlackRope"},{"floor":41,"key":"Pear"},{"floor":43,"key":"Bottled Tornado"},{"floor":54,"key":"hubris:Zylophone"},{"floor":54,"key":"blackbeard:TreasureChest"}],"event_choices":[{"damage_healed":0,"gold_gain":0,"player_choice":"Fought Bandits","damage_taken":0,"max_hp_gain":0,"max_hp_loss":0,"event_name":"Masked Bandits","floor":21,"gold_loss":0}],"is_beta":false,"boss_relics":[{"not_picked":["energizedSpire:DeadBattery","Honey Jar"],"picked":"energizedSpire:NeverEndingSparkler"},{"not_picked":["ReplayTheSpireMod:DimensionalGlitch","energizedSpire:StickyHand"],"picked":"Black Star"}],"items_purged_floors":[],"is_endless":false,"potions_floor_spawned":[3,4,5,6,12,14,16,19,21,22,33,35,41,46],"ascension_level":1}}