{"host":"p4v0hquynnreu717","time":1609959030,"event":{"mods":["BaseMod","Better Vampires","DeckTracker","Googly Eyes","Minty Spire (QoL Compilation)","Quick Restart","StSLib","SuperFastMode"],"gold_per_floor":[114,114,114,133,133,162,162,178,178,28,28,48,48,68,68,68,68],"floor_reached":16,"playtime":275,"items_purged":[],"score":219,"play_id":"6b458cb4-c93f-4b6c-8851-12e1a1088bed","local_time":"20210107025030","is_ascension_mode":true,"campfire_choices":[{"data":"Dualcast","floor":7,"key":"SMITH"},{"data":"Zap","floor":11,"key":"SMITH"},{"data":"Streamline","floor":15,"key":"SMITH"}],"circlet_count":0,"master_deck":["AscendersBane","Strike_B","Strike_B","Strike_B","Defend_B","Defend_B","Defend_B","Defend_B","Zap+1","Dualcast+1","Tempest","Streamline+1","Self Repair","Glacier","Hologram"],"relics":["Cracked Core","NeowsBlessing","CaptainsWheel","Omamori","Emotion Chip","Kunai","OrangePellets"],"acts_visited":["Exordium"],"potions_floor_usage":[],"damage_taken":[{"damage":0.0,"enemies":"Small Slimes","floor":1.0,"turns":1.0},{"damage":0,"enemies":"2 Louse","floor":4,"turns":1},{"damage":0,"enemies":"Lagavulin","floor":6,"turns":1},{"damage":2,"enemies":"Jaw Worm","floor":8,"turns":3},{"damage":16,"enemies":"Exordium Thugs","floor":12,"turns":5},{"damage":1,"enemies":"Looter","floor":14,"turns":3},{"damage":20,"enemies":"Slime Boss","floor":16,"turns":3}],"seed_played":"3612959334183560115","potions_obtained":[{"floor":1.0,"key":"FearPotion"},{"floor":14,"key":"DuplicationPotion"}],"is_trial":false,"path_per_floor":["M","?","?","M","T","E","R","M","T","$","R","M","?","M","R","B"],"character_chosen":"DEFECT","items_purchased":["OrangePellets"],"campfire_rested":0,"item_purchase_floors":[10],"current_hp_per_floor":[64,64,38,38,38,38,38,36,36,36,36,27,20,19,19,0,0],"gold":68,"neow_bonus":"THREE_ENEMY_KILL","is_daily":false,"chose_seed":false,"campfire_upgraded":3,"win_rate":0.0,"timestamp":1609959030,"path_taken":["M","?","?","M","?","E","R","M","T","$","R","?","?","M","R","BOSS"],"items_purchased_type":["Relic"],"build_version":"2020-12-22","purchased_purges":0,"victory":false,"max_hp_per_floor":[71,71,71,71,71,71,71,71,71,71,71,71,71,71,71,71,71],"card_choices":[{"not_picked":["White Noise","Steam"],"picked":"Tempest","floor":1.0},{"not_picked":["Conserve Battery","Sweeping Beam"],"picked":"Streamline","floor":4},{"not_picked":["Reprogram","Lockon"],"picked":"Self Repair","floor":6},{"not_picked":["Steam Power","Redo"],"picked":"Glacier","floor":8},{"not_picked":["Leap","Cold Snap"],"picked":"Hologram","floor":12},{"not_picked":["Sweeping Beam","Hologram","Streamline"],"picked":"SKIP","floor":14}],"player_experience":763510,"relics_obtained":[{"floor":5,"key":"Omamori"},{"floor":6,"key":"Emotion Chip"},{"floor":9,"key":"Kunai"}],"event_choices":[{"damage_healed":0.0,"max_hp_gain":0.0,"max_hp_loss":0.0,"gold_gain":0.0,"event_name":"Liars Game","player_choice":"Ignored","floor":2.0,"gold_loss":0.0,"damage_taken":0.0},{"damage_healed":0,"gold_gain":0,"player_choice":"Success","damage_taken":26,"relics_obtained":["CaptainsWheel"],"max_hp_gain":0,"max_hp_loss":0,"event_name":"Scrap Ooze","floor":3,"gold_loss":0},{"cards_removed":["Strike_B"],"damage_healed":0,"gold_gain":0,"player_choice":"Card Removal","damage_taken":7,"max_hp_gain":0,"max_hp_loss":0,"event_name":"Golden Wing","floor":13,"gold_loss":0}],"is_beta":false,"boss_relics":[],"items_purged_floors":[],"is_endless":false,"potions_floor_spawned":[1,14],"killed_by":"Slime Boss","ascension_level":15}}