{"host":"Bilverbakes","time":1609896650,"event":{"mods":["2.2 Compatiblity","AchievementEnabler","BaseMod","Bestiary","Colored Map","Minty Spire (QoL Compilation)","Relic Stats","StSLib","ojb\u0027s Info Mod"],"gold_per_floor":[116,116,11,22,22,57,57,87,87,87,49,80,80,103,103,176,176,201,220,246,269,293,293,333,353,353,268,268,268],"floor_reached":28,"playtime":1363,"items_purged":[],"score":439,"play_id":"2b4c75d4-211c-4dfb-aca3-7c6df99074eb","local_time":"20210105193050","is_ascension_mode":true,"campfire_choices":[{"data":"Fasting2","floor":7.0,"key":"SMITH"},{"data":"Ragnarok","floor":10.0,"key":"SMITH"},{"data":"Tantrum","floor":13.0,"key":"SMITH"},{"data":"Meditate","floor":15.0,"key":"SMITH"},{"floor":23.0,"key":"REST"}],"circlet_count":0,"master_deck":["AscendersBane","Strike_P","Strike_P","Strike_P","Defend_P","Defend_P","Defend_P","Defend_P","Eruption","Vigilance","CutThroughFate","Nirvana","Tantrum+1","Meditate+1","Fasting2+1","Ragnarok+1","Adaptation+1","Conclude","EmptyMind","Fasting2+1","MentalFortress+1","BowlingBash","Halt","Study+1","Halt"],"relics":["Philosopher\u0027s Stone","Meat on the Bone","Bronze Scales","Toy Ornithopter","Frozen Egg 2","CeramicFish","Fusion Hammer","Mummified Hand","Bag of Marbles","Happy Flower"],"acts_visited":["Exordium","TheCity"],"potions_floor_usage":[28,28],"damage_taken":[{"damage":8.0,"enemies":"Jaw Worm","floor":1.0,"turns":3.0},{"damage":0.0,"enemies":"2 Louse","floor":4.0,"turns":3.0},{"damage":2.0,"enemies":"Lagavulin","floor":6.0,"turns":5.0},{"damage":9.0,"enemies":"Gremlin Nob","floor":8.0,"turns":3.0},{"damage":5.0,"enemies":"3 Sentries","floor":12.0,"turns":4.0},{"damage":0.0,"enemies":"Cultist","floor":14.0,"turns":2.0},{"damage":32.0,"enemies":"Hexaghost","floor":16.0,"turns":6.0},{"damage":16.0,"enemies":"2 Thieves","floor":18.0,"turns":3.0},{"damage":0.0,"enemies":"Spheric Guardian","floor":19.0,"turns":2.0},{"damage":6.0,"enemies":"Shelled Parasite and Fungi","floor":20.0,"turns":3.0},{"damage":13.0,"enemies":"3 Cultists","floor":21.0,"turns":4.0},{"damage":20.0,"enemies":"Cultist and Chosen","floor":22.0,"turns":5.0},{"damage":13.0,"enemies":"Book of Stabbing","floor":24.0,"turns":3.0},{"damage":9.0,"enemies":"Snake Plant","floor":25.0,"turns":3.0},{"damage":67,"enemies":"Slavers","floor":28,"turns":3}],"seed_played":"-1841778585056928450","potions_obtained":[{"floor":6.0,"key":"SteroidPotion"},{"floor":8.0,"key":"StancePotion"},{"floor":16.0,"key":"Dexterity Potion"},{"floor":19.0,"key":"BottledMiracle"},{"floor":22.0,"key":"Strength Potion"}],"is_trial":false,"path_per_floor":["M","?","$","M","?","E","R","E","T","R","$","E","R","M","R","B",null,"M","M","M","M","M","R","E","M","T","?","E"],"character_chosen":"WATCHER","items_purchased":["Tantrum","Meditate","Adaptation+1"],"campfire_rested":1,"item_purchase_floors":[3,3,11],"current_hp_per_floor":[53,53,53,53,53,51,51,42,42,42,42,42,42,42,42,22,57,41,41,40,39,31,51,38,41,41,41,0,0],"gold":268,"neow_bonus":"BOSS_RELIC","is_daily":false,"chose_seed":false,"campfire_upgraded":4,"win_rate":0.0,"timestamp":1609896650,"path_taken":["M","?","$","M","?","E","R","E","T","R","$","E","R","M","R","BOSS","M","?","M","M","M","R","E","M","T","?","E"],"items_purchased_type":["Card","Card","Card"],"build_version":"2020-12-18","purchased_purges":0,"victory":false,"max_hp_per_floor":[68,68,68,68,68,68,68,68,68,68,68,68,68,68,68,68,68,68,68,68,68,68,68,68,68,68,68,68,68],"relic_stats":{"Happy Flower":[1],"counters":[15,52],"Mummified Hand":[12],"Bronze Scales":[123],"CeramicFish":72,"obtain_stats":[{"Happy Flower":27,"Mummified Hand":24,"Bronze Scales":6,"CeramicFish":12,"Philosopher\u0027s Stone":0,"Fusion Hammer":17,"Bag of Marbles":26,"PureWater":0,"Frozen Egg 2":9,"Toy Ornithopter":8,"Meat on the Bone":5},{"Happy Flower":14,"Mummified Hand":13,"Bronze Scales":3,"CeramicFish":5,"Philosopher\u0027s Stone":0,"Fusion Hammer":7,"Bag of Marbles":14,"PureWater":0,"Frozen Egg 2":4,"Toy Ornithopter":4,"Meat on the Bone":2},{"Happy Flower":49,"Mummified Hand":46,"Bronze Scales":11,"CeramicFish":18,"Philosopher\u0027s Stone":0,"Fusion Hammer":26,"Bag of Marbles":49,"PureWater":0,"Frozen Egg 2":14,"Toy Ornithopter":14,"Meat on the Bone":6}],"Toy Ornithopter":20,"Meat on the Bone":48},"card_choices":[{"not_picked":["Halt","FlyingSleeves"],"picked":"CutThroughFate","floor":1.0},{"not_picked":["JustLucky","PathToVictory"],"picked":"Fasting2","floor":4.0},{"not_picked":["Wallop","ClearTheMind"],"picked":"Ragnarok","floor":6.0},{"not_picked":["ThirdEye","Perseverance","ClearTheMind"],"picked":"SKIP","floor":8.0},{"not_picked":["Protect","Evaluate","FollowUp"],"picked":"SKIP","floor":12.0},{"not_picked":["Prostrate","Scrawl"],"picked":"Conclude","floor":14.0},{"not_picked":["EmptyFist","Protect"],"picked":"EmptyMind","floor":18.0},{"not_picked":["Halt","ClearTheMind+1"],"picked":"Fasting2+1","floor":19.0},{"not_picked":["SashWhip","Protect"],"picked":"MentalFortress+1","floor":20.0},{"not_picked":["ClearTheMind","PathToVictory"],"picked":"BowlingBash","floor":21.0},{"not_picked":["PathToVictory","CrushJoints"],"picked":"Halt","floor":22.0},{"not_picked":["BattleHymn+1","Wireheading+1"],"picked":"Study+1","floor":24.0},{"not_picked":["Worship+1","BowlingBash"],"picked":"Halt","floor":25.0}],"player_experience":605233,"relics_obtained":[{"floor":5.0,"key":"Meat on the Bone"},{"floor":6.0,"key":"Bronze Scales"},{"floor":8.0,"key":"Toy Ornithopter"},{"floor":9.0,"key":"Frozen Egg 2"},{"floor":12.0,"key":"CeramicFish"},{"floor":24.0,"key":"Mummified Hand"},{"floor":26.0,"key":"Bag of Marbles"}],"event_choices":[{"damage_healed":0.0,"max_hp_gain":0.0,"max_hp_loss":0.0,"gold_gain":0.0,"cards_transformed":["Strike_P"],"event_name":"Living Wall","player_choice":"Change","floor":2.0,"gold_loss":0.0,"damage_taken":0.0,"cards_obtained":["Nirvana"]},{"damage_healed":0.0,"max_hp_gain":0.0,"max_hp_loss":0.0,"gold_gain":0.0,"event_name":"Wheel of Change","player_choice":"Relic","floor":5.0,"gold_loss":0.0,"damage_taken":0.0},{"damage_healed":0.0,"max_hp_gain":0.0,"max_hp_loss":0.0,"gold_gain":0.0,"event_name":"Addict","player_choice":"Obtained Relic","floor":27.0,"gold_loss":85.0,"damage_taken":0.0,"relics_obtained":["Happy Flower"]}],"is_beta":true,"boss_relics":[{"not_picked":["SacredBark","SlaversCollar"],"picked":"Fusion Hammer"}],"items_purged_floors":[],"is_endless":false,"potions_floor_spawned":[6,8,16,19,22,25],"killed_by":"Slavers","ascension_level":14}}