{"host":"6pgtslebjnyv5xmi","time":1609922792,"event":{"mods":["AchievementEnabler","BaseMod","Colored Map","Minty Spire (QoL Compilation)","Rare Cards Sparkle","StSLib","SuperFastMode","everything is the same but u backflip on backflip"],"gold_per_floor":[114,289,289,309,384,384,395,395,463,463,473,484,484,495,495,600,600,613,528,528,540,540,540,564,574,574,574,574],"floor_reached":27,"playtime":1260,"items_purged":[],"score":203,"play_id":"fd3a781b-f418-470a-a5dd-7a0d53f829cc","local_time":"20210106174632","is_ascension_mode":false,"campfire_choices":[{"data":"Infernal Blade","floor":6.0,"key":"SMITH"},{"data":"Seeing Red","floor":10.0,"key":"SMITH"},{"data":"Exhume","floor":13.0,"key":"SMITH"},{"data":"Carnage","floor":15.0,"key":"SMITH"},{"data":"Blood for Blood","floor":23,"key":"SMITH"}],"circlet_count":0,"master_deck":["Strike_R","Strike_R","Strike_R","Strike_R","Defend_R","Defend_R","Defend_R","Defend_R","Bash","Blood for Blood+1","Doubt","Infernal Blade+1","Seeing Red+1","Flex","Exhume+1","Carnage+1","Feed","Carnage+1","Armaments+1"],"relics":["Burning Blood","Lizard Tail"],"acts_visited":["Exordium","TheCity"],"potions_floor_usage":[16,16,25],"damage_taken":[{"damage":12.0,"enemies":"Small Slimes","floor":1.0,"turns":6.0},{"damage":20.0,"enemies":"Jaw Worm","floor":4.0,"turns":4.0},{"damage":16.0,"enemies":"Cultist","floor":7.0,"turns":5.0},{"damage":5.0,"enemies":"3 Louse","floor":11.0,"turns":4.0},{"damage":0.0,"enemies":"2 Fungi Beasts","floor":12.0,"turns":3.0},{"damage":15.0,"enemies":"Gremlin Gang","floor":14.0,"turns":5.0},{"damage":38,"enemies":"Slime Boss","floor":16,"turns":8},{"damage":51,"enemies":"Chosen","floor":18,"turns":8},{"damage":14,"enemies":"Shell Parasite","floor":21,"turns":3},{"damage":34,"enemies":"3 Cultists","floor":25,"turns":5}],"seed_played":"-4353185645153460887","potions_obtained":[{"floor":4.0,"key":"SkillPotion"},{"floor":11.0,"key":"SkillPotion"},{"floor":14.0,"key":"Strength Potion"},{"floor":16,"key":"LiquidBronze"},{"floor":20,"key":"CultistPotion"},{"floor":20,"key":"EntropicBrew"},{"floor":21,"key":"AttackPotion"}],"is_trial":false,"path_per_floor":["M","?","?","M","?","R","M","?","T","R","M","M","R","M","R","B",null,"M","?","?","M","?","R","T","M","T","$"],"character_chosen":"IRONCLAD","items_purchased":[],"campfire_rested":0,"item_purchase_floors":[],"current_hp_per_floor":[82,82,82,68,57,57,47,47,47,47,48,54,54,45,45,13,88,43,43,43,35,64,64,64,36,36,36,36],"gold":574,"neow_bonus":"TEN_PERCENT_HP_BONUS","is_daily":false,"chose_seed":false,"campfire_upgraded":5,"win_rate":0.0,"timestamp":1609922792,"path_taken":["M","?","?","?","?","R","M","?","T","R","?","M","R","M","R","BOSS","M","?","?","?","?","R","?","M","T","$"],"items_purchased_type":[],"build_version":"2020-12-22","purchased_purges":0,"victory":false,"max_hp_per_floor":[88,88,88,88,88,88,88,88,88,88,88,88,88,88,88,88,88,88,88,88,88,88,88,88,88,88,88,88],"card_choices":[{"not_picked":["Body Slam","Infernal Blade"],"picked":"Blood for Blood","floor":1.0},{"not_picked":["Sentinel","Warcry"],"picked":"Seeing Red","floor":4.0},{"not_picked":["Combust","Second Wind"],"picked":"Flex","floor":7.0},{"not_picked":["Body Slam","Second Wind","Anger"],"picked":"SKIP","floor":11.0},{"not_picked":["Shrug It Off","Body Slam"],"picked":"Exhume","floor":12.0},{"not_picked":["Rupture","Blood for Blood"],"picked":"Carnage","floor":14.0},{"not_picked":["Exhume","Berserk"],"picked":"Feed","floor":16},{"not_picked":["Intimidate","Clash","Warcry"],"picked":"SKIP","floor":18},{"not_picked":["Cleave+1","Thunderclap"],"picked":"Carnage+1","floor":21},{"not_picked":["Flex","Rage"],"picked":"Armaments+1","floor":25}],"player_experience":751519,"relics_obtained":[],"event_choices":[{"damage_healed":0.0,"max_hp_gain":0.0,"max_hp_loss":0.0,"gold_gain":175.0,"event_name":"Liars Game","player_choice":"AGREE","floor":2.0,"gold_loss":0.0,"damage_taken":0.0,"cards_obtained":["Doubt"]},{"damage_healed":0.0,"max_hp_gain":0.0,"max_hp_loss":0.0,"gold_gain":0.0,"cards_transformed":["Strike_R"],"event_name":"Transmorgrifier","player_choice":"Transformed","floor":3.0,"gold_loss":0.0,"damage_taken":0.0,"cards_obtained":["Infernal Blade"]},{"damage_healed":0.0,"max_hp_gain":0.0,"max_hp_loss":0.0,"gold_gain":75.0,"event_name":"World of Goop","player_choice":"Gather Gold","floor":5.0,"gold_loss":0.0,"damage_taken":11.0},{"damage_healed":0.0,"max_hp_gain":0.0,"max_hp_loss":0.0,"gold_gain":0.0,"event_name":"WeMeetAgain","player_choice":"Ignored","floor":8.0,"gold_loss":0.0,"damage_taken":0.0},{"damage_healed":0,"gold_gain":0,"player_choice":"Obtained Relic","damage_taken":0,"relics_obtained":["Lizard Tail"],"max_hp_gain":0,"max_hp_loss":0,"event_name":"Addict","floor":19,"gold_loss":85},{"damage_healed":0,"gold_gain":0,"player_choice":"Got Potions","damage_taken":0,"max_hp_gain":0,"max_hp_loss":0,"event_name":"Lab","floor":20,"gold_loss":0},{"damage_healed":29,"gold_gain":0,"player_choice":"Heal","damage_taken":0,"max_hp_gain":0,"max_hp_loss":0,"event_name":"The Library","floor":22,"gold_loss":0}],"is_beta":false,"boss_relics":[{"not_picked":["Runic Pyramid","Tiny House","Velvet Choker"]}],"items_purged_floors":[],"is_endless":false,"potions_floor_spawned":[4,11,14,16,21],"ascension_level":0}}