{"host":"qhn6g0owdgjb77rz","time":1609946411,"event":{"mods":["BaseMod","BetterRewards","Colored Map","Minty Spire (QoL Compilation)","Relic Sorter","Replay The Spire","StSLib"],"gold_per_floor":[110,121,8,23,23,23,57,57,103,103,103,138,11,31,31,105,105,119,130,67,67,67,67,92,2,2,14,27,53,53,82,82,155,155,175,191,211,235,235,261,15,15,15,15,15,28,40,70,70,70],"floor_reached":51,"playtime":3661,"items_purged":["Defend_P","Pain","Voices","Parasite"],"score":2098,"play_id":"8646590b-bbca-437c-9850-9aee17491c0f","local_time":"20210107002011","is_ascension_mode":true,"campfire_choices":[{"data":"Study","floor":6.0,"key":"SMITH"},{"data":"PathToVictory","floor":8.0,"key":"SMITH"},{"data":"Nirvana","floor":15.0,"key":"SMITH"},{"data":"LessonLearned","floor":23.0,"key":"SMITH"},{"data":"ReplayTheSpireMod:Doomed","floor":32.0,"key":"PURGE"},{"data":"Strike_P+1","floor":42.0,"key":"PURGE"},{"data":"ReplayUltimateDefense","floor":45.0,"key":"SMITH"},{"floor":49,"key":"REST"}],"circlet_count":0,"master_deck":["AscendersBane","Strike_P+1","Strike_P+1","Strike_P+1","Defend_P+1","Defend_P+1","Defend_P+1","Eruption+1","Vigilance+1","PathToVictory+1","ThirdEye+1","Deep Breath+1","CutThroughFate+1","CutThroughFate+1","ReplayTheSpireMod:Brewmster+1","PathToVictory+1","DeusExMachina+1","SpiritShield+1","Protect+1","Wireheading+1","Weave+1","Study+1","Wireheading+1","Nirvana+1","LessonLearned+1","PathToVictory+1","CutThroughFate+1","DeusExMachina+1","PathToVictory+1","DevaForm+1","ReplayUltimateDefense+1","Nirvana"],"relics":["PureWater","Membership Card","Thread and Needle","Gambling Chip","Unceasing Top","Lizard Tail","Bird Faced Urn","Bag of Preparation","Orrery","Vajra","Replay:Rubber Ducky","WarpedTongs","Mango","Oddly Smooth Stone","Replay:Ancient Bell","Juzu Bracelet","Mummified Hand","Peace Pipe","Boot","Replay:Ringing Soul","Girya","Matryoshka","Ring of Chaos","Regal Pillow","ReplayTheSpireMod:TigerMarble","Bottled Tornado","ReplayFunnel","War Paint","Replay:Bottled Snecko","Calipers"],"acts_visited":["Exordium","TheCity","TheBeyond"],"potions_floor_usage":[48,48,50,50,50,50,50,50],"damage_taken":[{"damage":0.0,"enemies":"Small Slimes","floor":1.0,"turns":2.0},{"damage":0.0,"enemies":"Jaw Worm","floor":2.0,"turns":4.0},{"damage":0.0,"enemies":"Cultist","floor":4.0,"turns":2.0},{"damage":9.0,"enemies":"Lagavulin","floor":7.0,"turns":6.0},{"damage":0.0,"enemies":"Gremlin Nob","floor":12.0,"turns":4.0},{"damage":0.0,"enemies":"Gremlin Gang","floor":14.0,"turns":4.0},{"damage":0.0,"enemies":"Hexaghost","floor":16.0,"turns":5.0},{"damage":0.0,"enemies":"Chosen","floor":18.0,"turns":4.0},{"damage":0.0,"enemies":"3 Byrds","floor":19.0,"turns":4.0},{"damage":6.0,"enemies":"Slavers","floor":24.0,"turns":6.0},{"damage":0.0,"enemies":"Snake Plant","floor":27.0,"turns":4.0},{"damage":0.0,"enemies":"Centurion and Healer","floor":28.0,"turns":5.0},{"damage":0.0,"enemies":"Replay:Snechameleon","floor":29.0,"turns":3.0},{"damage":0.0,"enemies":"Book of Stabbing","floor":31.0,"turns":6.0},{"damage":0.0,"enemies":"Automaton","floor":33.0,"turns":6.0},{"damage":0.0,"enemies":"3 Darklings","floor":35.0,"turns":7.0},{"damage":0.0,"enemies":"Orb Walker","floor":36.0,"turns":3.0},{"damage":0.0,"enemies":"Writhing Mass","floor":37.0,"turns":4.0},{"damage":72.0,"enemies":"R_Hoarder","floor":40.0,"turns":6.0},{"damage":0.0,"enemies":"4 Shapes","floor":46.0,"turns":4.0},{"damage":0.0,"enemies":"Sphere and 2 Shapes","floor":47.0,"turns":3.0},{"damage":11,"enemies":"Reptomancer","floor":48,"turns":3},{"damage":0,"enemies":"Awakened One","floor":50,"turns":8}],"seed_played":"5215418995947080611","potions_obtained":[{"floor":1.0,"key":"Strength Potion"},{"floor":24.0,"key":"Explosive Potion"},{"floor":27.0,"key":"DistilledChaos"},{"floor":46.0,"key":"Fire Potion"},{"floor":48,"key":"DuplicationPotion"}],"is_trial":false,"path_per_floor":["M","M","$","M","?","R","E","R","T","?","?","E","$","M","R","B",null,"M","M","$","?","?","R","E","?","T","M","M","E","$","E","R","B",null,"M","M","M","T","?","E","$","R","T","?","R","M","M","E","R","B",null],"character_chosen":"WATCHER","items_purchased":["Membership Card","Gambling Chip","Unceasing Top","PathToVictory","ThirdEye","Deep Breath","CutThroughFate","Bag of Preparation","ReplayTheSpireMod:Brewmster","Orrery","PowerPotion","Wireheading","Weave","Oddly Smooth Stone","ReplayFunnel","ReplayUltimateDefense"],"campfire_rested":1,"item_purchase_floors":[0,0,0,0,0,0,0,0,0,0,0,3,3,13,41,41],"current_hp_per_floor":[65,65,65,67,67,67,63,63,63,63,63,85,85,86,86,86,86,86,86,86,86,86,86,86,86,86,86,86,89,89,89,89,92,92,92,95,98,98,98,35,38,38,38,38,38,50,63,66,104,104],"gold":70,"neow_bonus":"","is_daily":false,"chose_seed":false,"campfire_upgraded":5,"win_rate":0.0,"timestamp":1609946411,"path_taken":["M","M","$","M","?","R","E","R","T","?","?","E","$","M","R","BOSS","M","M","?","?","?","R","E","?","T","M","M","E","$","E","R","BOSS","M","M","M","?","?","E","$","R","T","?","R","M","M","E","R","BOSS"],"items_purchased_type":["Relic","Relic","Relic","Card","Card","Card","Card","Relic","Card","Relic","Potion","Card","Card","Relic","Relic","Card"],"build_version":"2020-12-22","purchased_purges":4,"victory":true,"max_hp_per_floor":[72,72,72,72,72,72,72,72,72,72,72,86,86,86,86,86,86,86,86,86,86,86,86,86,86,86,86,86,89,89,89,89,92,92,92,95,98,98,98,101,101,101,101,101,101,101,104,104,104,104],"card_choices":[{"not_picked":["ThirdEye","Evaluate"],"picked":"PathToVictory","floor":0.0},{"not_picked":["SpiritShield","Prostrate"],"picked":"DeusExMachina","floor":0.0},{"not_picked":["FlyingSleeves","ReachHeaven"],"picked":"SpiritShield","floor":0.0},{"not_picked":["SashWhip","Establishment"],"picked":"Protect","floor":0.0},{"not_picked":["Fasting2","FollowUp","Replay:DivineShield"],"picked":"SKIP","floor":1.0},{"not_picked":["FearNoEvil","Protect","Consecrate"],"picked":"SKIP","floor":2.0},{"not_picked":["Evaluate","ClearTheMind"],"picked":"Study","floor":4.0},{"not_picked":["Replay:ManipulateFuture","ThirdEye"],"picked":"Wireheading","floor":7.0},{"not_picked":["SashWhip","Protect","Perseverance"],"picked":"SKIP","floor":12.0},{"not_picked":["MentalFortress","Prostrate"],"picked":"Nirvana","floor":14.0},{"not_picked":["MasterReality","Establishment"],"picked":"LessonLearned","floor":16.0},{"not_picked":["CurseOfTheBell","Looming Evil"],"picked":"Injury","floor":17.0},{"not_picked":["Parasite","Normality"],"picked":"ReplayTheSpireMod:Doomed","floor":17.0},{"not_picked":["ReplayTheSpireMod:Restless Dread","Regret"],"picked":"Voices","floor":17.0},{"not_picked":["JustLucky+1","ForeignInfluence"],"picked":"PathToVictory","floor":18.0},{"not_picked":["Evaluate","SignatureMove","FlurryOfBlows"],"picked":"SKIP","floor":19.0},{"not_picked":["Indignation","EmptyMind+1","Protect"],"picked":"SKIP","floor":24.0},{"not_picked":["EmptyFist","Sanctity","BowlingBash"],"picked":"SKIP","floor":27.0},{"not_picked":["BowlingBash","EmptyFist","MasterReality"],"picked":"SKIP","floor":28.0},{"not_picked":["Swivel","FlyingSleeves"],"picked":"CutThroughFate+1","floor":29.0},{"not_picked":["SignatureMove","Crescendo","Replay:BluntJabs"],"picked":"SKIP","floor":31.0},{"not_picked":["Ragnarok","DevaForm"],"picked":"DeusExMachina","floor":33.0},{"not_picked":["FlurryOfBlows","Prostrate","InnerPeace"],"picked":"SKIP","floor":35.0},{"not_picked":["ThirdEye","Replay:ManipulateFuture"],"picked":"PathToVictory","floor":36.0},{"not_picked":["EmptyFist","Protect","Replay:Battleflow"],"picked":"SKIP","floor":37.0},{"not_picked":["ThirdEye","Judgement"],"picked":"DevaForm","floor":40.0},{"not_picked":["MentalFortress","Conclude+1","Swivel"],"picked":"SKIP","floor":46.0},{"not_picked":["JustLucky","ThirdEye"],"picked":"Nirvana","floor":47.0},{"not_picked":["DeceiveReality","BowlingBash","EmptyFist"],"picked":"SKIP","floor":48}],"player_experience":411287,"relics_obtained":[{"floor":7.0,"key":"Vajra"},{"floor":9.0,"key":"Replay:Rubber Ducky"},{"floor":12.0,"key":"Mango"},{"floor":24.0,"key":"Boot"},{"floor":26.0,"key":"Replay:Ringing Soul"},{"floor":29.0,"key":"Girya"},{"floor":31.0,"key":"Matryoshka"},{"floor":38.0,"key":"Regal Pillow"},{"floor":38.0,"key":"ReplayTheSpireMod:TigerMarble"},{"floor":40.0,"key":"Bottled Tornado"},{"floor":43.0,"key":"War Paint"},{"floor":43.0,"key":"Replay:Bottled Snecko"},{"floor":48,"key":"Calipers"}],"event_choices":[{"damage_healed":0.0,"max_hp_gain":0.0,"max_hp_loss":0.0,"gold_gain":0.0,"event_name":"Living Wall","player_choice":"Grow","floor":5.0,"gold_loss":0.0,"damage_taken":0.0,"cards_upgraded":["ReplayTheSpireMod:Brewmster"]},{"damage_healed":0.0,"max_hp_gain":0.0,"max_hp_loss":0.0,"gold_gain":0.0,"event_name":"Accursed Blacksmith","player_choice":"Rummage","floor":11.0,"gold_loss":0.0,"damage_taken":0.0,"relics_obtained":["WarpedTongs"],"cards_obtained":["Pain"]},{"damage_healed":0.0,"max_hp_gain":0.0,"max_hp_loss":0.0,"gold_gain":0.0,"event_name":"Back to Basics","player_choice":"Simplicity","floor":21.0,"gold_loss":0.0,"damage_taken":0.0,"cards_upgraded":["Strike_P","Strike_P","Strike_P","Strike_P","Defend_P","Defend_P","Defend_P"]},{"damage_healed":0.0,"max_hp_gain":0.0,"max_hp_loss":0.0,"gold_gain":0.0,"event_name":"Upgrade Shrine","player_choice":"Upgraded","floor":22.0,"gold_loss":0.0,"damage_taken":0.0,"cards_upgraded":["PathToVictory"]},{"cards_removed":["Injury"],"damage_healed":0.0,"max_hp_gain":0.0,"max_hp_loss":0.0,"gold_gain":0.0,"event_name":"Designer","player_choice":"Upgrade and Remove","floor":25.0,"gold_loss":90.0,"damage_taken":0.0,"cards_upgraded":["Weave"]},{"damage_healed":0.0,"max_hp_gain":0.0,"max_hp_loss":0.0,"gold_gain":0.0,"event_name":"The Woman in Blue","player_choice":"Bought 0 Potions","floor":39.0,"gold_loss":0.0,"damage_taken":0.0},{"damage_healed":0.0,"max_hp_gain":0.0,"max_hp_loss":0.0,"gold_gain":0.0,"event_name":"Match and Keep!","player_choice":"0 cards matched","floor":44.0,"gold_loss":0.0,"damage_taken":0.0,"cards_obtained":[]}],"is_beta":false,"boss_relics":[{"not_picked":["Empty Cage","Ectoplasm"],"picked":"Replay:Ancient Bell"},{"not_picked":["CeramicFish","Blue Doll"],"picked":"Juzu Bracelet"},{"not_picked":["Replay:Accelerometer","Snack Pack"],"picked":"Mummified Hand"},{"not_picked":["Prayer Wheel","Pondfish Scales"],"picked":"Peace Pipe"},{"not_picked":["VioletLotus","Pandora\u0027s Box"],"picked":"Ring of Chaos"}],"items_purged_floors":[3,13,20,41],"is_endless":false,"potions_floor_spawned":[1,2,4,18,24,27,40,46,47,48],"ascension_level":13}}