{"host":"94qggqh0xz0sp6ai","time":1609906157,"event":{"mods":["Abigail Mod","Act Like it!","BaseMod","CapriCore","Downfall","Friendly Minions","Gensokyo","Hermit","Jorbs\u0027s Wanderer Trilogy","Koishi","Marisa（霧雨　魔理沙）","Minty Spire (QoL Compilation)","Permanent Neow","Reimu（博??梦）","StSLib","The Alterego","The Construct","The Cursed","The Hierophant","The Immortal","The Marked","The Servant 0.9.4","TheBandit","Waifu the Spire"],"gold_per_floor":[115,127,202,48,48,48,232,255,255,293,293,315,347,354,354],"floor_reached":14,"playtime":385,"items_purged":[],"score":114,"play_id":"5ec37852-9c3c-49c5-a24f-6d800a91a0e2","local_time":"20210105220917","is_ascension_mode":true,"campfire_choices":[{"data":"hermit:Virtue","floor":6,"key":"SMITH"},{"data":"hermit:FlashPowder","floor":11,"key":"SMITH"}],"circlet_count":0,"master_deck":["hermit:Strike_Hermit","hermit:Strike_Hermit","hermit:Strike_Hermit","hermit:Defend_Hermit","hermit:Defend_Hermit","hermit:Defend_Hermit","hermit:Defend_Hermit","hermit:Snapshot","hermit:Covet","hermit:FlashPowder+1","hermit:Determination","hermit:GhostlyPresence","hermit:Quickdraw","hermit:Desperado","hermit:Virtue+1","hermit:Desperado","Doubt","hermit:Vantage+1","hermit:Scavenge+1","hermit:Scavenge+1"],"relics":["hermit:Momento","Orrery","CeramicFish","Toy Ornithopter","Boot","Toxic Egg 2"],"acts_visited":["Exordium"],"potions_floor_usage":[],"damage_taken":[{"damage":0,"enemies":"Jaw Worm","floor":1,"turns":4},{"damage":0,"enemies":"2 Louse","floor":2,"turns":3},{"damage":31,"enemies":"3 Sentries","floor":10,"turns":7},{"damage":0,"enemies":"Cultist","floor":12,"turns":3},{"damage":2,"enemies":"Large Slime","floor":13,"turns":7},{"damage":31,"enemies":"Gremlin Nob","floor":14,"turns":4}],"seed_played":"-4431528187136471994","potions_obtained":[{"floor":10,"key":"Energy Potion"}],"is_trial":false,"path_per_floor":["M","M","?","$","?","R","?","T","T","E","R","M","M","E"],"character_chosen":"HERMIT","items_purchased":["Orrery"],"campfire_rested":0,"item_purchase_floors":[4],"current_hp_per_floor":[68,68,57,57,54,54,54,54,54,23,23,23,21,0,0],"gold":354,"neow_bonus":"TRANSFORM_CARD","is_daily":false,"chose_seed":false,"campfire_upgraded":2,"win_rate":0.0,"timestamp":1609906157,"path_taken":["M","M","?","$","?","R","?","?","T","E","R","M","?","E"],"items_purchased_type":["Relic"],"build_version":"2020-12-22","purchased_purges":0,"victory":false,"max_hp_per_floor":[75,75,75,75,75,75,75,75,75,75,75,75,75,75,75],"card_choices":[{"not_picked":["hermit:TrackingShot","hermit:CalledShot"],"picked":"hermit:Determination","floor":1},{"not_picked":["hermit:ShadowCloak","hermit:Grudge"],"picked":"hermit:GhostlyPresence","floor":2},{"not_picked":["hermit:Manifest","hermit:HoleUp"],"picked":"hermit:Quickdraw","floor":4},{"not_picked":["hermit:Roulette","hermit:Vantage"],"picked":"hermit:Desperado","floor":4},{"not_picked":["hermit:Malice","hermit:Misfire"],"picked":"hermit:Virtue","floor":4},{"not_picked":["hermit:Shortfuse","hermit:WideOpen"],"picked":"hermit:Desperado","floor":4},{"not_picked":["hermit:EternalForm","hermit:Cheat+1"],"picked":"hermit:Vantage+1","floor":10},{"not_picked":["hermit:HoleUp+1","hermit:Shortfuse"],"picked":"hermit:Scavenge+1","floor":12},{"not_picked":["hermit:Coalescence+1","hermit:Roulette"],"picked":"hermit:Scavenge+1","floor":13}],"player_experience":1350512,"relics_obtained":[{"floor":8,"key":"Toy Ornithopter"},{"floor":9,"key":"Boot"},{"floor":10,"key":"Toxic Egg 2"}],"event_choices":[{"damage_healed":0,"gold_gain":75,"player_choice":"Gather Gold","damage_taken":11,"max_hp_gain":0,"max_hp_loss":0,"event_name":"World of Goop","floor":3,"gold_loss":0},{"damage_healed":0,"gold_gain":0,"player_choice":"Success","damage_taken":3,"relics_obtained":["CeramicFish"],"max_hp_gain":0,"max_hp_loss":0,"event_name":"Scrap Ooze","floor":5,"gold_loss":0},{"damage_healed":0,"gold_gain":175,"player_choice":"AGREE","damage_taken":0,"max_hp_gain":0,"max_hp_loss":0,"event_name":"Liars Game","floor":7,"gold_loss":0,"cards_obtained":["Doubt"]}],"is_beta":false,"boss_relics":[],"items_purged_floors":[],"is_endless":false,"potions_floor_spawned":[10],"killed_by":"Gremlin Nob","ascension_level":6}}