{"host":"nctfeibkksnaecz5","time":1609957945,"event":{"mods":["2.2 Compatiblity","ATMod(阿瑾Mod)","Act Like it!","Arknights The Spire","BaseMod","CapriCore","Colored Powertips","Decade(王小明)","DeckTracker","Dio Mod","Dota2Spire","Friendly Minions","Gensokyo","HexUI Lib","HololiveMod","Koishi","LagranYue(拉格朗・月)","Lobotomy","Luminous","Minty Spire (QoL Compilation)","Prisma Mod","Reimu（博丽灵梦）","Remilia（蕾米莉亚）","Replay The Spire","Small Relic Pack","StSLib","TestMod","The Administrix","The Immortal","The Wild Card","TheSwordswoman","TheWitcher","Waifu the Spire","WarShipGirlsR/战舰少女R mod","Yakumo Yukari mod","【遗物卡牌】REMEMod"],"gold_per_floor":[112,187,204,218,96,96,127,145,145,180,180,312,312,537,537,637,637,651,259,271,271,271,271,0,134,134,9,28,28,162,275,275,477,477,491,81,96,108,108,243,243,243,243],"floor_reached":42,"playtime":1830,"items_purged":["ats:Strike G","Amnesia","Writhe","ats:Strike V"],"score":581,"play_id":"13cb3120-dfd5-4a0e-acc8-75bf25044f90","local_time":"20210107023225","is_ascension_mode":true,"campfire_choices":[{"data":"AT_ShrugMaster","floor":6,"key":"SMITH"},{"data":"AdministrixMod:AmassedMasks","floor":15,"key":"SMITH"},{"data":"ats:Burning Ground","floor":23,"key":"SMITH"},{"data":"LagranYue:AttackSummerCard","floor":29,"key":"SMITH"},{"data":"ats:Composite Medical Shells","floor":32,"key":"SMITH"},{"data":"DistantPastFriend_purple","floor":41,"key":"SMITH"}],"circlet_count":0,"master_deck":["ats:Strike C+1","ats:Strike S","ats:Armor Crushing Shot","ats:Defend","ats:Defend","ats:Defend","ats:Defend","ats:Emotion Absorption+1","AT_ShrugMaster+1","AdministrixMod:AmassedMasks+1","ats:Mental Burst","ats:Burning Ground+1","ats:Ignite+1","ats:Apocalypse","ats:Sunburst","LagranYue:AttackSummerCard+1","ats:Composite Medical Shells+1","ats:Calcification","DistantPastFriend_purple+1"],"relics":["ats:Sanity","testmod-TestBox","AT_ATBox","REME_ComplimentaryCards","testmod-FatalChain","ats:Originium","Whetstone","Matryoshka","AT_TheCollector","Mirror","testmod-HeartOfDaVinci","Boot","Dream Catcher","testmod-TimeTraveler","Dota2Spire:DrumOfEndurance","ats:Cure","Counterbalance","relicPack:AllForOne","LagranYue:ArmsProficiencyRelics","AT_GuinsooRageblade","Replay:Mystery Machine","REME_DuelDisc","testmod-Justice","Replay:Wax Seal","Memoryfragments_purpleEX"],"acts_visited":["Exordium","TheCity","TheBeyond"],"potions_floor_usage":[7,10,12,16],"damage_taken":[{"damage":3,"enemies":"Small Slimes","floor":1,"turns":3},{"damage":11,"enemies":"Jaw Worm","floor":3,"turns":3},{"damage":7,"enemies":"2 Louse","floor":4,"turns":2},{"damage":40,"enemies":"Gremlin Nob","floor":7,"turns":4},{"damage":5,"enemies":"Looter","floor":8,"turns":4},{"damage":4,"enemies":"3 Sentries","floor":10,"turns":5},{"damage":4,"enemies":"Replay:BlueRogue","floor":12,"turns":4},{"damage":23,"enemies":"Fading Forest","floor":16,"turns":11},{"damage":7,"enemies":"3 Byrds","floor":18,"turns":3},{"damage":17,"enemies":"2 Thieves","floor":20,"turns":3},{"damage":36,"enemies":"Slavers","floor":25,"turns":3},{"damage":0,"enemies":"Snecko","floor":28,"turns":3},{"damage":17,"enemies":"Book of Stabbing","floor":30,"turns":5},{"damage":0,"enemies":"Sentry and Sphere","floor":31,"turns":3},{"damage":14,"enemies":"Champ","floor":33,"turns":6},{"damage":0,"enemies":"3 Shapes","floor":35,"turns":3},{"damage":9,"enemies":"3 Darklings","floor":37,"turns":3},{"damage":24,"enemies":"Sphere and 2 Shapes","floor":38,"turns":4},{"damage":22,"enemies":"Nemesis","floor":40,"turns":4},{"damage":55,"enemies":"Reptomancer","floor":42,"turns":2}],"seed_played":"-5569125685191520754","potions_obtained":[{"floor":1,"key":"FearPotion"},{"floor":8,"key":"CultistPotion"},{"floor":10,"key":"Dota2Spire:Clarity"},{"floor":14,"key":"Dota2Spire:Clarity"},{"floor":16,"key":"ats:Emergency Sanity Potion"},{"floor":20,"key":"Fire Potion"},{"floor":25,"key":"ats:Top Emergency Sanity Potion"},{"floor":33,"key":"PowerPotion"},{"floor":40,"key":"Venom Potion"}],"is_trial":false,"path_per_floor":["M","?","M","M","$","R","E","M","T","E","T","E","?","?","R","B",null,"M","$","M","?","?","R","?","E","T","$","M","R","E","M","R","B",null,"M","$","M","M","?","E","R","E"],"character_chosen":"DOCTOR_CLASS","items_purchased":["ats:Ignite","Dota2Spire:DrumOfEndurance","ats:Cure","testmod-Justice"],"campfire_rested":0,"item_purchase_floors":[5,19,19,36],"current_hp_per_floor":[69,58,62,55,55,55,15,10,10,6,6,2,72,44,44,47,72,71,71,63,63,63,63,63,31,31,31,39,39,30,36,36,30,72,72,72,68,49,49,32,32,0,0],"gold":243,"neow_bonus":"UPGRADE_CARD","is_daily":false,"chose_seed":false,"campfire_upgraded":6,"win_rate":0.0,"timestamp":1609957945,"path_taken":["M","?","M","M","$","R","E","M","T","E","?","E","?","?","R","BOSS","M","$","M","?","?","R","?","E","T","?","M","R","E","?","R","BOSS","M","$","M","M","?","E","R","E"],"items_purchased_type":["Card","Relic","Relic","Relic"],"build_version":"2020-12-22","purchased_purges":4,"victory":false,"max_hp_per_floor":[72,72,72,72,72,72,72,72,72,72,72,72,72,72,72,72,72,72,72,72,72,72,72,72,72,72,72,72,72,72,72,72,72,72,72,72,72,72,72,72,72,72,72],"card_choices":[{"not_picked":["ats:Childhood Dance","ats:Counter Healing Mode"],"picked":"ats:Mental Burst","floor":1},{"not_picked":["ats:Support Order","ats:Shell Defense"],"picked":"ats:Burning Ground","floor":3},{"not_picked":["ats:Assault Order","ats:Hook Shot","ats:Shell Defense"],"picked":"SKIP","floor":4},{"not_picked":["ats:Curse Doll","ats:Sword Rain","ats:Consecutive Shot Auto"],"picked":"SKIP","floor":7},{"not_picked":["ats:Flexible Camouflage","ats:Cat Scratch","ats:Ambush"],"picked":"SKIP","floor":8},{"not_picked":["ats:Ignite","ats:Composite Medical Shells","ats:Flexible Camouflage"],"picked":"SKIP","floor":10},{"not_picked":["ats:Flexible Camouflage","ats:Curse Doll","ats:Durian"],"picked":"SKIP","floor":12},{"not_picked":["ats:Rapid Magazine","ats:Directed Diagnosis"],"picked":"ats:Apocalypse","floor":14},{"not_picked":["ats:Powerful Strike+1","ats:Beaten Up"],"picked":"ats:Sunburst","floor":18},{"not_picked":["ats:Counter Healing Mode+1","ats:Leaping Hammer","ats:Flexible Camouflage"],"picked":"SKIP","floor":20},{"not_picked":["ats:Flexible Camouflage+1","ats:True Silver Slash","ats:Roar Of Ursus"],"picked":"SKIP","floor":25},{"not_picked":["ats:Consecutive Shot Auto","ats:Counter Healing Mode","ats:Ignite"],"picked":"SKIP","floor":28},{"not_picked":["ats:Very Hot Blade+1","ats:LN2 Cannon"],"picked":"ats:Composite Medical Shells","floor":30},{"not_picked":["ats:Charging Defense","ats:Shell Defense","ats:Automatic Cover+1"],"picked":"SKIP","floor":31},{"not_picked":["ats:Disruption Kick","ats:Roar Of Ursus"],"picked":"ats:Calcification","floor":33},{"not_picked":["ats:Curse Doll+1","ats:Revitalization+1","ats:Red Shift+1"],"picked":"SKIP","floor":35},{"not_picked":["ats:Hook Shot+1","ats:Poison Spread+1","ats:Childhood Dance"],"picked":"SKIP","floor":37},{"not_picked":["ats:Song Of Battle+1","ats:Powerful Strike","ats:Closed Bolt Burst Fire"],"picked":"SKIP","floor":38},{"not_picked":["ats:Shell Defense","ats:Curse Doll","ats:Flexible Camouflage"],"picked":"SKIP","floor":40}],"player_experience":288452,"relics_obtained":[{"floor":7,"key":"ats:Originium"},{"floor":7,"key":"Whetstone"},{"floor":9,"key":"Matryoshka"},{"floor":10,"key":"ats:Originium"},{"floor":10,"key":"AT_TheCollector"},{"floor":11,"key":"Mirror"},{"floor":11,"key":"testmod-HeartOfDaVinci"},{"floor":12,"key":"ats:Originium"},{"floor":12,"key":"Boot"},{"floor":14,"key":"Dream Catcher"},{"floor":25,"key":"LagranYue:ArmsProficiencyRelics"},{"floor":26,"key":"AT_GuinsooRageblade"},{"floor":30,"key":"Replay:Mystery Machine"},{"floor":40,"key":"Memoryfragments_purpleEX"}],"event_choices":[{"damage_healed":0,"gold_gain":75,"player_choice":"Gather Gold","damage_taken":11,"max_hp_gain":0,"max_hp_loss":0,"event_name":"World of Goop","floor":2,"gold_loss":0},{"damage_healed":0,"gold_gain":0,"player_choice":"Opened","damage_taken":0,"relics_obtained":["Counterbalance"],"max_hp_gain":0,"max_hp_loss":0,"event_name":"The Mausoleum","floor":21,"gold_loss":0,"cards_obtained":["Writhe"]},{"damage_healed":0,"gold_gain":0,"player_choice":"Paid Fearfully","damage_taken":0,"max_hp_gain":0,"max_hp_loss":0,"event_name":"Masked Bandits","floor":24,"gold_loss":271},{"damage_healed":0,"gold_gain":0,"player_choice":"Gave Potion","damage_taken":0,"relics_obtained":["Replay:Wax Seal"],"max_hp_gain":0,"max_hp_loss":0,"event_name":"WeMeetAgain","floor":39,"gold_loss":0}],"is_beta":false,"boss_relics":[{"not_picked":["Koishi:ColorfulDays","blazmod:Vyxaba"],"picked":"testmod-TimeTraveler"},{"not_picked":["Ring of Chaos","AdministrixMod:BloodSoakedVeil"],"picked":"REME_DuelDisc"}],"items_purged_floors":[5,19,27,36],"is_endless":false,"potions_floor_spawned":[1,8,10,16,20,25,33,37,40],"killed_by":"Reptomancer","ascension_level":1}}