{"host":"fhwr1fuluf6086fh","time":1609948012,"event":{"mods":["2.2 Compatiblity","Act Like it!","BaseMod","Elementarium","Hermit","Minty Spire (QoL Compilation)","Robot Space Explorer","StSLib","The Blue Laboratory","The Caster","The Dragon Tamer","The Factory","The Hierophant","TheLocksmith"],"gold_per_floor":[112,127,137,150,163,163,195,49,100,100,132,132,149,149,149,227,227,240,71,71,71,83,83,114,114,185,185,185],"floor_reached":27,"playtime":2444,"items_purged":["Strike_R"],"score":447,"play_id":"394f3638-25ee-406c-91bd-63c5e5fd63cc","local_time":"20210106104652","is_ascension_mode":true,"campfire_choices":[{"data":"Armaments","floor":6,"key":"SMITH"},{"data":"Metallicize","floor":10,"key":"SMITH"},{"data":"Armaments","floor":12,"key":"SMITH"},{"data":"Burning Pact","floor":15,"key":"SMITH"},{"data":"Seeing Red","floor":23,"key":"SMITH"},{"floor":25,"key":"REST"}],"circlet_count":0,"master_deck":["AscendersBane","Defend_R","Defend_R","Defend_R","Defend_R","Bash","Good Instincts","Pommel Strike","Anger","Heavy Blade","Shrug It Off","Armaments+1","Metallicize+1","Armaments+1","Burning Pact+1","Demon Form","Headbutt","Seeing Red+1","Iron Wave","J.A.X.","Bite","Bite","Bite","Bite","Bite+1","Iron Wave+1","Ghostly Armor"],"relics":["Black Blood","InkBottle","Oddly Smooth Stone","Boot","Letter Opener","Nunchaku","Whetstone","Toxic Egg 2"],"acts_visited":["Exordium","TheCity"],"potions_floor_usage":[7,7,22,24],"damage_taken":[{"damage":0,"enemies":"Cultist","floor":1,"turns":3},{"damage":3,"enemies":"2 Louse","floor":2,"turns":3},{"damage":2,"enemies":"Small Slimes","floor":3,"turns":4},{"damage":0,"enemies":"2 Fungi Beasts","floor":4,"turns":3},{"damage":0,"enemies":"3 Louse","floor":5,"turns":4},{"damage":5,"enemies":"Gremlin Nob","floor":7,"turns":3},{"damage":1,"enemies":"Lagavulin","floor":11,"turns":7},{"damage":0,"enemies":"Blue Slaver","floor":13,"turns":5},{"damage":41,"enemies":"Hexaghost","floor":16,"turns":13},{"damage":9,"enemies":"Spheric Guardian","floor":18,"turns":6},{"damage":11,"enemies":"3 Byrds","floor":22,"turns":6},{"damage":57,"enemies":"Book of Stabbing","floor":24,"turns":7},{"damage":50,"enemies":"Gremlin Leader","floor":27,"turns":4}],"seed_played":"-1238448856868637152","potions_obtained":[{"floor":1,"key":"Strength Potion"},{"floor":2,"key":"blueLaboratory:PyrophylliteBrew"},{"floor":3,"key":"Explosive Potion"},{"floor":16,"key":"blueLaboratory:BottledHope"},{"floor":18,"key":"Swift Potion"},{"floor":24,"key":"Strength Potion"}],"is_trial":false,"path_per_floor":["M","M","M","M","M","R","E","$","T","R","E","R","M","T","R","B",null,"M","$","?","?","M","R","E","R","T","E"],"character_chosen":"IRONCLAD","items_purchased":["Oddly Smooth Stone","Seeing Red","Iron Wave"],"campfire_rested":1,"item_purchase_floors":[8,19,19],"current_hp_per_floor":[74,75,75,75,75,75,75,75,75,75,75,75,75,75,75,40,66,69,69,69,52,52,52,17,32,32,0,0],"gold":185,"neow_bonus":"RANDOM_COLORLESS","is_daily":false,"chose_seed":false,"campfire_upgraded":5,"win_rate":0.0,"timestamp":1609948012,"path_taken":["M","?","M","M","M","R","E","$","T","R","E","R","M","?","R","BOSS","M","$","?","?","M","R","E","R","T","E"],"items_purchased_type":["Relic","Card","Card"],"build_version":"2020-12-22","purchased_purges":1,"victory":false,"max_hp_per_floor":[75,75,75,75,75,75,75,75,75,75,75,75,75,75,75,75,75,75,75,75,52,52,52,52,52,52,52,52],"card_choices":[{"not_picked":["Blind","Jack Of All Trades"],"picked":"Good Instincts","floor":0},{"not_picked":["Havoc","Power Through"],"picked":"Pommel Strike","floor":1},{"not_picked":["Pommel Strike","Flex"],"picked":"Anger","floor":2},{"not_picked":["Sever Soul","Warcry"],"picked":"Heavy Blade","floor":3},{"not_picked":["Uppercut","Clothesline"],"picked":"Shrug It Off","floor":4},{"not_picked":["True Grit","Feed"],"picked":"Armaments","floor":5},{"not_picked":["Warcry","Heavy Blade"],"picked":"Metallicize","floor":7},{"not_picked":["Sword Boomerang","Clash"],"picked":"Armaments","floor":11},{"not_picked":["Perfected Strike","Reckless Charge"],"picked":"Burning Pact","floor":13},{"not_picked":["Corruption","Offering"],"picked":"Demon Form","floor":16},{"not_picked":["Anger","Perfected Strike"],"picked":"Headbutt","floor":18},{"not_picked":["Feel No Pain","Havoc"],"picked":"Iron Wave","floor":22},{"not_picked":["Body Slam","True Grit"],"picked":"Ghostly Armor","floor":24}],"player_experience":1108443,"relics_obtained":[{"floor":7,"key":"InkBottle"},{"floor":9,"key":"Boot"},{"floor":11,"key":"Letter Opener"},{"floor":14,"key":"Nunchaku"},{"floor":24,"key":"Whetstone"},{"floor":26,"key":"Toxic Egg 2"}],"event_choices":[{"damage_healed":0,"gold_gain":0,"player_choice":"Obtain J.A.X.","damage_taken":0,"max_hp_gain":0,"max_hp_loss":0,"event_name":"Drug Dealer","floor":20,"gold_loss":0,"cards_obtained":["J.A.X."]},{"damage_healed":0,"gold_gain":0,"player_choice":"Became a vampire","damage_taken":0,"max_hp_gain":0,"max_hp_loss":23,"event_name":"Vampires","floor":21,"gold_loss":0,"cards_obtained":["Bite","Bite","Bite","Bite","Bite"]}],"is_beta":false,"boss_relics":[{"not_picked":["Busted Crown","Velvet Choker"],"picked":"Black Blood"}],"items_purged_floors":[19],"is_endless":false,"potions_floor_spawned":[1,2,3,16,18,24],"killed_by":"Gremlin Leader","ascension_level":15}}