{"host":"Ceyx","time":1609964108,"event":{"mods":["BaseMod","Beaked The Cultist","Better Third Choice","BetterRewards","Conspire","Downfall","Hermit","Hubris","Infinite Spire","Lobotomy","Minty Spire (QoL Compilation)","Replay The Spire","Shop Mod","StSLib","The Jungle","The Poker Player"],"gold_per_floor":[117,392,409,409,409,409,426,450,450,450,450,494,494,513,472,21,30,165,165,221,221,272,272,291,291,291,51,51,69,136,153,277,277,277,352,352,387,406,406,426,426,426,426,425,425],"floor_reached":44,"playtime":4070,"items_purged":["hermit:Showdown"],"score":476,"play_id":"b608920e-0ce2-45ab-9818-9a30964be503","local_time":"20210107031508","is_ascension_mode":false,"campfire_choices":[{"data":"hermit:Manifest","floor":6.0,"key":"SMITH"},{"data":"hermit:TakeCover","floor":13.0,"key":"SMITH"},{"floor":26,"key":"REST"},{"floor":34,"key":"REST"}],"circlet_count":0,"master_deck":["hermit:Strike_Hermit","hermit:Strike_Hermit","hermit:Strike_Hermit","hermit:Defend_Hermit","hermit:Defend_Hermit","hermit:Defend_Hermit","hermit:Snapshot","hermit:Covet","hermit:Gambit","hermit:Manifest+1","Regret","hermit:Spite","hermit:TakeCover+1","hermit:FinalCanter","hermit:Spite","conspire:SpireCoStock+1","hermit:Glare+1","hermit:FinalCanter","hermit:EyeOfTheStorm+1","hermit:Deadeye+1","hermit:GhostlyPresence+1","hermit:HoleUp+1","hermit:LowProfile+1","hermit:Ricochet","hermit:RoundhouseKick","hermit:Cheat+1","hermit:WideOpen+1"],"relics":["hermit:Momento","CeramicFish","Toy Ornithopter","Toxic Egg 2","Bag of Preparation","Bronze Scales","Frozen Eye","hubris:Backtick","Dead Branch","betterThird:NestCultRelic","Replay:Baseball","hubris:Icosahedron","conspire:TopHat","Meat on the Bone","conspire:BottledYoYo","Lantern","Replay:Fungal Core","Chemical X"],"acts_visited":["Exordium","TheCity","TheBeyond"],"potions_floor_usage":[35,40,44,44],"damage_taken":[{"damage":12.0,"enemies":"Small Slimes","floor":1.0,"turns":4.0},{"damage":8.0,"enemies":"infinitespire:Voidling","floor":3.0,"turns":4.0},{"damage":0.0,"enemies":"Jaw Worm","floor":7.0,"turns":4.0},{"damage":23.0,"enemies":"3 Sentries","floor":12.0,"turns":10.0},{"damage":0.0,"enemies":"conspire:2 RoseBushes","floor":14.0,"turns":4.0},{"damage":25.0,"enemies":"Fading Forest","floor":18.0,"turns":11.0},{"damage":17.0,"enemies":"Spheric Guardian","floor":20.0,"turns":4.0},{"damage":0.0,"enemies":"3 Byrds","floor":22.0,"turns":3.0},{"damage":9.0,"enemies":"Snake Plant","floor":24.0,"turns":4.0},{"damage":25,"enemies":"Snecko","floor":29,"turns":5},{"damage":5,"enemies":"Slavers","floor":30,"turns":3},{"damage":16,"enemies":"Cultist and Chosen","floor":31,"turns":4},{"damage":0,"enemies":"Snake Plant","floor":32,"turns":3},{"damage":2,"enemies":"Automaton","floor":35,"turns":6},{"damage":2,"enemies":"3 Shapes","floor":37,"turns":2},{"damage":1,"enemies":"Orb Walker","floor":38,"turns":4},{"damage":25,"enemies":"Jaw Worm Horde","floor":40,"turns":4},{"damage":60,"enemies":"Nightmare","floor":44,"turns":7}],"seed_played":"-6397784496499192352","potions_obtained":[{"floor":5.0,"key":"AttackPotion"},{"floor":5.0,"key":"Swift Potion"},{"floor":5.0,"key":"hermit:Tonic"},{"floor":12.0,"key":"Block Potion"},{"floor":14.0,"key":"GamblersBrew"},{"floor":24.0,"key":"SpeedPotion"},{"floor":29,"key":"FearPotion"},{"floor":30,"key":"Dexterity Potion"},{"floor":37,"key":"champ:CounterPotion"},{"floor":40,"key":"Block Potion"}],"is_trial":false,"path_per_floor":["M","?","M","?","?","R","M","T","PTL","PTL","T","E","R","M","?","$","R","B",null,"M","?","M","AVR","M","?","R","$","T","M","E","M","M","?","R","B",null,"M","M","?","M","AVR","PTL","PTL","NM"],"character_chosen":"HERMIT","items_purchased":["Bag of Preparation","Bronze Scales","Frozen Eye","conspire:TopHat","hermit:GhostlyPresence+1","hermit:HoleUp+1"],"campfire_rested":2,"item_purchase_floors":[16,16,16,27,27,27],"current_hp_per_floor":[63,63,55,55,55,55,55,55,55,55,55,37,37,47,47,47,47,32,75,58,58,58,58,49,49,71,71,71,46,41,37,49,49,71,74,75,73,72,72,50,50,50,50,0,0],"gold":425,"neow_bonus":"TRANSFORM_CARD","is_daily":false,"chose_seed":false,"campfire_upgraded":2,"win_rate":0.0,"timestamp":1609964108,"path_taken":["M","?","?","?","?","R","?","?","PTL","PTL","T","E","R","M","?","?","R","BOSS","M","?","M","AVR","M","?","R","$","T","M","E","M","M","?","R","BOSS","M","M","?","M","AVR","PTL","PTL","NM"],"items_purchased_type":["Relic","Relic","Relic","Relic","Card","Card"],"build_version":"2020-12-18","purchased_purges":1,"victory":false,"max_hp_per_floor":[75,75,75,75,75,75,75,75,75,75,75,75,75,75,75,75,75,75,75,75,75,75,75,75,75,75,75,75,75,75,75,75,75,75,75,75,75,75,75,75,75,75,75,75,75],"card_choices":[{"not_picked":["hermit:Maintenance","hermit:TrackingShot"],"picked":"hermit:Manifest","floor":1.0},{"not_picked":["hermit:FlashPowder","hermit:Brawl"],"picked":"hermit:Spite","floor":3.0},{"not_picked":["hermit:BodyArmor","hermit:Dive"],"picked":"hermit:TakeCover","floor":7.0},{"not_picked":["hermit:Ricochet","hermit:NoHoldsBarred"],"picked":"hermit:FinalCanter","floor":12.0},{"not_picked":["hermit:SprayPray","hermit:Scavenge+1"],"picked":"hermit:Spite","floor":14.0},{"not_picked":["hermit:Purgatory","hermit:OverwhelmingPower"],"picked":"hermit:FinalCanter","floor":18.0},{"not_picked":["hermit:Horror+1","hermit:Dive+1"],"picked":"hermit:EyeOfTheStorm+1","floor":20.0},{"not_picked":["hermit:CalledShot","hermit:GoldenBullet"],"picked":"hermit:Showdown","floor":22.0},{"not_picked":["hermit:Ricochet","hermit:WideOpen"],"picked":"hermit:Deadeye+1","floor":24.0},{"not_picked":["hermit:Roughhouse","hermit:TrackingShot","hermit:SprayPray"],"picked":"SKIP","floor":29},{"not_picked":["hermit:Adapt","hermit:Misfire"],"picked":"hermit:LowProfile+1","floor":30},{"not_picked":["hermit:BodyArmor+1","hermit:Spite","hermit:Combo"],"picked":"SKIP","floor":31},{"not_picked":["hermit:Maintenance+1","hermit:Deadeye"],"picked":"hermit:Ricochet","floor":32},{"not_picked":["hermit:Roughhouse","hermit:FatalDesire"],"picked":"hermit:RoundhouseKick","floor":35},{"not_picked":["hermit:Roulette+1","hermit:Misfire+1"],"picked":"hermit:Cheat+1","floor":37},{"not_picked":["hermit:BodyArmor+1","hermit:BigShot"],"picked":"hermit:WideOpen+1","floor":38},{"not_picked":["hermit:Glare+1","hermit:ItchyTrigger+1","hermit:NoHoldsBarred"],"picked":"SKIP","floor":40},{"not_picked":["hermit:Glare+1","hermit:ItchyTrigger+1","hermit:NoHoldsBarred"],"picked":"SKIP","floor":40}],"player_experience":543516,"relics_obtained":[{"floor":8.0,"key":"CeramicFish"},{"floor":11.0,"key":"Toy Ornithopter"},{"floor":12.0,"key":"Toxic Egg 2"},{"floor":28,"key":"Meat on the Bone"},{"floor":30,"key":"conspire:BottledYoYo"}],"event_choices":[{"damage_healed":0.0,"max_hp_gain":0.0,"max_hp_loss":0.0,"gold_gain":275.0,"event_name":"Golden Shrine","player_choice":"Desecrate","floor":2.0,"gold_loss":0.0,"damage_taken":0.0,"cards_obtained":["Regret"]},{"damage_healed":0.0,"max_hp_gain":0.0,"max_hp_loss":0.0,"gold_gain":0.0,"event_name":"Lab","player_choice":"Got Potions","floor":5.0,"gold_loss":0.0,"damage_taken":0.0},{"damage_healed":0.0,"max_hp_gain":0.0,"max_hp_loss":0.0,"gold_gain":0.0,"event_name":"conspire:Investor","player_choice":"Invest 1","floor":15.0,"gold_loss":0.0,"damage_taken":0.0},{"damage_healed":0.0,"max_hp_gain":0.0,"max_hp_loss":0.0,"gold_gain":0.0,"event_name":"betterThird:BetterNest","player_choice":"Madness","floor":21.0,"gold_loss":0.0,"damage_taken":0.0,"relics_obtained":["betterThird:NestCultRelic"]},{"damage_healed":0,"gold_gain":0,"player_choice":"Opened","damage_taken":0,"relics_obtained":["Lantern"],"max_hp_gain":0,"max_hp_loss":0,"event_name":"The Mausoleum","floor":33,"gold_loss":0},{"damage_healed":0,"gold_gain":0,"player_choice":"Ignored","damage_taken":0,"max_hp_gain":0,"max_hp_loss":0,"event_name":"Tomb of Lord Red Mask","floor":39,"gold_loss":0}],"is_beta":true,"boss_relics":[{"not_picked":["Velvet Choker","SlaversCollar"],"picked":"hubris:Backtick"},{"not_picked":["conspire:SlowCooker","Replay:Grab Bag"],"picked":"Replay:Fungal Core"}],"items_purged_floors":[23],"is_endless":false,"potions_floor_spawned":[12,14,24,29,30,31,37,40],"killed_by":"Nightmare","ascension_level":0}}