{"host":"1u4zr9vl8my47i07","time":1609900185,"event":{"mods":["AchievementEnabler","BaseMod","DeckTracker","Highlight Path","Keyboard Shortcuts","Minty Spire (QoL Compilation)","Relic Stats","StSLib","SuperFastMode","The Animator","Uncapped","Waifu the Spire","everything is the same but u backflip on backflip"],"gold_per_floor":[117,117,42,54,54,93,93,124,124,124,124,148,163,182,182,276,276,301,301,58,58,9,40,40,40,40,40,0,0,13,33,33,33,33],"floor_reached":33,"playtime":1381,"items_purged":["Strike_G","Strike_G"],"score":488,"play_id":"ba35d63c-587b-4700-b5b6-07b4474793e2","local_time":"20210106112945","is_ascension_mode":true,"campfire_choices":[{"data":"Deadly Poison","floor":7,"key":"SMITH"},{"data":"Riddle With Holes","floor":10,"key":"SMITH"},{"data":"Prepared","floor":15,"key":"SMITH"},{"data":"Burst","floor":25,"key":"SMITH"},{"data":"Neutralize","floor":27,"key":"SMITH"},{"floor":32,"key":"REST"}],"circlet_count":0,"master_deck":["AscendersBane","Defend_G","Defend_G","Defend_G","Defend_G","Survivor","Neutralize+1","Blur","Deadly Poison+1","Quick Slash","Riddle With Holes+1","Prepared+1","Reflex","A Thousand Cuts+1","Storm of Steel","Burst+1","Leg Sweep","PiercingWail","Backflip"],"relics":["Ring of the Snake","NeowsBlessing","HornCleat","Golden Idol","Bronze Scales","Frozen Egg 2","White Beast Statue","Empty Cage","Lee\u0027s Waffle","Snake Skull","Du-Vu Doll"],"acts_visited":["Exordium","TheCity"],"potions_floor_usage":[16,16,18,23,23,33],"damage_taken":[{"damage":0,"enemies":"Jaw Worm","floor":1,"turns":1},{"damage":0,"enemies":"Cultist","floor":4,"turns":1},{"damage":0,"enemies":"Lagavulin","floor":6,"turns":1},{"damage":19,"enemies":"3 Sentries","floor":8,"turns":12},{"damage":2,"enemies":"Small Slimes","floor":12,"turns":2},{"damage":5,"enemies":"3 Louse","floor":13,"turns":3},{"damage":1,"enemies":"Exordium Wildlife","floor":14,"turns":4},{"damage":15,"enemies":"Slime Boss","floor":16,"turns":12},{"damage":31,"enemies":"Spheric Guardian","floor":18,"turns":8},{"damage":26,"enemies":"Slavers","floor":23,"turns":4},{"damage":9,"enemies":"Shell Parasite","floor":30,"turns":4},{"damage":19,"enemies":"Cultist and Chosen","floor":31,"turns":5},{"damage":47,"enemies":"Champ","floor":33,"turns":12}],"seed_played":"-4743463866239605907","potions_obtained":[{"floor":1,"key":"FearPotion"},{"floor":4,"key":"Explosive Potion"},{"floor":12,"key":"LiquidMemories"},{"floor":14,"key":"Fire Potion"},{"floor":16,"key":"SpeedPotion"},{"floor":18,"key":"Energy Potion"},{"floor":23,"key":"DuplicationPotion"},{"floor":30,"key":"GamblersBrew"}],"is_trial":false,"path_per_floor":["M","?","$","M","?","E","R","E","T","R","?","M","M","M","R","B",null,"M","?","$","?","$","E","$","R","T","R","?","?","M","M","R","B"],"character_chosen":"THE_SILENT","items_purchased":["Lee\u0027s Waffle","Explosive Potion"],"campfire_rested":1,"item_purchase_floors":[20,22],"current_hp_per_floor":[63,63,63,63,63,63,63,44,44,44,49,47,42,41,41,26,59,28,28,77,77,77,51,51,51,51,51,51,51,42,23,46,0,0],"gold":33,"neow_bonus":"THREE_ENEMY_KILL","is_daily":false,"chose_seed":false,"campfire_upgraded":5,"win_rate":0.0,"timestamp":1609900185,"path_taken":["M","?","$","?","?","E","R","E","T","R","?","?","M","M","R","BOSS","M","?","$","?","$","E","?","R","T","R","?","?","M","?","R","BOSS"],"items_purchased_type":["Relic","Potion"],"build_version":"2020-12-22","purchased_purges":2,"victory":false,"max_hp_per_floor":[70,70,70,70,65,65,65,65,65,65,70,70,70,70,70,70,70,70,70,77,77,77,77,77,77,77,77,77,77,77,77,77,77,77],"relic_stats":{"Lee\u0027s Waffle":49,"counters":[13,69],"Golden Idol":63,"Bronze Scales":[135],"Snake Skull":[10],"obtain_stats":[{"Du-Vu Doll":26,"Lee\u0027s Waffle":20,"HornCleat":2,"NeowsBlessing":0,"Golden Idol":5,"Bronze Scales":6,"Snake Skull":23,"Frozen Egg 2":8,"Empty Cage":17,"White Beast Statue":9,"Ring of the Snake":0},{"Du-Vu Doll":10,"Lee\u0027s Waffle":9,"HornCleat":1,"NeowsBlessing":0,"Golden Idol":2,"Bronze Scales":3,"Snake Skull":10,"Frozen Egg 2":4,"Empty Cage":8,"White Beast Statue":4,"Ring of the Snake":0},{"Du-Vu Doll":48,"Lee\u0027s Waffle":44,"HornCleat":1,"NeowsBlessing":0,"Golden Idol":2,"Bronze Scales":3,"Snake Skull":48,"Frozen Egg 2":15,"Empty Cage":36,"White Beast Statue":15,"Ring of the Snake":0}],"Ring of the Snake":[26]},"card_choices":[{"not_picked":["Sucker Punch","Accuracy"],"picked":"Blur","floor":1},{"not_picked":["Heel Hook","Skewer"],"picked":"Deadly Poison","floor":4},{"not_picked":["Flying Knee","Blade Dance"],"picked":"Quick Slash","floor":6},{"not_picked":["Outmaneuver","Caltrops+1"],"picked":"Riddle With Holes","floor":8},{"not_picked":["Cloak And Dagger","Blade Dance"],"picked":"Prepared","floor":12},{"not_picked":["Bane","Sucker Punch","Poisoned Stab"],"picked":"SKIP","floor":13},{"not_picked":["PiercingWail","Expertise"],"picked":"Reflex","floor":14},{"not_picked":["Doppelganger","Glass Knife"],"picked":"A Thousand Cuts+1","floor":16},{"not_picked":["Blur","Predator","Heel Hook"],"picked":"SKIP","floor":18},{"not_picked":["Distraction","Phantasmal Killer"],"picked":"Leg Sweep","floor":23},{"not_picked":["Poisoned Stab","Dagger Spray"],"picked":"Backflip","floor":30},{"not_picked":["Bane","Masterful Stab","Prepared"],"picked":"SKIP","floor":31}],"player_experience":299506,"relics_obtained":[{"floor":6,"key":"Bronze Scales"},{"floor":8,"key":"Frozen Egg 2"},{"floor":9,"key":"White Beast Statue"},{"floor":23,"key":"Snake Skull"},{"floor":26,"key":"Du-Vu Doll"}],"event_choices":[{"damage_healed":0,"gold_gain":0,"player_choice":"Gave Potion","damage_taken":0,"relics_obtained":["HornCleat"],"max_hp_gain":0,"max_hp_loss":0,"event_name":"WeMeetAgain","floor":2,"gold_loss":0},{"damage_healed":0,"gold_gain":0,"player_choice":"Lose Max HP","damage_taken":0,"relics_obtained":["Golden Idol"],"max_hp_gain":0,"max_hp_loss":5,"event_name":"Golden Idol","floor":5,"gold_loss":0},{"damage_healed":0,"gold_gain":0,"player_choice":"Donut","damage_taken":0,"max_hp_gain":5,"max_hp_loss":0,"event_name":"Big Fish","floor":11,"gold_loss":0},{"damage_healed":0,"gold_gain":0,"cards_transformed":["Strike_G","Defend_G"],"player_choice":"Became Test Subject","damage_taken":0,"max_hp_gain":0,"max_hp_loss":0,"event_name":"Drug Dealer","floor":19,"gold_loss":0,"cards_obtained":["Storm of Steel","Burst"]},{"damage_healed":0,"gold_gain":0,"player_choice":"Paid Fearfully","damage_taken":0,"max_hp_gain":0,"max_hp_loss":0,"event_name":"Masked Bandits","floor":28,"gold_loss":40},{"damage_healed":0,"gold_gain":0,"player_choice":"Read","damage_taken":0,"max_hp_gain":0,"max_hp_loss":0,"event_name":"The Library","floor":29,"gold_loss":0,"cards_obtained":["PiercingWail"]}],"is_beta":false,"boss_relics":[{"not_picked":["Runic Pyramid","SacredBark"],"picked":"Empty Cage"}],"items_purged_floors":[3,20],"is_endless":false,"potions_floor_spawned":[1,4,12,13,14,16,18,23,30,31],"killed_by":"Champ","ascension_level":13}}