{"host":"f8lbor5qtgiy08rh","time":1609962013,"event":{"mods":["Aspiration","BaseMod","Better Match","Card Forge","Colored Map","Downfall","GifTheSpireLib","Hermit","Infinite Spire","Jedi Mod","Minty Spire (QoL Compilation)","Rare Cards Sparkle","Replay The Spire","StSLib","Stuff the Spire","The Construct","The Cursed","Unceasing Turn Reminder"],"gold_per_floor":[118,168,24,24,38,64,64,64,64,97,111,186,43,63,63,162,162,178,138,156,564,564,564,564,564,564,564,404,404,404,404],"floor_reached":30,"playtime":1821,"items_purged":[],"score":236,"play_id":"96ce6d19-48c1-4ab3-9517-8ae079676915","local_time":"20210106144013","is_ascension_mode":false,"campfire_choices":[{"floor":7,"key":"REST"},{"floor":23,"key":"REST"},{"floor":25,"key":"REST"}],"circlet_count":0,"master_deck":["Strike_P+1","Strike_P+1","Strike_P+1","Strike_P+1","Defend_P+1","Defend_P+1","Defend_P+1","Defend_P+1","Eruption+1","Vigilance+1","Blade Dance+1","Devotion+1","DevaForm+1","FlurryOfBlows+1","Brilliance+1","CarveReality+1","Alpha+1","Establishment+1","Pray+1","WreathOfFlame+1","WindmillStrike+1","CutThroughFate+1","FlurryOfBlows+1","FollowUp","Injury","ClearTheMind","FearNoEvil+1","DevaForm+1","EmptyBody","Slimebound:Recycling","FollowUp+1","SandsOfTime+1","FlurryOfBlows+1","Brilliance+1"],"relics":["PureWater","Hammer of Thor","Seething Fire","Anvil of the Gods","aspiration:Nostalgia","m_SlimeRing","Chemical X","Replay:Multitool","Molten Egg 2","ReplayFunnel","StuffTheSpire:RubySignet","aspiration:RitualDagger","jedi:ominousloannote","Chameleon Ring"],"acts_visited":["Exordium","TheCity"],"potions_floor_usage":[24],"damage_taken":[{"damage":0,"enemies":"Small Slimes","floor":1,"turns":3},{"damage":11,"enemies":"Jaw Worm","floor":5,"turns":3},{"damage":6,"enemies":"Lagavulin","floor":6,"turns":5},{"damage":24,"enemies":"Gremlin Nob","floor":10,"turns":3},{"damage":5,"enemies":"2 Louse","floor":11,"turns":3},{"damage":12,"enemies":"Blue Slaver","floor":14,"turns":3},{"damage":10,"enemies":"Hexaghost","floor":16,"turns":7},{"damage":23,"enemies":"Shell Parasite","floor":18,"turns":5},{"damage":47,"enemies":"3 Byrds","floor":20,"turns":5},{"damage":45,"enemies":"Snake Plant","floor":22,"turns":4},{"damage":64,"enemies":"Cultist and Chosen","floor":24,"turns":6},{"damage":48,"enemies":"3 Cultists","floor":30,"turns":4}],"seed_played":"-7704048535480227931","potions_obtained":[{"floor":1,"key":"Block Potion"},{"floor":2,"key":"Ancient Potion"},{"floor":2,"key":"SneckoOil"},{"floor":2,"key":"SpeedPotion"},{"floor":5,"key":"jedi:tentaclejuice"},{"floor":10,"key":"jedi:hoardpotion"}],"is_trial":false,"path_per_floor":["M","?","$","?","M","E","R","?","T","E","M","?","$","M","R","B",null,"M","?","M","AVR","M","R","M","R","T","?","$","?","M"],"character_chosen":"WATCHER","items_purchased":["Chemical X","DevaForm","Brilliance+1"],"campfire_rested":3,"item_purchase_floors":[3,13,28],"current_hp_per_floor":[72,54,54,54,45,39,60,60,60,36,31,20,20,8,29,19,72,49,49,2,2,37,58,15,36,36,36,36,36,0,0],"gold":404,"neow_bonus":"NOSTALGIA","is_daily":false,"chose_seed":false,"campfire_upgraded":0,"win_rate":0.0,"timestamp":1609962013,"path_taken":["M","?","$","?","M","E","R","?","T","E","M","?","$","?","R","BOSS","M","?","M","AVR","?","R","M","R","T","?","$","?","?"],"items_purchased_type":["Relic","Card","Card"],"build_version":"2020-12-22","purchased_purges":0,"victory":false,"max_hp_per_floor":[72,72,72,72,72,72,72,72,72,72,72,72,72,72,72,72,72,72,72,72,72,72,72,72,72,72,72,72,72,72,72],"card_choices":[{"not_picked":["ForeignInfluence","Indignation"],"picked":"Blade Dance","floor":1},{"not_picked":["PathToVictory","Slimebound:Nibble"],"picked":"CutThroughFate","floor":2},{"not_picked":["Blade Dance","Consecrate"],"picked":"FlurryOfBlows","floor":5},{"not_picked":["InnerPeace","Cloak And Dagger"],"picked":"FollowUp","floor":6},{"not_picked":["CutThroughFate+1","Vengeance"],"picked":"ClearTheMind","floor":10},{"not_picked":["LikeWater","Hidden Blade"],"picked":"FearNoEvil+1","floor":11},{"not_picked":["Alpha","SashWhip+1"],"picked":"EmptyBody","floor":14},{"not_picked":["Vault","After Image"],"picked":"Slimebound:Recycling","floor":16},{"not_picked":["Halt","Replay:Battleflow"],"picked":"FollowUp+1","floor":18},{"not_picked":["Evaluate","BowlingBash+1"],"picked":"SandsOfTime+1","floor":20},{"not_picked":["PathToVictory","Evaluate","Replay:BluntJabs+1"],"picked":"SKIP","floor":22},{"not_picked":["CrushJoints+1","Replay:Battleflow+1"],"picked":"FlurryOfBlows+1","floor":24}],"player_experience":130759,"relics_obtained":[{"floor":6,"key":"Replay:Multitool"},{"floor":9,"key":"ReplayFunnel"},{"floor":10,"key":"StuffTheSpire:RubySignet"},{"floor":26,"key":"Chameleon Ring"}],"event_choices":[{"damage_healed":0,"gold_gain":0,"player_choice":"Grow","damage_taken":0,"max_hp_gain":0,"max_hp_loss":0,"event_name":"Living Wall","floor":4,"gold_loss":0,"cards_upgraded":["CutThroughFate"]},{"damage_healed":0,"gold_gain":75,"player_choice":"Gather Gold","damage_taken":11,"max_hp_gain":0,"max_hp_loss":0,"event_name":"World of Goop","floor":12,"gold_loss":0},{"damage_healed":0,"gold_gain":0,"player_choice":"Upgrade","damage_taken":0,"max_hp_gain":0,"max_hp_loss":0,"event_name":"Designer","floor":19,"gold_loss":40,"cards_upgraded":["DevaForm"]},{"damage_healed":0,"gold_gain":0,"player_choice":"Ignored","damage_taken":0,"max_hp_gain":0,"max_hp_loss":0,"event_name":"Vampires","floor":27,"gold_loss":0},{"damage_healed":0,"gold_gain":100,"player_choice":"Pray","damage_taken":0,"max_hp_gain":0,"max_hp_loss":0,"event_name":"Golden Shrine","floor":29,"gold_loss":0}],"is_beta":false,"boss_relics":[{"not_picked":["Coffee Dripper","Painkiller Herb"],"picked":"aspiration:RitualDagger"}],"items_purged_floors":[],"is_endless":false,"potions_floor_spawned":[1,5,10,11,20,22],"killed_by":"3 Cultists","ascension_level":0}}