{"host":"7xbu8gt067z192g2","time":1609904417,"event":{"mods":["BaseMod","Better Note","Colored Map","Colored Powertips","Googly Eyes","Highlight Path","Minty Spire (QoL Compilation)","Rare Cards Sparkle","Replay The Spire","StSLib","The Bladedancer","The Cursed","The Hierophant","The Valiant","The Wild Card"],"gold_per_floor":[366,376,208,219,28,28,60,60,60,60,60,75,40,65,65,65,65],"floor_reached":16,"playtime":649,"items_purged":["Strike_B"],"score":119,"play_id":"7576f394-b6ff-4101-aa0b-ec27cf3e1487","local_time":"20210105224017","is_ascension_mode":true,"campfire_choices":[{"data":"Loop","floor":6,"key":"SMITH"},{"data":"ReplayTheSpireMod:Uncanny Aura","floor":8,"key":"PURGE"},{"data":"Decay","floor":11,"key":"PURGE"},{"data":"Dualcast","floor":15,"key":"SMITH"}],"circlet_count":0,"master_deck":["Strike_B","Strike_B","Strike_B","Defend_B","Defend_B","Defend_B","Defend_B","Zap","Dualcast+1","Sweeping Beam","Loop+1","Redo","Barrage+1","BasicCrystalCard","Ball Lightning","Barrage"],"relics":["Cracked Core","Geode","Peace Pipe","Turnip","Torii"],"acts_visited":["Exordium"],"potions_floor_usage":[14,16],"damage_taken":[{"damage":2,"enemies":"Jaw Worm","floor":1,"turns":3},{"damage":1,"enemies":"Cultist","floor":2,"turns":3},{"damage":10,"enemies":"Small Slimes","floor":4,"turns":3},{"damage":28,"enemies":"Replay:BlueRogue","floor":7,"turns":5},{"damage":0,"enemies":"2 Fungi Beasts","floor":12,"turns":2},{"damage":31,"enemies":"3 Sentries","floor":14,"turns":4},{"damage":14,"enemies":"The Guardian","floor":16,"turns":4}],"seed_played":"-5155443337767758136","potions_obtained":[{"floor":7,"key":"PowerPotion"},{"floor":14,"key":"LifebloodPotion"}],"is_trial":false,"path_per_floor":["M","M","$","M","$","R","E","R","T","?","R","M","?","E","R","B"],"character_chosen":"DEFECT","items_purchased":["ReplayTheSpireMod:Uncanny Aura","Geode","Barrage+1"],"campfire_rested":0,"item_purchase_floors":[3,5,5],"current_hp_per_floor":[66,65,65,55,55,55,27,27,27,27,27,27,44,13,13,0,0],"gold":65,"neow_bonus":"TWO_FIFTY_GOLD","is_daily":false,"chose_seed":false,"campfire_upgraded":2,"win_rate":0.0,"timestamp":1609904417,"path_taken":["M","M","$","M","$","R","E","R","T","?","R","?","?","E","R","BOSS"],"items_purchased_type":["Card","Relic","Card"],"build_version":"2020-12-22","purchased_purges":1,"victory":false,"max_hp_per_floor":[68,68,68,68,68,68,68,68,68,68,68,68,68,68,68,68,68],"card_choices":[{"not_picked":["Gash","Streamline"],"picked":"Sweeping Beam","floor":1},{"not_picked":["Conserve Battery","Gash"],"picked":"Loop","floor":2},{"not_picked":["Beam Cell","Chaos"],"picked":"Redo","floor":4},{"not_picked":["Hello World","Leap"],"picked":"BasicCrystalCard","floor":7},{"not_picked":["Steam","Go for the Eyes"],"picked":"Ball Lightning","floor":12},{"not_picked":["ReplayTheSpireMod:Repulse","Turbo"],"picked":"Barrage","floor":14}],"player_experience":148126,"relics_obtained":[{"floor":7,"key":"Peace Pipe"},{"floor":9,"key":"Turnip"},{"floor":14,"key":"Torii"}],"event_choices":[{"damage_healed":0,"gold_gain":0,"player_choice":"Cursed","damage_taken":0,"max_hp_gain":0,"max_hp_loss":0,"event_name":"Wheel of Change","floor":10,"gold_loss":0,"cards_obtained":["Decay"]},{"damage_healed":17,"gold_gain":0,"player_choice":"Healed","damage_taken":0,"max_hp_gain":0,"max_hp_loss":0,"event_name":"The Cleric","floor":13,"gold_loss":35}],"is_beta":false,"boss_relics":[],"items_purged_floors":[3],"is_endless":false,"potions_floor_spawned":[7,14],"killed_by":"The Guardian","ascension_level":2}}