{"host":"6hzrz31j95f2y1pa","time":1609927498,"event":{"mods":["BaseMod","Colored Map","Downfall","Minty Spire (QoL Compilation)","StSLib"],"gold_per_floor":[349,361,378,140,154,154,178,195,195,227,239,239,98,198,209,209,209,209],"floor_reached":16,"playtime":696,"items_purged":["hexamod:Defend","Regret"],"score":179,"play_id":"8287f0a3-f548-4b33-b3e2-5affb679bb56","local_time":"20210106050458","is_ascension_mode":true,"campfire_choices":[{"data":"hexamod:Float","floor":1,"key":"SMITH"},{"data":"hexamod:GhostLash","floor":6,"key":"SMITH"}],"circlet_count":0,"master_deck":["AscendersBane","hexamod:Strike","hexamod:Strike","hexamod:Strike","hexamod:Defend","hexamod:Defend","hexamod:Float+1","hexamod:Hexaguard","hexamod:RecurringNightmare","hexamod:GhostLash+1","hexamod:TimeOfNeed","hexamod:HeatShield","hexamod:NightmareStrike","hexamod:GhostOfSpirePast","hexamod:Rewind+1","hexamod:Again"],"relics":["hexamod:SpiritBrand","Juzu Bracelet","Bag of Preparation","Pantograph","Akabeko"],"acts_visited":["Exordium"],"potions_floor_usage":[14],"damage_taken":[{"damage":1,"enemies":"Jaw Worm","floor":2,"turns":3},{"damage":0,"enemies":"Cultist","floor":3,"turns":3},{"damage":0,"enemies":"downfall:FleeingMerchant","floor":4,"turns":4},{"damage":0,"enemies":"Small Slimes","floor":5,"turns":3},{"damage":2,"enemies":"Blue Slaver","floor":8,"turns":3},{"damage":2,"enemies":"Lagavulin","floor":10,"turns":5},{"damage":0,"enemies":"Exordium Wildlife","floor":11,"turns":3},{"damage":6,"enemies":"downfall:FleeingMerchant","floor":13,"turns":4},{"damage":27,"enemies":"downfall:Heads","floor":14,"turns":6},{"damage":0,"enemies":"3 Louse","floor":15,"turns":2},{"damage":31,"enemies":"downfall:Defect","floor":16,"turns":5}],"seed_played":"4207790627925237852","potions_obtained":[{"floor":2,"key":"Swift Potion"},{"floor":8,"key":"Explosive Potion"},{"floor":10,"key":"EssenceOfSteel"},{"floor":14,"key":"sneckomod:MuddlingPotion"}],"is_trial":false,"path_per_floor":["R","M","M","$","M","R","T","M","?","E","M","?","$","?","M","B"],"character_chosen":"THE_SPIRIT","items_purchased":["Juzu Bracelet","hexamod:NightmareStrike"],"campfire_rested":0,"item_purchase_floors":[4,13],"current_hp_per_floor":[42,41,41,41,41,41,41,39,39,37,37,37,31,4,4,0,0,0],"gold":209,"neow_bonus":"TWO_FIFTY_GOLD","is_daily":false,"chose_seed":false,"campfire_upgraded":2,"win_rate":0.0,"timestamp":1609927498,"path_taken":["R","M","M","$","M","R","T","M","?","E","M","?","$","?","M","BOSS"],"items_purchased_type":["Relic","Card"],"build_version":"2020-12-22","purchased_purges":2,"victory":false,"max_hp_per_floor":[63,63,63,63,63,63,63,63,63,63,63,63,63,63,63,63,63,63],"card_choices":[{"not_picked":["hexamod:SpectralAdrenaline","hexamod:NightmareGuise"],"picked":"hexamod:Hexaguard","floor":2},{"not_picked":["hexamod:InspiringFlames","hexamod:SwordOfDarkness"],"picked":"hexamod:RecurringNightmare","floor":3},{"not_picked":["hexamod:NecessarySacrifice","hexamod:ShieldOfDarkness"],"picked":"hexamod:GhostLash","floor":4},{"not_picked":["hexamod:HeatMetal","hexamod:Firestarter","hexamod:RainOfEmbers"],"picked":"SKIP","floor":5},{"not_picked":["hexamod:SoulSteal","hexamod:RainOfEmbers"],"picked":"hexamod:TimeOfNeed","floor":8},{"not_picked":["hexamod:GhostOfSpirePast","hexamod:Firestarter","hexamod:GhostflameBarrier"],"picked":"SKIP","floor":10},{"not_picked":["hexamod:FourthSeal","hexamod:ThermalTransfer"],"picked":"hexamod:HeatShield","floor":11},{"not_picked":["hexamod:SkipABeat","hexamod:FlamesFromBeyond","hexamod:ThermalTransfer"],"picked":"SKIP","floor":13},{"not_picked":["hexamod:RetreatToShadows","hexamod:Incineration"],"picked":"hexamod:Rewind","floor":14},{"not_picked":["hexamod:AdvancingGuard","hexamod:NightmareGuise"],"picked":"hexamod:Again","floor":15}],"player_experience":1288916,"relics_obtained":[{"floor":7,"key":"Bag of Preparation"},{"floor":10,"key":"Pantograph"}],"event_choices":[{"cards_removed":["hexamod:Strike"],"damage_healed":0,"gold_gain":0,"player_choice":"Purged","damage_taken":0,"max_hp_gain":0,"max_hp_loss":0,"event_name":"Purifier","floor":9,"gold_loss":0},{"damage_healed":0,"gold_gain":0,"player_choice":"Box","damage_taken":0,"relics_obtained":["Akabeko"],"max_hp_gain":0,"max_hp_loss":0,"event_name":"Big Fish","floor":12,"gold_loss":0,"cards_obtained":["Regret"]}],"is_beta":false,"boss_relics":[],"items_purged_floors":[4,13],"is_endless":false,"potions_floor_spawned":[2,8,10,14],"killed_by":"downfall:Defect","ascension_level":15}}