{"host":"5fasz840ryq7obdf","time":1609951074,"event":{"mods":["2.2 Compatiblity","AchievementEnabler","BaseMod","Bestiary","Better Altar","Better Skull","Better Third Choice","BetterRewards","Block Reminder","Colored Powertips","Curses Come First","Downfall","Minty Spire (QoL Compilation)","Quick Restart","Relic Sorter","Relic Stats","Shop Mod","Spicy Shops","StSLib","SuperFastMode","ojb\u0027s Better Paths Mod","ojb\u0027s Info Mod"],"gold_per_floor":[116,41,57,57,57,86,86,104,152,152,169,187,10,10,10],"floor_reached":14,"playtime":415,"items_purged":["Defend_R","Regret"],"score":230,"play_id":"1c8fdc2b-d538-4ced-85f2-e455561d30ce","local_time":"20210106163754","is_ascension_mode":true,"campfire_choices":[{"data":"Bash","floor":10.0,"key":"SMITH"}],"circlet_count":0,"master_deck":["AscendersBane","Strike_R","Strike_R","Strike_R","Strike_R","Strike_R","Defend_R+1","Defend_R","Defend_R+1","Bash+1","Impervious","Bash","Entrench","Corruption"],"relics":["Burning Blood","NeowsBlessing","Lantern","War Paint","Tiny Chest","Vajra"],"acts_visited":["Exordium"],"potions_floor_usage":[11,14,14],"damage_taken":[{"damage":0.0,"enemies":"Small Slimes","floor":1.0,"turns":1.0},{"damage":0.0,"enemies":"2 Louse","floor":3.0,"turns":1.0},{"damage":0.0,"enemies":"Lagavulin","floor":6.0,"turns":1.0},{"damage":9.0,"enemies":"Cultist","floor":8.0,"turns":4.0},{"damage":33,"enemies":"Gremlin Gang","floor":11,"turns":5},{"damage":27,"enemies":"Exordium Thugs","floor":12,"turns":6},{"damage":14,"enemies":"3 Sentries","floor":14,"turns":5}],"seed_played":"3643632734015261134","potions_obtained":[{"floor":1.0,"key":"Guardian:BlockOnCardUsePotion"},{"floor":8.0,"key":"SteroidPotion"},{"floor":11,"key":"LiquidBronze"}],"is_trial":false,"path_per_floor":["M","$","M","?","?","E","?","M","T","R","M","M","$","E"],"character_chosen":"IRONCLAD","items_purchased":["Corruption"],"campfire_rested":0,"item_purchase_floors":[13],"current_hp_per_floor":[74,74,75,70,70,75,75,72,72,72,45,24,24,10,10],"gold":10,"neow_bonus":"THREE_ENEMY_KILL","is_daily":false,"chose_seed":false,"campfire_upgraded":1,"win_rate":0.0,"timestamp":1609951074,"path_taken":["M","$","M","?","?","E","?","?","T","R","M","?","$","E"],"items_purchased_type":["Card"],"build_version":"2020-12-22","purchased_purges":2,"victory":false,"max_hp_per_floor":[75,75,75,75,75,75,75,75,75,75,75,75,75,75,75],"relic_stats":{"counters":[40,207],"Tiny Chest":0,"War Paint":["Defend_R","Defend_R"],"obtain_stats":[{"Darkstone Periapt":28,"Lantern":12,"champ:ChampStancesModRelic":0,"downfall:NeowBlessing_Player":0,"Singing Bowl":9,"Vajra":9,"Bag of Preparation":26,"Burning Blood":0,"Nunchaku":23,"HornCleat":4,"Sundial":13,"Pantograph":10,"Philosopher\u0027s Stone":34,"Tiny Chest":6,"Toxic Egg 2":30,"Red Skull":5,"downfall:HeartBlessingRed":13,"NeowsBlessing":0,"Self Forming Clay":8,"Oddly Smooth Stone":10,"Pen Nib":12,"War Paint":5,"MawBank":4,"White Beast Statue":6,"Mercury Hourglass":25,"Shuriken":7,"Art of War":12,"Coffee Dripper":17,"StrikeDummy":8},{"Darkstone Periapt":22,"Lantern":15,"champ:ChampStancesModRelic":0,"downfall:NeowBlessing_Player":0,"Singing Bowl":15,"Vajra":37,"Bag of Preparation":22,"Burning Blood":0,"Nunchaku":21,"HornCleat":32,"Sundial":16,"Pantograph":15,"Philosopher\u0027s Stone":26,"Tiny Chest":36,"Toxic Egg 2":24,"Red Skull":12,"downfall:HeartBlessingRed":6,"NeowsBlessing":33,"Self Forming Clay":4,"Oddly Smooth Stone":5,"Pen Nib":6,"War Paint":35,"MawBank":2,"White Beast Statue":13,"Mercury Hourglass":22,"Shuriken":3,"Art of War":15,"Coffee Dripper":18,"StrikeDummy":15},{"Darkstone Periapt":130,"Lantern":85,"champ:ChampStancesModRelic":0,"downfall:NeowBlessing_Player":0,"Singing Bowl":85,"Vajra":191,"Bag of Preparation":130,"Burning Blood":0,"Nunchaku":124,"HornCleat":180,"Sundial":93,"Pantograph":85,"Philosopher\u0027s Stone":155,"Tiny Chest":187,"Toxic Egg 2":137,"Red Skull":65,"downfall:HeartBlessingRed":36,"NeowsBlessing":184,"Self Forming Clay":20,"Oddly Smooth Stone":26,"Pen Nib":36,"War Paint":186,"MawBank":7,"White Beast Statue":73,"Mercury Hourglass":130,"Shuriken":11,"Art of War":85,"Coffee Dripper":106,"StrikeDummy":85}],"Burning Blood":210},"card_choices":[{"not_picked":["Fire Breathing","Clash","Headbutt"],"picked":"SKIP","floor":1.0},{"not_picked":["Rampage","Havoc","Headbutt"],"picked":"SKIP","floor":3.0},{"not_picked":["Power Through","Evolve","Carnage"],"picked":"SKIP","floor":6.0},{"not_picked":["Combust","Cleave","Twin Strike"],"picked":"SKIP","floor":8.0},{"not_picked":["True Grit","Headbutt","Dark Embrace"],"picked":"SKIP","floor":11},{"not_picked":["Anger","Heavy Blade"],"picked":"Entrench","floor":12}],"player_experience":1571225,"relics_obtained":[{"floor":6.0,"key":"Tiny Chest"},{"floor":9.0,"key":"Vajra"}],"event_choices":[{"damage_healed":0.0,"max_hp_gain":0.0,"max_hp_loss":0.0,"gold_gain":0.0,"event_name":"betterThird:BetterScrap","player_choice":"Relic ","floor":4.0,"gold_loss":0.0,"damage_taken":5.0,"cards_obtained":["Melter"]},{"damage_healed":0.0,"max_hp_gain":0.0,"max_hp_loss":0.0,"gold_gain":0.0,"event_name":"Big Fish","player_choice":"Box","floor":5.0,"gold_loss":0.0,"damage_taken":0.0,"relics_obtained":["War Paint"],"cards_obtained":["Regret"]},{"damage_healed":0.0,"max_hp_gain":0.0,"max_hp_loss":0.0,"gold_gain":0.0,"event_name":"Match and Keep!","player_choice":"2 cards matched","floor":7.0,"gold_loss":0.0,"damage_taken":0.0,"cards_obtained":["Impervious","Bash"]}],"is_beta":false,"boss_relics":[],"items_purged_floors":[2,13],"is_endless":false,"potions_floor_spawned":[1,8,11,12],"killed_by":"3 Sentries","ascension_level":20}}