{"host":"qihv10mixs26xc23","time":1609970230,"event":{"mods":["AchievementEnabler","BaseMod","BetterRewards","Downfall","Googly Eyes","Hermit","Minty Spire (QoL Compilation)","Replay The Spire","Shop Mod","StSLib","The Marked"],"gold_per_floor":[112,122,68,80,155,155,185,198,221,240,415,415,434,468,468,468,468],"floor_reached":16,"playtime":545,"items_purged":["Defend_R"],"score":162,"play_id":"8e22ef3d-5cc5-4764-8aa1-6456a890c56e","local_time":"20210106165710","is_ascension_mode":false,"campfire_choices":[{"data":"1","floor":6,"key":"LIFT"},{"data":"2","floor":12,"key":"LIFT"},{"data":"3","floor":15,"key":"LIFT"}],"circlet_count":0,"master_deck":["Strike_R","Strike_R","Strike_R","Strike_R","Strike_R","Defend_R","Defend_R","Defend_R","Bash","Whirlwind","Flex","Inflame","Run Through","Iron Wave","Flex","Uppercut","Offering","Heavy Blade","Hemokinesis","Doubt","Flex","Headbutt"],"relics":["Burning Blood","Girya","Thread and Needle","Art of War","Dream Catcher","Anchor"],"acts_visited":["Exordium"],"potions_floor_usage":[14,16],"damage_taken":[{"damage":2,"enemies":"Cultist","floor":1,"turns":3},{"damage":0,"enemies":"Small Slimes","floor":2,"turns":2},{"damage":1,"enemies":"2 Louse","floor":4,"turns":2},{"damage":11,"enemies":"3 Sentries","floor":7,"turns":4},{"damage":9,"enemies":"Red Slaver","floor":8,"turns":2},{"damage":4,"enemies":"2 Fungi Beasts","floor":10,"turns":3},{"damage":2,"enemies":"3 Louse","floor":13,"turns":2},{"damage":15,"enemies":"Lagavulin","floor":14,"turns":3},{"damage":37,"enemies":"The Guardian","floor":16,"turns":5}],"seed_played":"-4209114565247788911","potions_obtained":[{"floor":2,"key":"Explosive Potion"},{"floor":7,"key":"ColorlessPotion"}],"is_trial":false,"path_per_floor":["M","M","$","M","?","R","E","M","T","M","?","R","M","E","R","B"],"character_chosen":"IRONCLAD","items_purchased":["Whirlwind","Girya","Thread and Needle","Flex","Inflame","Flex"],"campfire_rested":0,"item_purchase_floors":[0,0,0,0,0,3],"current_hp_per_floor":[48,54,54,59,48,48,43,40,40,42,42,42,46,37,37,0,0],"gold":468,"neow_bonus":"","is_daily":false,"chose_seed":false,"campfire_upgraded":0,"win_rate":0.0,"timestamp":1609970230,"path_taken":["M","M","$","M","?","R","E","M","T","M","?","R","M","E","R","BOSS"],"items_purchased_type":["Card","Relic","Relic","Card","Card","Card"],"build_version":"2020-12-22","purchased_purges":1,"victory":false,"max_hp_per_floor":[80,80,80,80,80,80,80,80,80,80,80,80,80,80,80,80,80],"card_choices":[{"not_picked":["Replay:Undeath\u0027s Touch","Power Through"],"picked":"Run Through","floor":1},{"not_picked":["Anger","Twin Strike"],"picked":"Iron Wave","floor":2},{"not_picked":["Sever Soul","Blood for Blood"],"picked":"Uppercut","floor":4},{"not_picked":["ReplayReversal","Uppercut"],"picked":"Offering","floor":7},{"not_picked":["Flame Barrier","Flex"],"picked":"Heavy Blade","floor":8},{"not_picked":["Replay:Undeath\u0027s Touch","Body Slam"],"picked":"Hemokinesis","floor":10},{"not_picked":["Clash","Searing Blow"],"picked":"Flex","floor":13},{"not_picked":["True Grit","Body Slam"],"picked":"Headbutt","floor":14}],"player_experience":69527,"relics_obtained":[{"floor":7,"key":"Art of War"},{"floor":9,"key":"Dream Catcher"},{"floor":14,"key":"Anchor"}],"event_choices":[{"damage_healed":0,"gold_gain":75,"player_choice":"Gather Gold","damage_taken":11,"max_hp_gain":0,"max_hp_loss":0,"event_name":"World of Goop","floor":5,"gold_loss":0},{"damage_healed":0,"gold_gain":175,"player_choice":"AGREE","damage_taken":0,"max_hp_gain":0,"max_hp_loss":0,"event_name":"Liars Game","floor":11,"gold_loss":0,"cards_obtained":["Doubt"]}],"is_beta":false,"boss_relics":[],"items_purged_floors":[0],"is_endless":false,"potions_floor_spawned":[2,7],"killed_by":"The Guardian","ascension_level":0}}