{"host":"69rply1jf2d1wbmp","time":1609946666,"event":{"mods":["BaseMod","Minty Spire (QoL Compilation)","Quick Restart"],"gold_per_floor":[116,126,126,126,140,172,172,206,231,245,245,14,46,62,62,158,158,173,185,113,113,113,141,158,158,158,158,173,189,200,42,42,142,142,156,204,8,28,28,28,28,28],"floor_reached":41,"playtime":1326,"items_purged":["Strike_R"],"score":456,"play_id":"2710bb93-1f55-48bd-923f-93a41527af45","local_time":"20210106102426","is_ascension_mode":false,"campfire_choices":[{"data":"Trip","floor":7,"key":"SMITH"},{"floor":11,"key":"REST"},{"data":"Infernal Blade","floor":15,"key":"SMITH"},{"floor":25,"key":"REST"},{"data":"Demon Form","floor":32,"key":"SMITH"},{"floor":40,"key":"REST"}],"circlet_count":0,"master_deck":["Defend_R","Defend_R","Defend_R","Defend_R","Bash+1","Trip+1","Armaments+1","Carnage","Shrug It Off","Infernal Blade+1","Cleave","Shrug It Off","Double Tap","Bite","Bite","Bite","Bite","Bite+1","Spot Weakness","Necronomicurse","Flame Barrier","Demon Form+1","Sever Soul"],"relics":["Burning Blood","Vajra","Art of War","ClockworkSouvenir","Kunai","Black Star","TungstenRod","Nunchaku","Necronomicon","Philosopher\u0027s Stone","Prayer Wheel","Whetstone"],"acts_visited":["Exordium","TheCity","TheBeyond"],"potions_floor_usage":[8,13,36,41,41],"damage_taken":[{"damage":0,"enemies":"2 Louse","floor":1,"turns":3},{"damage":9,"enemies":"Small Slimes","floor":2,"turns":4},{"damage":0,"enemies":"Cultist","floor":5,"turns":2},{"damage":32,"enemies":"Gremlin Nob","floor":6,"turns":5},{"damage":28,"enemies":"Lagavulin","floor":8,"turns":4},{"damage":2,"enemies":"Exordium Thugs","floor":10,"turns":3},{"damage":14,"enemies":"3 Sentries","floor":13,"turns":7},{"damage":0,"enemies":"2 Fungi Beasts","floor":14,"turns":2},{"damage":39,"enemies":"The Guardian","floor":16,"turns":11},{"damage":2,"enemies":"Chosen","floor":18,"turns":4},{"damage":12,"enemies":"Shell Parasite","floor":19,"turns":2},{"damage":49,"enemies":"Gremlin Leader","floor":23,"turns":4},{"damage":8,"enemies":"Snecko","floor":24,"turns":6},{"damage":8,"enemies":"Cultist and Chosen","floor":28,"turns":4},{"damage":16,"enemies":"Chosen and Byrds","floor":29,"turns":5},{"damage":4,"enemies":"Sentry and Sphere","floor":30,"turns":4},{"damage":83,"enemies":"Automaton","floor":33,"turns":9},{"damage":11,"enemies":"3 Darklings","floor":35,"turns":7},{"damage":66,"enemies":"2 Orb Walkers","floor":36,"turns":5},{"damage":26,"enemies":"3 Shapes","floor":38,"turns":4},{"damage":59,"enemies":"Reptomancer","floor":41,"turns":2}],"seed_played":"9058422888090494252","potions_obtained":[{"floor":5,"key":"ColorlessPotion"},{"floor":6,"key":"DuplicationPotion"},{"floor":19,"key":"Dexterity Potion"},{"floor":28,"key":"DuplicationPotion"}],"is_trial":false,"path_per_floor":["M","M","?","?","M","E","R","E","T","M","R","$","E","M","R","B",null,"M","M","$","?","?","E","M","R","T","?","M","M","M","$","R","B",null,"M","?","$","M","$","R","E"],"character_chosen":"IRONCLAD","items_purchased":["ClockworkSouvenir","DuplicationPotion","Demon Form","Whetstone","Block Potion"],"campfire_rested":3,"item_purchase_floors":[12,20,31,37,37],"current_hp_per_floor":[80,77,77,77,80,54,54,32,32,38,62,62,56,64,64,33,80,80,74,74,74,74,38,54,78,78,66,70,78,80,80,80,22,80,80,28,28,21,21,45,0,0],"gold":28,"neow_bonus":"RANDOM_COLORLESS","is_daily":false,"chose_seed":false,"campfire_upgraded":3,"win_rate":0.0,"timestamp":1609946666,"path_taken":["M","M","?","?","M","E","R","E","T","?","R","?","E","M","R","BOSS","M","M","$","?","?","E","M","R","T","?","M","M","M","?","R","BOSS","M","?","?","M","$","R","E"],"items_purchased_type":["Relic","Potion","Card","Relic","Potion"],"build_version":"2020-12-22","purchased_purges":1,"victory":false,"max_hp_per_floor":[80,80,80,80,80,80,80,80,80,80,80,80,80,80,80,80,80,80,80,80,80,80,80,80,80,80,80,80,80,80,80,80,80,80,80,80,80,80,80,80,80,80],"card_choices":[{"not_picked":["Impatience","Discovery"],"picked":"Trip","floor":0},{"not_picked":["Reckless Charge","Evolve"],"picked":"Armaments","floor":1},{"not_picked":["Twin Strike","Shrug It Off"],"picked":"Carnage","floor":2},{"not_picked":["Disarm","Dark Embrace","Warcry"],"picked":"SKIP","floor":5},{"not_picked":["Disarm","Ghostly Armor"],"picked":"Shrug It Off","floor":6},{"not_picked":["Second Wind","Warcry"],"picked":"Infernal Blade","floor":8},{"not_picked":["Anger","Clothesline"],"picked":"Cleave","floor":10},{"not_picked":["Armaments","Wild Strike","True Grit"],"picked":"SKIP","floor":13},{"not_picked":["Intimidate","Immolate"],"picked":"Shrug It Off","floor":14},{"not_picked":["Limit Break","Exhume"],"picked":"Double Tap","floor":16},{"not_picked":["Flex","Heavy Blade","Whirlwind"],"picked":"SKIP","floor":18},{"not_picked":["Reckless Charge","Armaments","Body Slam"],"picked":"SKIP","floor":19},{"not_picked":["Perfected Strike+1","Searing Blow","Cleave"],"picked":"SKIP","floor":23},{"not_picked":["Flex","Clash+1","Twin Strike"],"picked":"SKIP","floor":24},{"not_picked":["Whirlwind","Dual Wield","Iron Wave+1"],"picked":"SKIP","floor":28},{"not_picked":["Bloodletting","Havoc"],"picked":"Flame Barrier","floor":29},{"not_picked":["Carnage","Limit Break","Iron Wave+1"],"picked":"SKIP","floor":30},{"not_picked":["Shrug It Off+1","Armaments","Anger+1"],"picked":"SKIP","floor":35},{"not_picked":["Intimidate+1","Wild Strike"],"picked":"Sever Soul","floor":38},{"not_picked":["Uppercut+1","Combust","Evolve+1"],"picked":"SKIP","floor":38}],"player_experience":421717,"relics_obtained":[{"floor":6,"key":"Vajra"},{"floor":8,"key":"Art of War"},{"floor":9,"key":"Blood Vial"},{"floor":13,"key":"Kunai"},{"floor":23,"key":"TungstenRod"},{"floor":23,"key":"Nunchaku"},{"floor":27,"key":"Necronomicon"},{"floor":36,"key":"Prayer Wheel"}],"event_choices":[{"damage_healed":0,"gold_gain":0,"player_choice":"Grow","damage_taken":0,"max_hp_gain":0,"max_hp_loss":0,"event_name":"Living Wall","floor":3,"gold_loss":0,"cards_upgraded":["Armaments"]},{"cards_removed":["Strike_R"],"damage_healed":0,"gold_gain":0,"player_choice":"Offered Basic","damage_taken":0,"max_hp_gain":0,"max_hp_loss":0,"event_name":"Bonfire Elementals","floor":4,"gold_loss":0},{"damage_healed":0,"gold_gain":0,"player_choice":"Became a vampire (Vial)","damage_taken":0,"max_hp_gain":0,"max_hp_loss":0,"event_name":"Vampires","floor":21,"relics_lost":["Blood Vial"],"gold_loss":0,"cards_obtained":["Bite","Bite","Bite","Bite","Bite"]},{"damage_healed":0,"gold_gain":0,"player_choice":"Read","damage_taken":0,"max_hp_gain":0,"max_hp_loss":0,"event_name":"The Library","floor":22,"gold_loss":0,"cards_obtained":["Spot Weakness"]},{"damage_healed":0,"gold_gain":0,"player_choice":"Obtained Book","damage_taken":16,"max_hp_gain":0,"max_hp_loss":0,"event_name":"Cursed Tome","floor":27,"gold_loss":0},{"damage_healed":0,"gold_gain":0,"player_choice":"Fight","damage_taken":0,"max_hp_gain":0,"max_hp_loss":0,"event_name":"Mysterious Sphere","floor":36,"gold_loss":0}],"is_beta":false,"boss_relics":[{"not_picked":["Cursed Key","Runic Dome"],"picked":"Black Star"},{"not_picked":["SacredBark","Coffee Dripper"],"picked":"Philosopher\u0027s Stone"}],"items_purged_floors":[12],"is_endless":false,"potions_floor_spawned":[5,6,19,28,29,38],"killed_by":"Reptomancer","ascension_level":0}}