{"host":"h0xw20cia6ppa69g","time":1609934683,"event":{"mods":["AchievementEnabler","BaseMod","Colored Map","Filter the Spire","Googly Eyes","Minty Spire (QoL Compilation)","Relic Stats","StSLib","The Awakened One except there are too many feathers","everything is the same but u backflip on backflip"],"gold_per_floor":[18,30,30,30,30,64,64,82,155,189,189,215,228,7,7,105,105,122,122,122,137,157,188,113,129,129,149,149,183,183,193,193,291,291,311,6,6,23,0,31,49,84,163,163,163,163,174,202,202,202,202,202,13,43,43],"floor_reached":56,"playtime":3495,"items_purged":["Strike_R"],"score":1343,"play_id":"aeaf5838-9b54-40e1-a1ad-7344e71442d7","local_time":"20210106060443","is_ascension_mode":true,"campfire_choices":[{"data":"Fire Breathing","floor":7.0,"key":"SMITH"},{"data":"Dual Wield","floor":11.0,"key":"SMITH"},{"data":"Spot Weakness","floor":15.0,"key":"SMITH"},{"floor":28.0,"key":"REST"},{"data":"Entrench","floor":32.0,"key":"SMITH"},{"floor":44,"key":"RECALL"},{"data":"Discovery","floor":46,"key":"SMITH"},{"data":"Limit Break","floor":49,"key":"SMITH"},{"data":"Evolve","floor":52,"key":"SMITH"}],"circlet_count":0,"master_deck":["Bash","Fire Breathing+1","Whirlwind+1","Ghostly Armor","Dual Wield+1","Headbutt","Spot Weakness+1","Flame Barrier","Entrench+1","Second Wind+1","Shockwave","Pommel Strike","Flame Barrier","Wild Strike","True Grit+1","Offering","Intimidate+1","Power Through","Sword Boomerang+1","Limit Break+1","Evolve+1","Forethought","Discovery+1","Discovery","Body Slam+1","Disarm","Battle Trance","True Grit+1","Rage+1","Battle Trance+1","Dark Embrace","Fire Breathing"],"relics":["Burning Blood","Thread and Needle","Juzu Bracelet","InkBottle","Oddly Smooth Stone","Ancient Tea Set","Pandora\u0027s Box","Molten Egg 2","The Courier","Pantograph","Coffee Dripper","Membership Card","War Paint","Bag of Preparation","Red Mask","Strawberry","Anchor","Paper Frog","Ornamental Fan","Medical Kit","Mummified Hand","Happy Flower"],"acts_visited":["Exordium","TheCity","TheBeyond","TheEnding"],"potions_floor_usage":[40,42,55,55,55,55,55],"damage_taken":[{"damage":0.0,"enemies":"Small Slimes","floor":1.0,"turns":4.0},{"damage":0.0,"enemies":"2 Louse","floor":2.0,"turns":3.0},{"damage":5.0,"enemies":"3 Sentries","floor":6.0,"turns":4.0},{"damage":0.0,"enemies":"Cultist","floor":8.0,"turns":4.0},{"damage":8.0,"enemies":"Gremlin Nob","floor":10.0,"turns":4.0},{"damage":2.0,"enemies":"3 Sentries","floor":12.0,"turns":5.0},{"damage":10.0,"enemies":"Exordium Thugs","floor":13.0,"turns":4.0},{"damage":56.0,"enemies":"Hexaghost","floor":16.0,"turns":11.0},{"damage":0.0,"enemies":"3 Byrds","floor":18.0,"turns":3.0},{"damage":18.0,"enemies":"2 Thieves","floor":21.0,"turns":4.0},{"damage":15.0,"enemies":"Snake Plant","floor":22.0,"turns":4.0},{"damage":56.0,"enemies":"Gremlin Leader","floor":23.0,"turns":7.0},{"damage":8.0,"enemies":"3 Cultists","floor":25.0,"turns":4.0},{"damage":6.0,"enemies":"Snecko","floor":27.0,"turns":4.0},{"damage":7.0,"enemies":"Slavers","floor":29.0,"turns":3.0},{"damage":8.0,"enemies":"Chosen and Byrds","floor":31.0,"turns":4.0},{"damage":66.0,"enemies":"Champ","floor":33.0,"turns":18.0},{"damage":6.0,"enemies":"Orb Walker","floor":35.0,"turns":3.0},{"damage":7.0,"enemies":"3 Darklings","floor":38.0,"turns":3.0},{"damage":14,"enemies":"Reptomancer","floor":40,"turns":6},{"damage":14,"enemies":"Writhing Mass","floor":41,"turns":7},{"damage":10,"enemies":"Giant Head","floor":42,"turns":7},{"damage":21,"enemies":"Spire Growth","floor":47,"turns":5},{"damage":13,"enemies":"Reptomancer","floor":48,"turns":6},{"damage":23,"enemies":"Awakened One","floor":50,"turns":12},{"damage":14,"enemies":"Shield and Spear","floor":54,"turns":5},{"damage":112,"enemies":"The Heart","floor":55,"turns":13}],"seed_played":"7935616080032260095","potions_obtained":[{"floor":1.0,"key":"Strength Potion"},{"floor":6.0,"key":"Block Potion"},{"floor":10.0,"key":"SteroidPotion"},{"floor":12.0,"key":"SpeedPotion"},{"floor":18.0,"key":"PowerPotion"},{"floor":29.0,"key":"EntropicBrew"},{"floor":31.0,"key":"Fruit Juice"},{"floor":38.0,"key":"Fire Potion"},{"floor":47,"key":"BloodPotion"}],"is_trial":false,"path_per_floor":["M","M","?","?","?","E","R","M","T","E","R","E","M","$","R","B",null,"M","$","T","M","M","E","?","M","T","M","R","E","?","M","R","B",null,"M","$","?","M","?","E","M","E","T","R","?","R","M","E","R","B",null,"R","$","E","B",null],"character_chosen":"IRONCLAD","items_purchased":["Spot Weakness","Flame Barrier","Membership Card","Metallicize","Evolve","War Paint","Bag of Preparation","Medical Kit","Mummified Hand","Dark Embrace"],"campfire_rested":1,"item_purchase_floors":[14,14,36,36,36,36,36,53,53,53],"current_hp_per_floor":[80,80,80,85,85,85,85,85,85,83,83,85,81,81,81,31,85,85,85,85,73,64,14,14,12,12,12,37,36,95,98,98,40,100,100,100,90,89,89,88,80,76,76,76,76,76,61,54,54,62,107,107,107,99,22],"gold":43,"neow_bonus":"ONE_RARE_RELIC","is_daily":false,"chose_seed":false,"campfire_upgraded":7,"win_rate":0.0,"timestamp":1609934683,"path_taken":["M","M","?","?","?","E","R","M","T","E","R","E","M","$","R","BOSS","M","?","?","M","M","E","?","M","T","M","R","E","?","M","R","BOSS","M","$","?","M","?","E","M","E","T","R","?","R","M","E","R","BOSS","R","$","E","BOSS"],"items_purchased_type":["Card","Card","Relic","Card","Card","Relic","Relic","Relic","Relic","Card"],"build_version":"2020-12-22","purchased_purges":1,"victory":true,"max_hp_per_floor":[80,80,80,85,85,85,85,85,85,85,85,85,85,85,85,85,85,85,85,85,85,85,85,85,85,85,85,85,85,95,100,100,100,100,100,100,100,100,100,107,107,107,107,107,107,107,107,107,107,107,107,107,107,107,107],"relic_stats":{"Happy Flower":[4],"counters":[27,157],"Juzu Bracelet":1,"Bag of Preparation":[18],"War Paint":["True Grit","Second Wind"],"Medical Kit":[14],"Burning Blood":135,"Ornamental Fan":[24],"Mummified Hand":[24],"Pantograph":35,"Pandora\u0027s Box":["Entrench","Second Wind","Shockwave","Pommel Strike","Flame Barrier","Wild Strike","Perfected Strike"],"obtain_stats":[{"Happy Flower":54,"Oddly Smooth Stone":10,"Thread and Needle":0,"The Courier":26,"Juzu Bracelet":6,"Bag of Preparation":36,"War Paint":36,"Ancient Tea Set":12,"Medical Kit":53,"Burning Blood":0,"Anchor":42,"Ornamental Fan":48,"Mummified Hand":53,"Pantograph":29,"Strawberry":40,"Pandora\u0027s Box":17,"Molten Egg 2":23,"Coffee Dripper":34,"Red Mask":39,"Membership Card":36,"InkBottle":9,"Paper Frog":43},{"Happy Flower":26,"Oddly Smooth Stone":5,"Thread and Needle":0,"The Courier":13,"Juzu Bracelet":3,"Bag of Preparation":18,"War Paint":18,"Ancient Tea Set":6,"Medical Kit":25,"Burning Blood":0,"Anchor":22,"Ornamental Fan":24,"Mummified Hand":25,"Pantograph":15,"Strawberry":20,"Pandora\u0027s Box":8,"Molten Egg 2":12,"Coffee Dripper":17,"Red Mask":19,"Membership Card":18,"InkBottle":4,"Paper Frog":22},{"Happy Flower":144,"Oddly Smooth Stone":19,"Thread and Needle":0,"The Courier":61,"Juzu Bracelet":11,"Bag of Preparation":93,"War Paint":93,"Ancient Tea Set":24,"Medical Kit":139,"Burning Blood":0,"Anchor":116,"Ornamental Fan":127,"Mummified Hand":139,"Pantograph":68,"Strawberry":102,"Pandora\u0027s Box":39,"Molten Egg 2":57,"Coffee Dripper":90,"Red Mask":96,"Membership Card":93,"InkBottle":15,"Paper Frog":116}],"InkBottle":[46]},"card_choices":[{"not_picked":["Dark Embrace","Thunderclap"],"picked":"Fire Breathing","floor":1.0},{"not_picked":["Perfected Strike","Fire Breathing"],"picked":"Whirlwind","floor":2.0},{"not_picked":["Armaments","Clothesline"],"picked":"Ghostly Armor","floor":6.0},{"not_picked":["Armaments","Warcry","Iron Wave"],"picked":"SKIP","floor":8.0},{"not_picked":["Clothesline","Cleave"],"picked":"Dual Wield","floor":10.0},{"not_picked":["Pommel Strike","Perfected Strike","Clash"],"picked":"SKIP","floor":12.0},{"not_picked":["Cleave","Perfected Strike"],"picked":"Headbutt","floor":13.0},{"not_picked":["Reaper","Fiend Fire"],"picked":"Immolate","floor":16.0},{"not_picked":["Flex","Bloodletting"],"picked":"True Grit","floor":18.0},{"not_picked":["Hemokinesis","Second Wind","Iron Wave+1"],"picked":"SKIP","floor":21.0},{"not_picked":["Dropkick+1","True Grit","Iron Wave"],"picked":"SKIP","floor":22.0},{"not_picked":["Body Slam+1","Sword Boomerang+1"],"picked":"Offering","floor":23.0},{"not_picked":["Heavy Blade+1","Body Slam+1","Pommel Strike+1"],"picked":"SKIP","floor":25.0},{"not_picked":["Twin Strike+1","Warcry"],"picked":"Intimidate+1","floor":27.0},{"not_picked":["Sword Boomerang+1","Clothesline+1"],"picked":"Power Through","floor":29.0},{"not_picked":["True Grit+1","Warcry+1"],"picked":"Sword Boomerang+1","floor":31.0},{"not_picked":["Brutality","Juggernaut"],"picked":"Limit Break","floor":33.0},{"not_picked":["Flex","Heavy Blade+1","Thunderclap+1"],"picked":"SKIP","floor":35.0},{"not_picked":["Madness","Dark Shackles"],"picked":"Forethought","floor":37.0},{"not_picked":["Bandage Up","Madness"],"picked":"Discovery","floor":37.0},{"not_picked":["Dramatic Entrance+1","Secret Weapon"],"picked":"Discovery","floor":37.0},{"not_picked":["Searing Blow+1","Anger+1"],"picked":"Body Slam+1","floor":38.0},{"not_picked":["Body Slam+1","Infernal Blade+1"],"picked":"Disarm","floor":40},{"not_picked":["Wild Strike+1","Rage"],"picked":"Battle Trance","floor":41},{"not_picked":["Pommel Strike+1","Uppercut+1"],"picked":"True Grit+1","floor":42},{"not_picked":["Wild Strike+1","Sentinel"],"picked":"Rage+1","floor":47},{"not_picked":["Flex","Iron Wave+1"],"picked":"Battle Trance+1","floor":48},{"not_picked":["Blood for Blood+1","Twin Strike+1"],"picked":"Fire Breathing","floor":54}],"player_experience":3651118,"relics_obtained":[{"floor":6.0,"key":"Juzu Bracelet"},{"floor":9.0,"key":"InkBottle"},{"floor":10.0,"key":"Oddly Smooth Stone"},{"floor":12.0,"key":"Ancient Tea Set"},{"floor":23.0,"key":"Molten Egg 2"},{"floor":26.0,"key":"The Courier"},{"floor":29.0,"key":"Pantograph"},{"floor":40,"key":"Strawberry"},{"floor":42,"key":"Anchor"},{"floor":43,"key":"Paper Frog"},{"floor":48,"key":"Ornamental Fan"},{"floor":54,"key":"Happy Flower"}],"event_choices":[{"damage_healed":0.0,"max_hp_gain":0.0,"max_hp_loss":0.0,"gold_gain":0.0,"event_name":"Living Wall","player_choice":"Grow","floor":3.0,"gold_loss":0.0,"damage_taken":0.0,"cards_upgraded":["Whirlwind"]},{"damage_healed":0.0,"max_hp_gain":5.0,"max_hp_loss":0.0,"gold_gain":0.0,"event_name":"Big Fish","player_choice":"Donut","floor":4.0,"gold_loss":0.0,"damage_taken":0.0},{"cards_removed":["Strike_R"],"damage_healed":0.0,"max_hp_gain":0.0,"max_hp_loss":0.0,"gold_gain":0.0,"event_name":"Purifier","player_choice":"Purged","floor":5.0,"gold_loss":0.0,"damage_taken":0.0},{"cards_removed":["Perfected Strike"],"damage_healed":0.0,"max_hp_gain":0.0,"max_hp_loss":0.0,"gold_gain":0.0,"event_name":"Beggar","player_choice":"Gave Gold","floor":24.0,"gold_loss":75.0,"damage_taken":0.0},{"cards_removed":["Immolate"],"damage_healed":49.0,"max_hp_gain":10.0,"max_hp_loss":0.0,"gold_gain":0.0,"event_name":"Bonfire Elementals","player_choice":"Offered Rare","floor":30.0,"gold_loss":0.0,"damage_taken":0.0},{"damage_healed":0.0,"max_hp_gain":0.0,"max_hp_loss":0.0,"gold_gain":0.0,"event_name":"SensoryStone","player_choice":"Memory 3","floor":37.0,"gold_loss":0.0,"damage_taken":10.0},{"damage_healed":0.0,"max_hp_gain":0.0,"max_hp_loss":0.0,"gold_gain":0.0,"event_name":"Tomb of Lord Red Mask","player_choice":"Paid","floor":39.0,"gold_loss":23.0,"damage_taken":0.0,"relics_obtained":["Red Mask"]},{"cards_removed":["Metallicize"],"damage_healed":0,"gold_gain":0,"player_choice":"Removed Power","damage_taken":0,"max_hp_gain":0,"max_hp_loss":0,"event_name":"Falling","floor":45,"gold_loss":0}],"is_beta":false,"boss_relics":[{"not_picked":["Empty Cage","Black Blood"],"picked":"Pandora\u0027s Box"},{"not_picked":["Velvet Choker","Fusion Hammer"],"picked":"Coffee Dripper"}],"items_purged_floors":[14],"is_endless":false,"potions_floor_spawned":[1,6,10,12,18,22,29,31,38,47],"ascension_level":1}}