{"host":"g7trc0x2teqyd8ye","time":1609950321,"event":{"mods":["BaseMod","Key Reminder","Minty Spire (QoL Compilation)","Relic Stats"],"gold_per_floor":[111,111,129,1,1,1,30,30,56,56,73,104,104,118,118,216,216,228,228,228,228,109,136,136,161,161,12,29,60,60,60,60,163,163,183,198,210,14,24,53,53,86,109,109,109,11,22,54,54,54,54,54,4,38,38,38],"floor_reached":55,"playtime":2527,"items_purged":[],"score":1332,"play_id":"279d965c-9008-47a8-815d-e9bf5c0cf93c","local_time":"20210106172521","is_ascension_mode":true,"campfire_choices":[{"data":"Dualcast","floor":6.0,"key":"SMITH"},{"data":"Zap","floor":8.0,"key":"SMITH"},{"data":"Conserve Battery","floor":13.0,"key":"SMITH"},{"data":"Auto Shields","floor":15.0,"key":"SMITH"},{"floor":24.0,"key":"REST"},{"data":"Fission","floor":30.0,"key":"SMITH"},{"floor":32.0,"key":"REST"},{"floor":41,"key":"REST"},{"data":"Echo Form","floor":44,"key":"SMITH"},{"floor":49,"key":"RECALL"},{"data":"Impatience","floor":52,"key":"SMITH"}],"circlet_count":0,"master_deck":["Strike_B+1","Strike_B+1","Defend_B+1","Defend_B+1","Defend_B+1","Defend_B+1","Zap+1","Dualcast+1","Conserve Battery+1","FTL+1","Cold Snap+1","All For One+1","Go for the Eyes+1","Auto Shields+1","Streamline+1","Fission+1","Stack+1","Lockon+1","Double Energy","FTL+1","Mind Blast+1","Doom and Gloom+1","Scrape+1","Dramatic Entrance+1","Ball Lightning+1","Doom and Gloom+1","Sweeping Beam+1","Beam Cell+1","Meteor Strike+1","CurseOfTheBell","Melter+1","Hologram+1","Redo+1","Gash+1","Echo Form+1","Impatience+1"],"relics":["Cracked Core","NeowsBlessing","Molten Egg 2","DataDisk","CultistMask","Prayer Wheel","Busted Crown","Regal Pillow","Symbiotic Virus","Singing Bowl","Art of War","Nloth\u0027s Gift","Calling Bell","Strawberry","Ornamental Fan","Mango","ClockworkSouvenir","Bottled Lightning","Nunchaku","PreservedInsect","Ice Cream","Bottled Tornado"],"acts_visited":["Exordium","TheCity","TheBeyond","TheEnding"],"potions_floor_usage":[39,40,50,55],"damage_taken":[{"damage":0.0,"enemies":"Small Slimes","floor":1.0,"turns":1.0},{"damage":0.0,"enemies":"Cultist","floor":3.0,"turns":1.0},{"damage":0.0,"enemies":"3 Sentries","floor":7.0,"turns":2.0},{"damage":0.0,"enemies":"2 Louse","floor":11.0,"turns":1.0},{"damage":12.0,"enemies":"Gremlin Nob","floor":12.0,"turns":3.0},{"damage":3.0,"enemies":"Blue Slaver","floor":14.0,"turns":2.0},{"damage":0.0,"enemies":"Slime Boss","floor":16.0,"turns":5.0},{"damage":22.0,"enemies":"2 Thieves","floor":18.0,"turns":4.0},{"damage":7.0,"enemies":"Book of Stabbing","floor":23.0,"turns":6.0},{"damage":16.0,"enemies":"Slavers","floor":25.0,"turns":3.0},{"damage":0.0,"enemies":"Chosen","floor":28.0,"turns":3.0},{"damage":20.0,"enemies":"Gremlin Leader","floor":29.0,"turns":5.0},{"damage":55.0,"enemies":"Collector","floor":33.0,"turns":7.0},{"damage":0,"enemies":"3 Shapes","floor":35,"turns":3},{"damage":4,"enemies":"Orb Walker","floor":36,"turns":2},{"damage":24,"enemies":"Maw","floor":37,"turns":6},{"damage":17,"enemies":"Writhing Mass","floor":39,"turns":4},{"damage":0,"enemies":"Reptomancer","floor":40,"turns":4},{"damage":23,"enemies":"Giant Head","floor":42,"turns":7},{"damage":0,"enemies":"3 Darklings","floor":47,"turns":2},{"damage":21,"enemies":"Reptomancer","floor":48,"turns":4},{"damage":55,"enemies":"Donu and Deca","floor":50,"turns":8},{"damage":90,"enemies":"Shield and Spear","floor":54,"turns":6},{"damage":14,"enemies":"The Heart","floor":55,"turns":2}],"seed_played":"-4758096551376082556","potions_obtained":[{"floor":11.0,"key":"Dexterity Potion"},{"floor":12.0,"key":"FocusPotion"},{"floor":14.0,"key":"AttackPotion"},{"floor":25.0,"key":"Block Potion"},{"floor":33.0,"key":"SpeedPotion"},{"floor":36,"key":"SteroidPotion"},{"floor":37,"key":"LiquidMemories"},{"floor":39,"key":"BlessingOfTheForge"}],"is_trial":false,"path_per_floor":["M","?","M","$","?","R","E","R","T","?","M","E","R","M","R","B",null,"M","?","?","?","$","E","R","E","T","$","M","E","R","?","R","B",null,"M","M","M","$","M","E","R","E","T","R","T","$","M","E","R","B",null,"R","$","E","B"],"character_chosen":"DEFECT","items_purchased":["FTL+1","ColorlessPotion","FTL+1","Mind Blast+1","Dramatic Entrance+1","Ball Lightning+1","Gash+1","ClockworkSouvenir","Impatience","Dexterity Potion"],"campfire_rested":3,"item_purchase_floors":[4,4,22,22,27,27,38,38,46,53],"current_hp_per_floor":[68,68,68,68,68,68,78,78,78,78,78,66,66,63,63,63,80,58,42,42,42,42,35,77,61,61,61,61,41,41,41,83,28,96,98,96,74,74,61,63,114,91,91,91,91,91,95,76,76,21,102,102,102,14,0,0],"gold":38,"neow_bonus":"THREE_ENEMY_KILL","is_daily":false,"chose_seed":false,"campfire_upgraded":7,"win_rate":0.0,"timestamp":1609950321,"path_taken":["M","?","?","$","?","R","E","R","T","?","M","E","R","?","R","BOSS","M","?","?","?","$","E","R","E","T","$","M","E","R","?","R","BOSS","M","M","M","?","?","E","R","E","T","R","?","$","M","E","R","BOSS","R","$","E","BOSS"],"items_purchased_type":["Card","Potion","Card","Card","Card","Card","Card","Relic","Card","Potion"],"build_version":"2020-12-22","purchased_purges":0,"victory":false,"max_hp_per_floor":[75,75,75,75,75,75,85,85,85,85,85,85,85,85,85,85,85,85,90,90,90,90,90,90,90,90,90,90,90,90,90,90,90,111,113,115,117,117,121,123,123,123,123,123,123,123,127,129,129,129,129,129,129,131,131,131],"relic_stats":{"Regal Pillow":45,"Nunchaku":[8],"Busted Crown":46,"Singing Bowl":20,"counters":[24,91],"Ornamental Fan":[160],"Prayer Wheel":8,"PreservedInsect":140,"Art of War":[0],"Nloth\u0027s Gift":1,"obtain_stats":[{"Ice Cream":48,"Regal Pillow":23,"Pear":7,"NeowsBlessing":0,"Singing Bowl":26,"Mango":34,"PreservedInsect":45,"Bottled Tornado":54,"ClockworkSouvenir":38,"keyreminder:keyreminder":12,"Calling Bell":34,"DataDisk":9,"Nunchaku":42,"Busted Crown":17,"Ornamental Fan":34,"Strawberry":34,"Molten Egg 2":2,"Prayer Wheel":12,"CultistMask":10,"Art of War":29,"Nloth\u0027s Gift":31,"Bottled Lightning":40,"Cracked Core":0,"Symbiotic Virus":25},{"Ice Cream":21,"Regal Pillow":9,"Pear":3,"NeowsBlessing":0,"Singing Bowl":10,"Mango":13,"PreservedInsect":19,"Bottled Tornado":23,"ClockworkSouvenir":16,"keyreminder:keyreminder":5,"Calling Bell":13,"DataDisk":3,"Nunchaku":19,"Busted Crown":7,"Ornamental Fan":13,"Strawberry":13,"Molten Egg 2":1,"Prayer Wheel":5,"CultistMask":3,"Art of War":12,"Nloth\u0027s Gift":12,"Bottled Lightning":18,"Cracked Core":0,"Symbiotic Virus":10},{"Ice Cream":75,"Regal Pillow":25,"Pear":4,"NeowsBlessing":0,"Singing Bowl":28,"Mango":43,"PreservedInsect":69,"Bottled Tornado":89,"ClockworkSouvenir":54,"keyreminder:keyreminder":8,"Calling Bell":43,"DataDisk":4,"Nunchaku":69,"Busted Crown":15,"Ornamental Fan":43,"Strawberry":43,"Molten Egg 2":1,"Prayer Wheel":8,"CultistMask":4,"Art of War":36,"Nloth\u0027s Gift":36,"Bottled Lightning":62,"Cracked Core":0,"Symbiotic Virus":28}]},"card_choices":[{"not_picked":["Melter","Defragment"],"picked":"Conserve Battery","floor":1.0},{"not_picked":["Redo","Turbo"],"picked":"Conserve Battery","floor":3.0},{"not_picked":["Tempest","Reprogram"],"picked":"Cold Snap+1","floor":7.0},{"not_picked":["Conserve Battery","Double Energy"],"picked":"All For One+1","floor":11.0},{"not_picked":["Streamline+1","Conserve Battery"],"picked":"Go for the Eyes+1","floor":12.0},{"not_picked":["Leap","Darkness"],"picked":"Auto Shields","floor":14.0},{"not_picked":["Doom and Gloom+1","Hologram"],"picked":"Streamline+1","floor":14.0},{"not_picked":["Multi-Cast","Electrodynamics"],"picked":"Fission","floor":16.0},{"not_picked":[],"picked":"Stack+1","floor":18.0},{"not_picked":["Leap"],"picked":"SKIP","floor":18.0},{"not_picked":[],"picked":"Doom and Gloom+1","floor":23.0},{"not_picked":[],"picked":"Scrape+1","floor":25.0},{"not_picked":[],"picked":"Doom and Gloom+1","floor":28.0},{"not_picked":[],"picked":"Sweeping Beam+1","floor":28.0},{"not_picked":[],"picked":"Beam Cell+1","floor":29.0},{"not_picked":[],"picked":"Meteor Strike+1","floor":33.0},{"not_picked":["Rebound+1"],"picked":"Singing Bowl","floor":35},{"not_picked":[],"picked":"Melter+1","floor":35},{"not_picked":[],"picked":"Hologram+1","floor":36},{"not_picked":["Coolheaded+1"],"picked":"Singing Bowl","floor":36},{"not_picked":[],"picked":"Redo+1","floor":37},{"not_picked":["Leap"],"picked":"Singing Bowl","floor":37},{"not_picked":["Steam Power+1"],"picked":"Singing Bowl","floor":39},{"not_picked":["Defragment+1"],"picked":"Singing Bowl","floor":39},{"not_picked":["Blizzard+1"],"picked":"Singing Bowl","floor":40},{"not_picked":[],"picked":"Echo Form","floor":42},{"not_picked":["Cold Snap+1"],"picked":"Singing Bowl","floor":47},{"not_picked":["Hello World+1"],"picked":"Singing Bowl","floor":47},{"not_picked":["Redo"],"picked":"Singing Bowl","floor":48},{"not_picked":["Auto Shields+1"],"picked":"Singing Bowl","floor":54}],"player_experience":880429,"relics_obtained":[{"floor":7.0,"key":"Pear"},{"floor":9.0,"key":"DataDisk"},{"floor":12.0,"key":"Prayer Wheel"},{"floor":23.0,"key":"Regal Pillow"},{"floor":25.0,"key":"Symbiotic Virus"},{"floor":26.0,"key":"Singing Bowl"},{"floor":29.0,"key":"Art of War"},{"floor":34,"key":"Strawberry"},{"floor":34,"key":"Ornamental Fan"},{"floor":34,"key":"Mango"},{"floor":40,"key":"Bottled Lightning"},{"floor":42,"key":"Nunchaku"},{"floor":45,"key":"PreservedInsect"},{"floor":48,"key":"Ice Cream"},{"floor":54,"key":"Bottled Tornado"}],"event_choices":[{"cards_removed":["Conserve Battery"],"damage_healed":0.0,"max_hp_gain":0.0,"max_hp_loss":0.0,"gold_gain":0.0,"event_name":"WeMeetAgain","player_choice":"Gave Card","floor":2.0,"gold_loss":0.0,"damage_taken":0.0,"relics_obtained":["Molten Egg 2"]},{"damage_healed":0.0,"max_hp_gain":0.0,"max_hp_loss":0.0,"gold_gain":0.0,"event_name":"Liars Game","player_choice":"Ignored","floor":5.0,"gold_loss":0.0,"damage_taken":0.0},{"damage_healed":0.0,"max_hp_gain":0.0,"max_hp_loss":0.0,"gold_gain":0.0,"event_name":"FaceTrader","player_choice":"Trade","floor":10.0,"gold_loss":0.0,"damage_taken":0.0,"relics_obtained":["CultistMask"]},{"damage_healed":0.0,"max_hp_gain":5.0,"max_hp_loss":0.0,"gold_gain":0.0,"event_name":"Forgotten Altar","player_choice":"Shed Blood","floor":19.0,"gold_loss":0.0,"damage_taken":21.0},{"damage_healed":0.0,"max_hp_gain":0.0,"max_hp_loss":0.0,"gold_gain":0.0,"cards_transformed":["Strike_B","Strike_B"],"event_name":"Drug Dealer","player_choice":"Became Test Subject","floor":20.0,"gold_loss":0.0,"damage_taken":0.0,"cards_obtained":["Lockon","Double Energy"]},{"damage_healed":0.0,"max_hp_gain":0.0,"max_hp_loss":0.0,"gold_gain":0.0,"event_name":"Back to Basics","player_choice":"Simplicity","floor":21.0,"gold_loss":0.0,"damage_taken":0.0,"cards_upgraded":["Strike_B","Strike_B","Defend_B","Defend_B","Defend_B","Defend_B"]},{"damage_healed":0.0,"max_hp_gain":0.0,"max_hp_loss":0.0,"gold_gain":0.0,"event_name":"N\u0027loth","player_choice":"Traded Relic","floor":31.0,"relics_lost":["Pear"],"gold_loss":0.0,"damage_taken":0.0,"relics_obtained":["Nloth\u0027s Gift"]}],"is_beta":false,"boss_relics":[{"not_picked":["Snecko Eye","SacredBark"],"picked":"Busted Crown"},{"not_picked":["Philosopher\u0027s Stone","Cursed Key"],"picked":"Calling Bell"}],"items_purged_floors":[],"is_endless":false,"potions_floor_spawned":[11,12,14,25,28,33,36,37,39],"killed_by":"The Heart","ascension_level":9}}