{"host":"9l1knhxfturzliqa","time":1609914758,"event":{"mods":["BaseMod","Colored Map","Colored Powertips","DeckTracker","Highlight Path","Keyboard Shortcuts","Minty Spire (QoL Compilation)","Random Character Button"],"gold_per_floor":[12,23,38,38,55,55,85,105,105,105,125,125,125,50,50,145,195,212,137,157,174,174,174,205,205,205,205,205,232,247,162,162,162,162],"floor_reached":33,"playtime":1836,"items_purged":["Strike_G"],"score":374,"play_id":"e9caaeb5-822d-41b6-8980-8bce75296935","local_time":"20210106153238","is_ascension_mode":true,"campfire_choices":[{"data":"Noxious Fumes","floor":6.0,"key":"SMITH"},{"data":"Neutralize","floor":10.0,"key":"SMITH"},{"data":"Sadistic Nature","floor":12.0,"key":"SMITH"},{"data":"PiercingWail","floor":15.0,"key":"SMITH"},{"data":"Night Terror","floor":23.0,"key":"SMITH"},{"data":"Tactician","floor":25.0,"key":"SMITH"},{"data":"Corpse Explosion","floor":27.0,"key":"SMITH"},{"floor":32.0,"key":"REST"}],"circlet_count":0,"master_deck":["Strike_G","Strike_G","Strike_G","Strike_G","Defend_G","Defend_G","Defend_G","Defend_G","Survivor+1","Neutralize+1","Sadistic Nature+1","Noxious Fumes+1","Finisher","Backflip","PiercingWail+1","Deadly Poison+1","Corpse Explosion+1","Night Terror+1","Tactician+1","Sucker Punch+1","Decay","Calculated Gamble+1"],"relics":["Ring of the Snake","Regal Pillow","Bottled Flame","Tiny House","CeramicFish","Toxic Egg 2","Tingsha"],"acts_visited":["Exordium","TheCity"],"potions_floor_usage":[],"damage_taken":[{"damage":0.0,"enemies":"Small Slimes","floor":1.0,"turns":3.0},{"damage":2.0,"enemies":"Cultist","floor":2.0,"turns":4.0},{"damage":2.0,"enemies":"Jaw Worm","floor":3.0,"turns":4.0},{"damage":3.0,"enemies":"Exordium Thugs","floor":5.0,"turns":5.0},{"damage":5.0,"enemies":"3 Sentries","floor":7.0,"turns":7.0},{"damage":7.0,"enemies":"Large Slime","floor":8.0,"turns":6.0},{"damage":3.0,"enemies":"Looter","floor":11.0,"turns":4.0},{"damage":1.0,"enemies":"Slime Boss","floor":16.0,"turns":6.0},{"damage":2.0,"enemies":"3 Byrds","floor":18.0,"turns":3.0},{"damage":4.0,"enemies":"Shell Parasite","floor":20.0,"turns":4.0},{"damage":13.0,"enemies":"Centurion and Healer","floor":21.0,"turns":7.0},{"damage":5.0,"enemies":"Book of Stabbing","floor":24.0,"turns":6.0},{"damage":26.0,"enemies":"Snecko","floor":29.0,"turns":4.0},{"damage":0.0,"enemies":"Snake Plant","floor":30.0,"turns":4.0},{"damage":59,"enemies":"Automaton","floor":33,"turns":8}],"seed_played":"3055931914847860268","potions_obtained":[{"floor":2.0,"key":"LiquidMemories"},{"floor":3.0,"key":"Fire Potion"},{"floor":5.0,"key":"EssenceOfSteel"},{"floor":11.0,"key":"FearPotion"},{"floor":16.0,"key":"PowerPotion"},{"floor":17.0,"key":"Poison Potion"},{"floor":21.0,"key":"SneckoOil"},{"floor":29.0,"key":"LiquidBronze"}],"is_trial":false,"path_per_floor":["M","M","M","?","M","R","E","M","T","R","M","R","?","$","R","B",null,"M","?","M","M","?","R","E","R","T","R","?","M","M","?","R","B"],"character_chosen":"THE_SILENT","items_purchased":[],"campfire_rested":1,"item_purchase_floors":[],"current_hp_per_floor":[63,61,59,70,67,67,62,55,55,55,52,52,52,52,52,51,70,68,68,64,51,51,51,46,46,46,46,46,20,20,20,57,0,0],"gold":162,"neow_bonus":"RANDOM_COLORLESS_2","is_daily":false,"chose_seed":false,"campfire_upgraded":7,"win_rate":0.0,"timestamp":1609914758,"path_taken":["M","M","M","?","M","R","E","?","T","R","M","R","?","?","R","BOSS","M","?","M","M","?","R","E","R","T","R","?","M","M","?","R","BOSS"],"items_purchased_type":[],"build_version":"2020-12-22","purchased_purges":1,"victory":false,"max_hp_per_floor":[70,70,70,70,70,70,70,70,70,70,70,70,70,70,70,70,75,75,75,75,75,75,75,75,75,75,75,75,75,75,75,75,75,75],"card_choices":[{"not_picked":["Secret Technique","Magnetism"],"picked":"Sadistic Nature","floor":0.0},{"not_picked":["Slice","Flechettes"],"picked":"Noxious Fumes","floor":1.0},{"not_picked":["Acrobatics","Dodge and Roll"],"picked":"Finisher","floor":2.0},{"not_picked":["Flying Knee","Underhanded Strike"],"picked":"Backflip","floor":3.0},{"not_picked":["Cloak And Dagger","Poisoned Stab"],"picked":"PiercingWail","floor":5.0},{"not_picked":["Caltrops","Deflect","Backflip"],"picked":"SKIP","floor":7.0},{"not_picked":["Backflip","Blade Dance"],"picked":"Deadly Poison","floor":8.0},{"not_picked":["Backflip","PiercingWail"],"picked":"Corpse Explosion","floor":11.0},{"not_picked":["Glass Knife","Malaise"],"picked":"Night Terror","floor":16.0},{"not_picked":["Prepared","Accuracy+1"],"picked":"Tactician","floor":18.0},{"not_picked":["Eviscerate+1","Accuracy"],"picked":"Sucker Punch+1","floor":20.0},{"not_picked":["Underhanded Strike","Deflect","Predator"],"picked":"SKIP","floor":21.0},{"not_picked":["Cloak And Dagger+1","Caltrops","Bane"],"picked":"SKIP","floor":24.0},{"not_picked":["Backflip+1","Poisoned Stab"],"picked":"Calculated Gamble+1","floor":29.0},{"not_picked":["Bane","All Out Attack","Riddle With Holes"],"picked":"SKIP","floor":30.0}],"player_experience":344853,"relics_obtained":[{"floor":7.0,"key":"Regal Pillow"},{"floor":9.0,"key":"Bottled Flame"},{"floor":24.0,"key":"CeramicFish"},{"floor":26.0,"key":"Toxic Egg 2"}],"event_choices":[{"damage_healed":11.0,"max_hp_gain":0.0,"max_hp_loss":0.0,"gold_gain":0.0,"event_name":"Wheel of Change","player_choice":"Full Heal","floor":4.0,"gold_loss":0.0,"damage_taken":0.0},{"damage_healed":0.0,"max_hp_gain":0.0,"max_hp_loss":0.0,"gold_gain":0.0,"event_name":"Accursed Blacksmith","player_choice":"Forge","floor":13.0,"gold_loss":0.0,"damage_taken":0.0,"cards_upgraded":["Deadly Poison"]},{"cards_removed":["Defend_G"],"damage_healed":0.0,"max_hp_gain":0.0,"max_hp_loss":0.0,"gold_gain":0.0,"event_name":"Beggar","player_choice":"Gave Gold","floor":19.0,"gold_loss":75.0,"damage_taken":0.0},{"damage_healed":0.0,"max_hp_gain":0.0,"max_hp_loss":0.0,"gold_gain":0.0,"event_name":"Forgotten Altar","player_choice":"Smashed Altar","floor":22.0,"gold_loss":0.0,"damage_taken":0.0,"cards_obtained":["Decay"]},{"damage_healed":0.0,"max_hp_gain":0.0,"max_hp_loss":0.0,"gold_gain":0.0,"event_name":"Vampires","player_choice":"Ignored","floor":28.0,"gold_loss":0.0,"damage_taken":0.0},{"damage_healed":0.0,"max_hp_gain":0.0,"max_hp_loss":0.0,"gold_gain":0.0,"event_name":"Addict","player_choice":"Obtained Relic","floor":31.0,"gold_loss":85.0,"damage_taken":0.0,"relics_obtained":["Tingsha"]}],"is_beta":false,"boss_relics":[{"not_picked":["Runic Dome","Busted Crown"],"picked":"Tiny House"}],"items_purged_floors":[14],"is_endless":false,"potions_floor_spawned":[2,3,5,11,16,21,29],"killed_by":"Automaton","ascension_level":8}}