{"host":"mydft8i2zzydgggw","time":1609948407,"event":{"mods":["AchievementEnabler","BaseMod","BetterRewards","Colored Map","Colored Powertips","DeckTracker","Keyboard Shortcuts","Minty Spire (QoL Compilation)","Quick Restart","Rare Cards Sparkle","StSLib","SuperFastMode","The Poker Player","everything is the same but u backflip on backflip"],"gold_per_floor":[110,110,110,110,110,110,141,154,154,165,185,213,229,244,244,341,341,361,361,361,62,104,139,139,139,139,156,169,0,0,40,40,135,135,155,155,2,43,43,43,71,82,107,107,124,124,124],"floor_reached":46,"playtime":1420,"items_purged":["PathToVictory+1","Strike_P"],"score":635,"play_id":"c268ea34-1743-43f1-96be-b275df8665ce","local_time":"20210107005327","is_ascension_mode":true,"campfire_choices":[{"data":"Eruption","floor":6,"key":"SMITH"},{"data":"LikeWater","floor":15,"key":"SMITH"},{"data":"Wish","floor":25,"key":"SMITH"},{"data":"Halt","floor":30,"key":"SMITH"},{"data":"Vigilance","floor":32,"key":"SMITH"},{"data":"DeusExMachina","floor":40,"key":"SMITH"},{"floor":44,"key":"RECALL"}],"circlet_count":0,"master_deck":["Strike_P","Defend_P","Eruption+1","Vigilance+1","LikeWater+1","WheelKick","TalkToTheHand","Tantrum","Wish+1","EmptyFist+1","EmptyMind+1","FearNoEvil","MentalFortress","Halt+1","DeusExMachina+1","JustLucky","Prostrate","LikeWater","CrushJoints+1"],"relics":["Sozu","Bronze Scales","Ancient Tea Set","MealTicket","Astrolabe","Pen Nib","Damaru","StrikeDummy","VioletLotus","Bird Faced Urn","Omamori"],"acts_visited":["Exordium","TheCity","TheBeyond"],"potions_floor_usage":[],"damage_taken":[{"damage":0,"enemies":"2 Louse","floor":1,"turns":3},{"damage":30,"enemies":"3 Sentries","floor":7,"turns":7},{"damage":0,"enemies":"Jaw Worm","floor":8,"turns":3},{"damage":0,"enemies":"Cultist","floor":10,"turns":4},{"damage":0,"enemies":"Large Slime","floor":11,"turns":3},{"damage":3,"enemies":"Lagavulin","floor":12,"turns":5},{"damage":0,"enemies":"2 Fungi Beasts","floor":13,"turns":2},{"damage":0,"enemies":"Exordium Thugs","floor":14,"turns":2},{"damage":0,"enemies":"Slime Boss","floor":16,"turns":7},{"damage":6,"enemies":"3 Byrds","floor":18,"turns":3},{"damage":9,"enemies":"Shell Parasite","floor":22,"turns":4},{"damage":34,"enemies":"Slavers","floor":23,"turns":6},{"damage":12,"enemies":"Centurion and Healer","floor":27,"turns":4},{"damage":4,"enemies":"Cultist and Chosen","floor":28,"turns":5},{"damage":24,"enemies":"Snake Plant","floor":31,"turns":4},{"damage":21,"enemies":"Automaton","floor":33,"turns":9},{"damage":22,"enemies":"3 Darklings","floor":35,"turns":4},{"damage":11,"enemies":"3 Shapes","floor":38,"turns":4},{"damage":1,"enemies":"Reptomancer","floor":41,"turns":7},{"damage":46,"enemies":"Transient","floor":42,"turns":5},{"damage":28,"enemies":"3 Darklings","floor":45,"turns":4},{"damage":58,"enemies":"Writhing Mass","floor":46,"turns":3}],"seed_played":"-7776929215124478798","potions_obtained":[],"is_trial":false,"path_per_floor":["M","?","?","?","?","R","E","M","T","M","M","E","M","M","R","B",null,"M","?","?","$","M","E","?","R","T","M","M","?","R","M","R","B",null,"M","?","$","M","?","R","E","M","T","R","M","M"],"character_chosen":"WATCHER","items_purchased":["MentalFortress","Pen Nib","JustLucky"],"campfire_rested":0,"item_purchase_floors":[21,21,37],"current_hp_per_floor":[72,72,60,60,65,65,35,35,35,35,35,32,32,32,32,32,77,71,71,71,77,68,34,87,87,87,75,71,71,71,47,47,26,87,65,65,80,69,69,69,68,28,28,28,6,0,0],"gold":124,"neow_bonus":"BOSS_RELIC","is_daily":false,"chose_seed":false,"campfire_upgraded":6,"win_rate":0.0,"timestamp":1609948407,"path_taken":["M","?","?","?","?","R","E","M","T","M","M","E","?","M","R","BOSS","M","?","?","$","M","E","?","R","T","M","?","?","R","M","R","BOSS","M","?","$","M","?","R","E","M","T","R","M","M"],"items_purchased_type":["Card","Relic","Card"],"build_version":"2020-12-22","purchased_purges":2,"victory":false,"max_hp_per_floor":[72,72,72,72,77,77,77,77,77,77,77,77,77,77,77,77,77,77,77,77,77,77,77,87,87,87,87,87,87,87,87,87,87,87,87,87,87,87,87,87,87,87,87,87,87,87,87],"card_choices":[{"not_picked":["EmptyBody","Halt","Consecrate"],"picked":"SKIP","floor":1},{"not_picked":["Halt","ThirdEye","SashWhip"],"picked":"SKIP","floor":7},{"not_picked":["BowlingBash","Indignation"],"picked":"LikeWater","floor":8},{"not_picked":["Conclude","Alpha"],"picked":"WheelKick","floor":10},{"not_picked":["Meditate","Nirvana"],"picked":"TalkToTheHand","floor":11},{"not_picked":["Indignation","Evaluate"],"picked":"Tantrum","floor":12},{"not_picked":["BowlingBash","CutThroughFate"],"picked":"DevaForm","floor":13},{"not_picked":["WreathOfFlame","Crescendo","ThirdEye"],"picked":"SKIP","floor":14},{"not_picked":["Establishment","Alpha"],"picked":"Wish","floor":16},{"not_picked":["Evaluate+1","SashWhip","Halt"],"picked":"SKIP","floor":18},{"not_picked":["Weave","EmptyBody","ReachHeaven+1"],"picked":"SKIP","floor":22},{"not_picked":["FlyingSleeves+1","BowlingBash","WaveOfTheHand"],"picked":"SKIP","floor":23},{"not_picked":["PathToVictory","FlurryOfBlows"],"picked":"Halt","floor":27},{"not_picked":["Halt+1","ReachHeaven+1","Crescendo"],"picked":"SKIP","floor":28},{"not_picked":["Halt+1","ReachHeaven+1","Crescendo"],"picked":"SKIP","floor":28},{"not_picked":["CarveReality","ConjureBlade","Weave"],"picked":"SKIP","floor":31},{"not_picked":["LessonLearned","Wish"],"picked":"DeusExMachina","floor":33},{"not_picked":["Swivel","Crescendo+1","Evaluate"],"picked":"SKIP","floor":35},{"not_picked":["ClearTheMind+1","PathToVictory"],"picked":"Prostrate","floor":38},{"not_picked":["WheelKick","TalkToTheHand+1","Crescendo+1"],"picked":"SKIP","floor":41},{"not_picked":["Evaluate","Halt"],"picked":"CrushJoints+1","floor":42},{"not_picked":["FlyingSleeves+1","Wireheading+1","Blasphemy"],"picked":"SKIP","floor":45}],"player_experience":117226,"relics_obtained":[{"floor":7,"key":"Ancient Tea Set"},{"floor":12,"key":"MealTicket"},{"floor":23,"key":"Damaru"},{"floor":26,"key":"StrikeDummy"},{"floor":41,"key":"Bird Faced Urn"},{"floor":43,"key":"Omamori"}],"event_choices":[{"damage_healed":0,"gold_gain":0,"player_choice":"Ignored","damage_taken":0,"max_hp_gain":0,"max_hp_loss":0,"event_name":"Shining Light","floor":2,"gold_loss":0},{"damage_healed":0,"gold_gain":0,"player_choice":"Success","damage_taken":12,"relics_obtained":["Bronze Scales"],"max_hp_gain":0,"max_hp_loss":0,"event_name":"Scrap Ooze","floor":3,"gold_loss":0},{"cards_removed":["Defend_P"],"damage_healed":0,"gold_gain":0,"player_choice":"Forget","damage_taken":0,"max_hp_gain":0,"max_hp_loss":0,"event_name":"Living Wall","floor":4,"gold_loss":0},{"damage_healed":0,"gold_gain":0,"player_choice":"Donut","damage_taken":0,"max_hp_gain":5,"max_hp_loss":0,"event_name":"Big Fish","floor":5,"gold_loss":0},{"damage_healed":0,"gold_gain":0,"player_choice":"Read","damage_taken":0,"max_hp_gain":0,"max_hp_loss":0,"event_name":"The Library","floor":19,"gold_loss":0,"cards_obtained":["FearNoEvil"]},{"damage_healed":0,"gold_gain":0,"player_choice":"Ignored","damage_taken":0,"max_hp_gain":0,"max_hp_loss":0,"event_name":"Ghosts","floor":20,"gold_loss":0},{"cards_removed":["DevaForm"],"damage_healed":43,"gold_gain":0,"player_choice":"Offered Rare","damage_taken":0,"max_hp_gain":10,"max_hp_loss":0,"event_name":"Bonfire Elementals","floor":24,"gold_loss":0},{"damage_healed":0,"gold_gain":0,"player_choice":"Paid Fearfully","damage_taken":0,"max_hp_gain":0,"max_hp_loss":0,"event_name":"Masked Bandits","floor":29,"gold_loss":169},{"cards_removed":["Defend_P"],"damage_healed":0,"gold_gain":0,"player_choice":"Removed Skill","damage_taken":0,"max_hp_gain":0,"max_hp_loss":0,"event_name":"Falling","floor":36,"gold_loss":0},{"damage_healed":0,"gold_gain":0,"player_choice":"1 cards matched","damage_taken":0,"max_hp_gain":0,"max_hp_loss":0,"event_name":"Match and Keep!","floor":39,"gold_loss":0,"cards_obtained":["LikeWater"]}],"is_beta":false,"boss_relics":[{"not_picked":["Tiny House","Philosopher\u0027s Stone"],"picked":"Astrolabe"},{"not_picked":["Calling Bell","Coffee Dripper"],"picked":"VioletLotus"}],"items_purged_floors":[21,37],"is_endless":false,"potions_floor_spawned":[10,11,12,13,16,22,27,31,41],"killed_by":"Writhing Mass","ascension_level":3}}