{"host":"sj4iglgxwg140igy","time":1609960077,"event":{"mods":["AchievementEnabler","BaseMod","Better Third Choice","Colored Map","Hubris","Infinite Spire","Minty Spire (QoL Compilation)","StSLib"],"gold_per_floor":[219,219,219,219,294,326,326,359,359,359,378,391,160,160,160,259,259,269,269,30,30,330,340,365,365,365,398,398,427,445,458,458,555,605,617,617,635,356,356,386,386,513,513,513,513,513,473,484,484,484],"floor_reached":51,"playtime":2109,"items_purged":[],"score":877,"play_id":"252f79af-9417-46fe-83b0-0c451ea953ae","local_time":"20210106160757","is_ascension_mode":true,"campfire_choices":[{"floor":7.0,"key":"REST"},{"data":"Flex","floor":15.0,"key":"SMITH"},{"data":"Whirlwind","floor":25.0,"key":"SMITH"},{"floor":32.0,"key":"REST"},{"floor":41,"key":"REST"},{"data":"Flex","floor":44,"key":"SMITH"},{"floor":49,"key":"REST"}],"circlet_count":0,"master_deck":["Strike_R","Strike_R","Strike_R+1","Defend_R+1","Defend_R","Defend_R","Defend_R","Bash+1","Dropkick","Rip and Tear+1","Anger","Flex+1","Clothesline","infinitespire:OneForAll","Whirlwind+1","Offering","Wild Strike+1","Infernal Blade","Rip and Tear+1","infinitespire:FutureSight","Limit Break+1","Entrench+1","infinitespire:FinalStrike+1","Reckless Charge","Flame Barrier+1","Pummel","hubris:DuctTapeCard","Limit Break","Pommel Strike+1","Pommel Strike+1","Pommel Strike+1","Wild Strike+1","Flex+1","Flash of Steel","Twin Strike+1"],"relics":["Black Blood","Mercury Hourglass","infinitespire:Golems Mask","hubris:BottledRain","Juzu Bracelet","Champion Belt","Bag of Marbles","hubris:Towel","Whetstone","Old Coin","infinitespire:Lucky Rock","hubris:DuctTape","The Courier","hubris:GlazedTorus","Tiny House","hubris:Icosahedron","ClockworkSouvenir","Potion Belt","hubris:BundleOfHerbs","infinitespire:Satchel","infinitespire:CheckeredPen"],"acts_visited":["Exordium","TheCity","TheBeyond"],"potions_floor_usage":[33,35,40,40,42,50],"damage_taken":[{"damage":2.0,"enemies":"Small Slimes","floor":1.0,"turns":3.0},{"damage":36.0,"enemies":"3 Sentries","floor":6.0,"turns":6.0},{"damage":8.0,"enemies":"Gremlin Nob","floor":8.0,"turns":3.0},{"damage":3.0,"enemies":"Jaw Worm","floor":11.0,"turns":2.0},{"damage":0.0,"enemies":"2 Louse","floor":12.0,"turns":2.0},{"damage":13.0,"enemies":"Hexaghost","floor":16.0,"turns":6.0},{"damage":14.0,"enemies":"Shell Parasite","floor":18.0,"turns":2.0},{"damage":6.0,"enemies":"3 Byrds","floor":23.0,"turns":2.0},{"damage":8.0,"enemies":"Book of Stabbing","floor":24.0,"turns":2.0},{"damage":7.0,"enemies":"Gremlin Leader","floor":27.0,"turns":3.0},{"damage":31.0,"enemies":"Book of Stabbing","floor":29.0,"turns":4.0},{"damage":0.0,"enemies":"Snake Plant","floor":30.0,"turns":1.0},{"damage":19.0,"enemies":"Centurion and Healer","floor":31.0,"turns":3.0},{"damage":24,"enemies":"hubris:MusketHawk","floor":33,"turns":6},{"damage":34,"enemies":"3 Shapes","floor":35,"turns":2},{"damage":7,"enemies":"Orb Walker","floor":37,"turns":2},{"damage":71,"enemies":"Giant Head","floor":40,"turns":7},{"damage":18,"enemies":"Reptomancer","floor":42,"turns":3},{"damage":16,"enemies":"Sphere and 2 Shapes","floor":48,"turns":3},{"damage":94,"enemies":"Donu and Deca","floor":50,"turns":7}],"seed_played":"-2186197290611725260","potions_obtained":[{"floor":8.0,"key":"Explosive Potion"},{"floor":11.0,"key":"GamblersBrew"},{"floor":24.0,"key":"LiquidMemories"},{"floor":29.0,"key":"SkillPotion"},{"floor":31.0,"key":"LiquidBronze"},{"floor":33,"key":"BloodPotion"},{"floor":34,"key":"HeartOfIron"},{"floor":40,"key":"Block Potion"},{"floor":42,"key":"GamblersBrew"}],"is_trial":false,"path_per_floor":["M","?","T","?","?","E","R","E","T","?","M","M","$","?","R","B",null,"M","?","$","?","AVR","M","E","R","T","E","?","E","M","M","R","B",null,"M","?","M","$","?","E","R","E","T","R","?","?","?","M","R","B",null],"character_chosen":"IRONCLAD","items_purchased":["Bag of Marbles","Whirlwind","SkillPotion","Whetstone","Infernal Blade","AttackPotion","ClockworkSouvenir","Potion Belt","AttackPotion"],"campfire_rested":4,"item_purchase_floors":[13,13,13,20,20,20,38,38,38],"current_hp_per_floor":[80,80,80,71,63,33,57,55,55,39,42,48,48,48,48,41,80,78,78,78,78,78,80,80,80,80,80,61,42,54,47,71,59,85,75,75,80,80,80,21,46,40,40,40,40,40,40,36,61,54],"gold":484,"neow_bonus":"HUNDRED_GOLD","is_daily":false,"chose_seed":false,"campfire_upgraded":3,"win_rate":0.0,"timestamp":1609960077,"path_taken":["M","?","?","?","?","E","R","E","T","?","M","M","$","?","R","BOSS","M","?","$","?","AVR","M","E","R","T","E","?","E","M","M","R","BOSS","M","?","M","$","?","E","R","E","T","R","?","?","?","M","R","BOSS"],"items_purchased_type":["Relic","Card","Potion","Relic","Card","Potion","Relic","Relic","Potion"],"build_version":"2020-12-22","purchased_purges":0,"victory":true,"max_hp_per_floor":[80,80,80,80,80,80,80,80,80,80,80,80,80,80,80,80,80,80,80,80,80,80,80,80,80,80,80,80,80,80,80,80,80,85,85,85,85,85,85,85,85,85,85,85,85,85,85,85,85,85],"card_choices":[{"not_picked":["Havoc","Dual Wield"],"picked":"Dropkick","floor":1.0},{"not_picked":["Heavy Blade","Havoc"],"picked":"Anger","floor":6.0},{"not_picked":["Uppercut","Havoc"],"picked":"Flex","floor":8.0},{"not_picked":["Armaments","Hemokinesis"],"picked":"Clothesline","floor":11.0},{"not_picked":["Second Wind","Hemokinesis"],"picked":"infinitespire:OneForAll","floor":12.0},{"not_picked":["Exhume","Brutality"],"picked":"Offering","floor":16.0},{"not_picked":["hubris:SharpeningStone","Perfected Strike"],"picked":"Wild Strike+1","floor":18.0},{"not_picked":["Dark Embrace","Headbutt"],"picked":"Limit Break","floor":23.0},{"not_picked":["Searing Blow","Dual Wield"],"picked":"Entrench+1","floor":24.0},{"not_picked":["Rupture+1","Flame Barrier"],"picked":"Intimidate","floor":27.0},{"not_picked":["infinitespire:Execution","hubris:Fate"],"picked":"infinitespire:FinalStrike","floor":28.0},{"not_picked":["Exhume","Dark Embrace+1"],"picked":"Reckless Charge","floor":29.0},{"not_picked":["Sentinel","Havoc"],"picked":"Flame Barrier","floor":30.0},{"not_picked":["Intimidate","True Grit"],"picked":"Pummel","floor":31.0},{"not_picked":["Fiend Fire","Barricade"],"picked":"Limit Break","floor":33},{"not_picked":["Reckless Charge","Clothesline"],"picked":"Pommel Strike+1","floor":34},{"not_picked":["Headbutt+1","Wild Strike"],"picked":"Pommel Strike+1","floor":35},{"not_picked":["True Grit","Wild Strike"],"picked":"Pommel Strike+1","floor":37},{"not_picked":["hubris:StunningStrike","Blood for Blood"],"picked":"Wild Strike+1","floor":40},{"not_picked":["Searing Blow+1","Warcry"],"picked":"Flex","floor":42},{"not_picked":["Mind Blast","Finesse"],"picked":"Flash of Steel","floor":45},{"not_picked":["Reckless Charge","Armaments"],"picked":"Twin Strike+1","floor":48}],"player_experience":133761,"relics_obtained":[{"floor":3.0,"key":"Mercury Hourglass"},{"floor":6.0,"key":"hubris:BottledRain"},{"floor":8.0,"key":"Juzu Bracelet"},{"floor":9.0,"key":"Champion Belt"},{"floor":24.0,"key":"infinitespire:Lucky Rock"},{"floor":26.0,"key":"hubris:DuctTape"},{"floor":27.0,"key":"The Courier"},{"floor":29.0,"key":"hubris:GlazedTorus"},{"floor":40,"key":"hubris:BundleOfHerbs"},{"floor":42,"key":"infinitespire:Satchel"},{"floor":43,"key":"infinitespire:CheckeredPen"}],"event_choices":[{"damage_healed":0.0,"max_hp_gain":0.0,"max_hp_loss":0.0,"gold_gain":0.0,"event_name":"Living Wall","player_choice":"Grow","floor":2.0,"gold_loss":0.0,"damage_taken":0.0,"cards_upgraded":["Bash"]},{"damage_healed":0.0,"max_hp_gain":0.0,"max_hp_loss":0.0,"gold_gain":75.0,"event_name":"FaceTrader","player_choice":"Touch","floor":5.0,"gold_loss":0.0,"damage_taken":8.0},{"damage_healed":55.0,"max_hp_gain":0.0,"max_hp_loss":80.0,"gold_gain":0.0,"event_name":"betterThird:BetterShining","player_choice":"Upgrade","floor":10.0,"gold_loss":0.0,"damage_taken":16.0,"cards_upgraded":["Rip and Tear","Defend_R"]},{"damage_healed":0.0,"max_hp_gain":0.0,"max_hp_loss":0.0,"gold_gain":0.0,"event_name":"Duplicator","player_choice":"Copied","floor":21.0,"gold_loss":0.0,"damage_taken":0.0,"cards_obtained":["Rip and Tear"]},{"damage_healed":0,"gold_gain":0,"player_choice":"Memory 1","damage_taken":0,"max_hp_gain":0,"max_hp_loss":0,"event_name":"SensoryStone","floor":45,"gold_loss":0},{"cards_removed":["Intimidate"],"damage_healed":0,"gold_gain":0,"player_choice":"Removed Skill","damage_taken":0,"max_hp_gain":0,"max_hp_loss":0,"event_name":"Falling","floor":46,"gold_loss":0},{"damage_healed":0,"gold_gain":0,"player_choice":"Upgrade","damage_taken":0,"max_hp_gain":0,"max_hp_loss":0,"event_name":"Designer","floor":47,"gold_loss":40,"cards_upgraded":["Limit Break"]}],"is_beta":false,"boss_relics":[{"not_picked":["Runic Dome","Coffee Dripper"],"picked":"Black Blood"},{"not_picked":["hubris:VirtuousBlindfold","hubris:GrandSneckoEye"],"picked":"Tiny House"}],"items_purged_floors":[],"is_endless":false,"potions_floor_spawned":[8,11,24,29,31,33,40,42],"ascension_level":1}}