{"host":"h4lp0eeso8a0ssq0","time":1609915555,"event":{"mods":["2.2 Compatiblity","AchievementEnabler","BaseMod","CapriCore","Colored Map","Minty Spire (QoL Compilation)","StSLib","SuperFastMode"],"gold_per_floor":[117,136,136,136,136,172,193,193,193,208,52,52,67,88,88,214,214,239,239,239],"floor_reached":19,"playtime":624,"items_purged":["Strike_B"],"score":194,"play_id":"565bef11-c90d-463e-b1fb-3f56af27ad30","local_time":"20210106154555","is_ascension_mode":false,"campfire_choices":[{"data":"Chaos","floor":8,"key":"SMITH"},{"data":"Sunder","floor":12,"key":"SMITH"},{"data":"Go for the Eyes","floor":15,"key":"SMITH"}],"circlet_count":0,"master_deck":["Strike_B","Strike_B","Defend_B","Defend_B","Defend_B","Defend_B","Zap","Dualcast","Consume","Chaos+1","Sunder+1","Conserve Battery","BootSequence","Steam Power","Go for the Eyes+1","Core Surge"],"relics":["Cracked Core","NeowsBlessing","Golden Idol","Frozen Egg 2","Nunchaku","Boot","Snecko Eye"],"acts_visited":["Exordium","TheCity"],"potions_floor_usage":[],"damage_taken":[{"damage":0,"enemies":"2 Louse","floor":1,"turns":1},{"damage":0,"enemies":"Jaw Worm","floor":2,"turns":1},{"damage":0,"enemies":"Gremlin Nob","floor":6,"turns":1},{"damage":6,"enemies":"Small Slimes","floor":7,"turns":3},{"damage":11,"enemies":"Exordium Thugs","floor":10,"turns":4},{"damage":0,"enemies":"Looter","floor":13,"turns":2},{"damage":2,"enemies":"Blue Slaver","floor":14,"turns":2},{"damage":46,"enemies":"Hexaghost","floor":16,"turns":12},{"damage":7,"enemies":"2 Thieves","floor":18,"turns":3},{"damage":25,"enemies":"3 Byrds","floor":19,"turns":3}],"seed_played":"1581683550491130211","potions_obtained":[{"floor":1,"key":"ColorlessPotion"},{"floor":6,"key":"BlessingOfTheForge"},{"floor":13,"key":"GamblersBrew"},{"floor":14,"key":"Ancient Potion"}],"is_trial":false,"path_per_floor":["M","M","?","?","?","E","M","R","T","M","$","R","M","M","R","B",null,"M","M"],"character_chosen":"DEFECT","items_purchased":["BootSequence"],"campfire_rested":0,"item_purchase_floors":[11],"current_hp_per_floor":[75,75,68,68,68,68,62,62,62,51,51,51,51,49,49,3,69,62,37,37],"gold":239,"neow_bonus":"THREE_ENEMY_KILL","is_daily":false,"chose_seed":false,"campfire_upgraded":3,"win_rate":0.0,"timestamp":1609915555,"path_taken":["M","M","?","?","?","E","M","R","T","M","$","R","M","M","R","BOSS","M","M"],"items_purchased_type":["Card"],"build_version":"2020-12-22","purchased_purges":1,"victory":false,"max_hp_per_floor":[75,75,75,69,69,69,69,69,69,69,69,69,69,69,69,69,69,69,69,69],"card_choices":[{"not_picked":["Aggregate","Stack"],"picked":"Consume","floor":1},{"not_picked":["Sweeping Beam","Turbo","Barrage"],"picked":"SKIP","floor":2},{"not_picked":["All For One","Leap"],"picked":"Chaos","floor":6},{"not_picked":["Turbo","Sweeping Beam"],"picked":"Sunder","floor":7},{"not_picked":["Go for the Eyes","Barrage"],"picked":"Conserve Battery","floor":10},{"not_picked":["Redo","Rip and Tear"],"picked":"Steam Power","floor":13},{"not_picked":["Conserve Battery","Barrage"],"picked":"Go for the Eyes","floor":14},{"not_picked":["Machine Learning+1","Meteor Strike"],"picked":"Core Surge","floor":16},{"not_picked":["Defragment+1","Beam Cell+1","Ball Lightning"],"picked":"SKIP","floor":18}],"player_experience":78475,"relics_obtained":[{"floor":6,"key":"Nunchaku"},{"floor":9,"key":"Boot"}],"event_choices":[{"cards_removed":["Strike_B"],"damage_healed":0,"gold_gain":0,"player_choice":"Card Removal","damage_taken":7,"max_hp_gain":0,"max_hp_loss":0,"event_name":"Golden Wing","floor":3,"gold_loss":0},{"damage_healed":0,"gold_gain":0,"player_choice":"Lose Max HP","damage_taken":0,"relics_obtained":["Golden Idol"],"max_hp_gain":0,"max_hp_loss":6,"event_name":"Golden Idol","floor":4,"gold_loss":0},{"damage_healed":0,"gold_gain":0,"player_choice":"Gave Potion","damage_taken":0,"relics_obtained":["Frozen Egg 2"],"max_hp_gain":0,"max_hp_loss":0,"event_name":"WeMeetAgain","floor":5,"gold_loss":0}],"is_beta":false,"boss_relics":[{"not_picked":["Pandora\u0027s Box","Fusion Hammer"],"picked":"Snecko Eye"}],"items_purged_floors":[11],"is_endless":false,"potions_floor_spawned":[1,6,13,14],"killed_by":"3 Byrds","ascension_level":0}}