{"host":"Fun","time":1609962447,"event":{"mods":["BaseMod","Colored Map","Minty Spire (QoL Compilation)","Relic Stats","StSLib"],"gold_per_floor":[112,132,132,307,0,32,46,81,106,125,125,138,170,187,187,292,292,305,305,316,60,77,77,107,206,253,273,273,300,215,228,228,331,331,374,374,178,219,219,230,230,273,299,364,383,447,45,62,62,62],"floor_reached":51,"playtime":2468,"items_purged":["Doubt","Strike_P","Strike_P+1","Strike_P+1"],"score":1384,"play_id":"0fa14cd9-d96f-4565-8de8-b08d22711ab8","local_time":"20210106144727","is_ascension_mode":true,"campfire_choices":[{"data":"TalkToTheHand","floor":11,"key":"SMITH"},{"data":"Tantrum","floor":15,"key":"SMITH"},{"data":"Vigilance","floor":23,"key":"SMITH"},{"data":"MasterReality","floor":28,"key":"SMITH"},{"data":"Wish","floor":32,"key":"SMITH"},{"data":"CutThroughFate","floor":41,"key":"SMITH"},{"floor":49,"key":"REST"}],"circlet_count":0,"master_deck":["Strike_P+1","Defend_P+1","Defend_P+1","Defend_P+1","Eruption+1","Vigilance+1","TalkToTheHand+1","FlurryOfBlows+1","LessonLearned+1","Tantrum+1","Prostrate+1","CutThroughFate+1","Halt+1","Adaptation+1","Worship+1","WreathOfFlame+1","FearNoEvil+1","MasterReality+1","Evaluate+1","TalkToTheHand+1","Prostrate+1","EmptyBody+1","WaveOfTheHand+1","Wish+1","ConjureBlade+1","CutThroughFate+1","Madness+1","Madness+1","Nirvana+1","TalkToTheHand+1","TalkToTheHand+1","BattleHymn","Evaluate","Tantrum+1","LikeWater+1"],"relics":["PureWater","WarpedTongs","Oddly Smooth Stone","MealTicket","Blood Vial","Centennial Puzzle","Runic Pyramid","Strange Spoon","Vajra","Omamori","Red Mask","Juzu Bracelet","Calling Bell","Bag of Marbles","Yang","Ginger","Damaru","Bottled Lightning","War Paint","HandDrill"],"acts_visited":["Exordium","TheCity","TheBeyond"],"potions_floor_usage":[6,42,48,50,50],"damage_taken":[{"damage":2,"enemies":"Jaw Worm","floor":1,"turns":2},{"damage":0,"enemies":"Small Slimes","floor":2,"turns":4},{"damage":0,"enemies":"Lagavulin","floor":6,"turns":5},{"damage":0,"enemies":"2 Louse","floor":7,"turns":1},{"damage":0,"enemies":"Gremlin Nob","floor":8,"turns":3},{"damage":0,"enemies":"2 Fungi Beasts","floor":10,"turns":5},{"damage":9,"enemies":"Exordium Wildlife","floor":12,"turns":5},{"damage":0,"enemies":"Lagavulin","floor":13,"turns":7},{"damage":11,"enemies":"Looter","floor":14,"turns":2},{"damage":0,"enemies":"Slime Boss","floor":16,"turns":4},{"damage":0,"enemies":"Chosen","floor":18,"turns":3},{"damage":2,"enemies":"Spheric Guardian","floor":20,"turns":4},{"damage":11,"enemies":"Centurion and Healer","floor":22,"turns":6},{"damage":1,"enemies":"Book of Stabbing","floor":24,"turns":3},{"damage":0,"enemies":"Chosen and Byrds","floor":27,"turns":6},{"damage":14,"enemies":"Masked Bandits","floor":29,"turns":5},{"damage":0,"enemies":"Sentry and Sphere","floor":31,"turns":4},{"damage":0,"enemies":"Champ","floor":33,"turns":7},{"damage":7,"enemies":"3 Shapes","floor":35,"turns":6},{"damage":0,"enemies":"3 Darklings","floor":38,"turns":5},{"damage":15,"enemies":"Writhing Mass","floor":40,"turns":6},{"damage":8,"enemies":"Spire Growth","floor":42,"turns":4},{"damage":13,"enemies":"Giant Head","floor":44,"turns":6},{"damage":3,"enemies":"Jaw Worm Horde","floor":45,"turns":3},{"damage":3,"enemies":"Nemesis","floor":46,"turns":9},{"damage":5,"enemies":"Sphere and 2 Shapes","floor":48,"turns":4},{"damage":16,"enemies":"Donu and Deca","floor":50,"turns":6}],"seed_played":"-4570326584907277790","potions_obtained":[{"floor":2,"key":"Strength Potion"},{"floor":6,"key":"AttackPotion"},{"floor":10,"key":"BottledMiracle"},{"floor":18,"key":"Strength Potion"},{"floor":45,"key":"Fire Potion"}],"is_trial":false,"path_per_floor":["M","M","?","?","$","E","M","E","T","M","R","M","E","M","R","B",null,"M","?","M","$","M","R","E","?","T","M","R","?","?","M","R","B",null,"M","?","$","M","?","M","R","M","T","E","M","E","$","M","R","B",null],"character_chosen":"WATCHER","items_purchased":["LessonLearned","Tantrum","Prostrate","Strange Spoon","Nirvana","HandDrill","Evaluate","Tantrum"],"campfire_rested":1,"item_purchase_floors":[5,5,5,21,37,47,47,47],"current_hp_per_floor":[63,63,63,63,63,63,63,63,63,65,65,58,60,51,51,53,67,69,69,69,72,61,61,62,62,62,64,64,52,52,54,54,56,68,63,54,69,71,71,57,57,51,51,40,39,38,53,50,71,56],"gold":62,"neow_bonus":"REMOVE_CARD","is_daily":false,"chose_seed":false,"campfire_upgraded":6,"win_rate":0.0,"timestamp":1609962447,"path_taken":["M","M","?","?","$","E","M","E","T","M","R","M","E","M","R","BOSS","M","?","M","$","M","R","E","?","T","M","R","?","?","M","R","BOSS","M","?","$","M","?","M","R","M","T","E","M","E","$","M","R","BOSS"],"items_purchased_type":["Card","Card","Card","Relic","Card","Relic","Card","Card"],"build_version":"2020-12-18","purchased_purges":4,"victory":true,"max_hp_per_floor":[72,72,72,72,72,72,72,72,72,72,72,72,72,72,72,72,72,72,72,72,72,72,72,72,72,72,72,72,72,72,72,72,72,72,72,72,72,72,72,72,72,72,72,72,72,72,72,72,72,72],"relic_stats":{"Blood Vial":40,"Strange Spoon":[50],"Centennial Puzzle":[36],"counters":[27,125],"MealTicket":33,"Yang":[119],"Juzu Bracelet":0,"HandDrill":[6],"Ginger":[4],"War Paint":["Worship"],"obtain_stats":[{"Oddly Smooth Stone":6,"Vajra":24,"Damaru":43,"Yang":34,"Omamori":26,"Juzu Bracelet":30,"Ginger":34,"War Paint":46,"WarpedTongs":1,"Blood Vial":9,"Calling Bell":34,"Strange Spoon":21,"Centennial Puzzle":13,"MealTicket":8,"Red Mask":29,"Bag of Marbles":34,"HandDrill":47,"Bottled Lightning":44,"PureWater":0,"Runic Pyramid":17},{"Oddly Smooth Stone":3,"Vajra":14,"Damaru":22,"Yang":18,"Omamori":14,"Juzu Bracelet":16,"Ginger":18,"War Paint":25,"WarpedTongs":1,"Blood Vial":5,"Calling Bell":18,"Strange Spoon":12,"Centennial Puzzle":8,"MealTicket":5,"Red Mask":16,"Bag of Marbles":18,"HandDrill":25,"Bottled Lightning":23,"PureWater":0,"Runic Pyramid":10},{"Oddly Smooth Stone":11,"Vajra":54,"Damaru":97,"Yang":76,"Omamori":54,"Juzu Bracelet":65,"Ginger":76,"War Paint":115,"WarpedTongs":1,"Blood Vial":15,"Calling Bell":76,"Strange Spoon":45,"Centennial Puzzle":32,"MealTicket":15,"Red Mask":65,"Bag of Marbles":76,"HandDrill":115,"Bottled Lightning":103,"PureWater":0,"Runic Pyramid":38}],"WarpedTongs":[105]},"card_choices":[{"not_picked":["Halt","Prostrate"],"picked":"TalkToTheHand","floor":1},{"not_picked":["Vengeance","ThirdEye"],"picked":"FlurryOfBlows","floor":2},{"not_picked":["ThirdEye","SpiritShield"],"picked":"CutThroughFate","floor":6},{"not_picked":["Fasting2","Consecrate"],"picked":"Halt","floor":7},{"not_picked":["Crescendo","Consecrate"],"picked":"Adaptation","floor":8},{"not_picked":["BowlingBash","CrushJoints","Nirvana"],"picked":"SKIP","floor":10},{"not_picked":["Swivel","MentalFortress"],"picked":"Worship","floor":12},{"not_picked":["CutThroughFate","CrushJoints"],"picked":"WreathOfFlame","floor":13},{"not_picked":["WindmillStrike","Pray"],"picked":"FearNoEvil","floor":14},{"not_picked":["Wish","DeusExMachina"],"picked":"MasterReality","floor":16},{"not_picked":["Halt","ClearTheMind"],"picked":"Evaluate","floor":18},{"not_picked":["Consecrate","Crescendo"],"picked":"TalkToTheHand+1","floor":20},{"not_picked":["FlurryOfBlows","ReachHeaven"],"picked":"Prostrate+1","floor":22},{"not_picked":["Tantrum","Adaptation"],"picked":"EmptyBody","floor":24},{"not_picked":["Conclude","FollowUp","Study"],"picked":"SKIP","floor":27},{"not_picked":["Halt","Swivel"],"picked":"WaveOfTheHand","floor":29},{"not_picked":["Consecrate+1","EmptyBody"],"picked":"Wish","floor":31},{"not_picked":["Alpha","Judgement"],"picked":"ConjureBlade","floor":33},{"not_picked":["Consecrate","JustLucky"],"picked":"CutThroughFate","floor":35},{"not_picked":["Evaluate","PathToVictory","ClearTheMind"],"picked":"SKIP","floor":38},{"not_picked":["ForeignInfluence","SignatureMove","Crescendo"],"picked":"SKIP","floor":40},{"not_picked":["Fasting2+1","Protect+1"],"picked":"TalkToTheHand+1","floor":42},{"not_picked":["SashWhip+1","ThirdEye+1"],"picked":"TalkToTheHand+1","floor":44},{"not_picked":["FlurryOfBlows","Protect"],"picked":"BattleHymn","floor":45},{"not_picked":["Conclude+1","BattleHymn+1","ForeignInfluence+1"],"picked":"SKIP","floor":46},{"not_picked":["Protect+1","Evaluate"],"picked":"LikeWater+1","floor":48}],"player_experience":150594,"relics_obtained":[{"floor":6,"key":"Oddly Smooth Stone"},{"floor":8,"key":"MealTicket"},{"floor":9,"key":"Blood Vial"},{"floor":13,"key":"Centennial Puzzle"},{"floor":24,"key":"Vajra"},{"floor":26,"key":"Omamori"},{"floor":29,"key":"Red Mask"},{"floor":34,"key":"Bag of Marbles"},{"floor":34,"key":"Yang"},{"floor":34,"key":"Ginger"},{"floor":43,"key":"Damaru"},{"floor":44,"key":"Bottled Lightning"},{"floor":46,"key":"War Paint"}],"event_choices":[{"damage_healed":0,"gold_gain":0,"player_choice":"Grow","damage_taken":0,"max_hp_gain":0,"max_hp_loss":0,"event_name":"Living Wall","floor":3,"gold_loss":0,"cards_upgraded":["Eruption"]},{"damage_healed":0,"gold_gain":175,"player_choice":"AGREE","damage_taken":0,"max_hp_gain":0,"max_hp_loss":0,"event_name":"Liars Game","floor":4,"gold_loss":0,"cards_obtained":["Doubt"]},{"damage_healed":0,"gold_gain":0,"player_choice":"Ignored","damage_taken":0,"max_hp_gain":0,"max_hp_loss":0,"event_name":"Vampires","floor":19,"gold_loss":0},{"damage_healed":0,"gold_gain":99,"player_choice":"Stole From Cult","damage_taken":0,"max_hp_gain":0,"max_hp_loss":0,"event_name":"Nest","floor":25,"gold_loss":0},{"damage_healed":0,"gold_gain":0,"player_choice":"Fought Bandits","damage_taken":0,"max_hp_gain":0,"max_hp_loss":0,"event_name":"Masked Bandits","floor":29,"gold_loss":0},{"damage_healed":0,"gold_gain":0,"player_choice":"Obtained Relic","damage_taken":0,"relics_obtained":["Juzu Bracelet"],"max_hp_gain":0,"max_hp_loss":0,"event_name":"Addict","floor":30,"gold_loss":85},{"damage_healed":0,"gold_gain":0,"player_choice":"Embrace Madness","damage_taken":9,"max_hp_gain":0,"max_hp_loss":0,"event_name":"Winding Halls","floor":36,"gold_loss":0,"cards_obtained":["Madness","Madness"]},{"damage_healed":0,"gold_gain":0,"player_choice":"Upgraded","damage_taken":0,"max_hp_gain":0,"max_hp_loss":0,"event_name":"Upgrade Shrine","floor":39,"gold_loss":0,"cards_upgraded":["Nirvana"]}],"is_beta":true,"boss_relics":[{"not_picked":["Coffee Dripper","Astrolabe"],"picked":"Runic Pyramid"},{"not_picked":["Pandora\u0027s Box","Snecko Eye"],"picked":"Calling Bell"}],"items_purged_floors":[5,21,37,47],"is_endless":false,"potions_floor_spawned":[2,6,10,18,22,24,40,45,46],"ascension_level":8}}