{"host":"ur405gpummdrt5xj","time":1609902027,"event":{"mods":["BaseMod","Colored Map","Highlight Path","Minty Spire (QoL Compilation)","Quick Restart"],"gold_per_floor":[112,130,4,79,79,79,79,105,105,121,156,56,89,99,99,99,99],"floor_reached":16,"playtime":672,"items_purged":["Strike_G","Strike_G"],"score":240,"play_id":"46d751b8-5cec-4e37-9e71-9810ddcc14ad","local_time":"20210105190027","is_ascension_mode":true,"campfire_choices":[{"data":"Backflip","floor":6.0,"key":"SMITH"},{"data":"PiercingWail","floor":15,"key":"SMITH"}],"circlet_count":0,"master_deck":["AscendersBane","Strike_G","Strike_G","Strike_G","Defend_G","Defend_G","Defend_G","Defend_G","Defend_G","Survivor","Neutralize+1","Infinite Blades","Backflip+1","PiercingWail+1","Backstab"],"relics":["Ring of the Snake","NeowsBlessing","Mango","Incense Burner","Singing Bowl","Oddly Smooth Stone","Lantern"],"acts_visited":["Exordium"],"potions_floor_usage":[11,13],"damage_taken":[{"damage":0.0,"enemies":"2 Louse","floor":1.0,"turns":1.0},{"damage":0.0,"enemies":"Jaw Worm","floor":2.0,"turns":1.0},{"damage":0.0,"enemies":"Lagavulin","floor":8.0,"turns":1.0},{"damage":0.0,"enemies":"Small Slimes","floor":10.0,"turns":4.0},{"damage":13,"enemies":"Gremlin Nob","floor":11,"turns":4},{"damage":14,"enemies":"3 Sentries","floor":13,"turns":11},{"damage":7,"enemies":"Gremlin Gang","floor":14,"turns":6},{"damage":56,"enemies":"Slime Boss","floor":16,"turns":12}],"seed_played":"-8399196158923849778","potions_obtained":[{"floor":10.0,"key":"Strength Potion"},{"floor":11,"key":"Regen Potion"},{"floor":13,"key":"SpeedPotion"}],"is_trial":false,"path_per_floor":["M","M","$","?","?","R","?","E","T","M","E","$","E","M","R","B"],"character_chosen":"THE_SILENT","items_purchased":["Backflip"],"campfire_rested":0,"item_purchase_floors":[3],"current_hp_per_floor":[63,63,63,52,52,52,66,66,66,66,55,55,58,53,53,0,0],"gold":99,"neow_bonus":"THREE_ENEMY_KILL","is_daily":false,"chose_seed":false,"campfire_upgraded":2,"win_rate":0.0,"timestamp":1609902027,"path_taken":["M","M","$","?","?","R","?","E","T","M","E","$","E","M","R","BOSS"],"items_purchased_type":["Card"],"build_version":"2020-12-22","purchased_purges":2,"victory":false,"max_hp_per_floor":[70,70,70,70,70,70,84,84,84,84,86,86,88,90,90,90,90],"card_choices":[{"not_picked":["Outmaneuver","Deadly Poison"],"picked":"Infinite Blades","floor":1.0},{"not_picked":["Dagger Throw","Concentrate","Infinite Blades"],"picked":"SKIP","floor":2.0},{"not_picked":["Tools of the Trade","Malaise"],"picked":"PiercingWail","floor":8.0},{"not_picked":["Skewer","Flying Knee"],"picked":"Backstab","floor":10.0},{"not_picked":["Leg Sweep","Expertise","Underhanded Strike"],"picked":"Singing Bowl","floor":11},{"not_picked":["Well Laid Plans","Sucker Punch","Underhanded Strike"],"picked":"Singing Bowl","floor":13},{"not_picked":["Dagger Spray","Malaise","PiercingWail"],"picked":"Singing Bowl","floor":14}],"player_experience":516839,"relics_obtained":[{"floor":8.0,"key":"Incense Burner"},{"floor":9.0,"key":"Singing Bowl"},{"floor":11,"key":"Oddly Smooth Stone"},{"floor":13,"key":"Lantern"}],"event_choices":[{"damage_healed":0.0,"max_hp_gain":0.0,"max_hp_loss":0.0,"gold_gain":75.0,"event_name":"World of Goop","player_choice":"Gather Gold","floor":4.0,"gold_loss":0.0,"damage_taken":11.0},{"damage_healed":0.0,"max_hp_gain":0.0,"max_hp_loss":0.0,"gold_gain":0.0,"event_name":"Living Wall","player_choice":"Grow","floor":5.0,"gold_loss":0.0,"damage_taken":0.0,"cards_upgraded":["Neutralize"]},{"damage_healed":0.0,"max_hp_gain":0.0,"max_hp_loss":0.0,"gold_gain":0.0,"event_name":"Dead Adventurer","player_choice":"Searched \u00271\u0027 times","floor":7.0,"gold_loss":0.0,"damage_taken":0.0,"relics_obtained":["Mango"]}],"is_beta":false,"boss_relics":[],"items_purged_floors":[3,12],"is_endless":false,"potions_floor_spawned":[10,11,13],"killed_by":"Slime Boss","ascension_level":10}}