{"host":"bydnmyvf669xu6ab","time":1609958048,"event":{"mods":["Aspiration","BaseMod","Better Note","BetterRewards","Colored Map","Colored Powertips","Minty Spire (QoL Compilation)","Rare Cards Sparkle","Relic Stats","Shop Mod","StSLib","SuperFastMode","Virulent Crown"],"gold_per_floor":[110,110,123,140,155,155,177,202,202,213,213,41,41,61,61,157,157,176,176,195,195,208,208,54,89,113,113,132,132,143,143,143,248,248,261,275,275,0,14,14,32,32,32,32,52,12,12,26,26,26],"floor_reached":51,"playtime":7810,"items_purged":[],"score":989,"play_id":"632403c9-e668-4b72-841b-fedc1355ca94","local_time":"20210106103408","is_ascension_mode":true,"campfire_choices":[{"data":"Accuracy","floor":6,"key":"SMITH"},{"floor":13,"key":"REST"},{"data":"Apotheosis","floor":15,"key":"SMITH"},{"floor":23,"key":"RECALL"},{"data":"Noxious Fumes","floor":27,"key":"SMITH"},{"data":"Bullet Time","floor":29,"key":"SMITH"},{"data":"Leg Sweep","floor":32,"key":"SMITH"},{"floor":40,"key":"REST"},{"data":"Well Laid Plans","floor":42,"key":"SMITH"},{"data":"Blur","floor":47,"key":"SMITH"},{"data":"Footwork","floor":49,"key":"SMITH"}],"circlet_count":0,"master_deck":["Strike_G+1","Strike_G+1","Strike_G+1","Strike_G+1","Strike_G+1","Defend_G+1","Defend_G+1","Defend_G+1","Defend_G+1","Defend_G+1","Survivor","Neutralize","Noxious Fumes+1","Bane","Deadly Poison","Blur+1","A Thousand Cuts","Venomology","Infinite Blades","Dodge and Roll","Cloak And Dagger","Accuracy+1","Blade Dance","Setup","Caltrops","Dagger Throw","Blade Dance","Dagger Spray","Prepared","Deflect","Leg Sweep+1","Apotheosis+1","Bullet Time+1","Dash+1","Escape Plan","Well Laid Plans+1","Blur+1","Infinite Blades","Backflip","Distraction+1","Venomology","Poisoned Stab+1","Catalyst+1","Infinite Blades","Calculated Gamble","Backflip+1","Parasite","Backflip+1","Accuracy+1","Footwork+1","Bouncing Flask+1"],"relics":["Ring of the Snake","Oddly Smooth Stone","MerchantsRug","Orrery","ClockworkSouvenir","Bag of Marbles","Regal Pillow","Odd Mushroom","Toy Ornithopter","Anchor","aspiration:SecretTechniqueScroll","Nunchaku","PreservedInsect","Blue Candle","SlaversCollar","Membership Card","Snake Skull","Shuriken"],"acts_visited":["Exordium","TheCity","TheBeyond"],"potions_floor_usage":[5,5,10,10,16,25,28,28,30,33,33,35,35,36,36,36,36,36,39,41,41,45,45,45,48,50],"damage_taken":[{"damage":0,"enemies":"Cultist","floor":1,"turns":3},{"damage":0,"enemies":"2 Louse","floor":3,"turns":3},{"damage":3,"enemies":"Jaw Worm","floor":4,"turns":3},{"damage":0,"enemies":"Lots of Slimes","floor":5,"turns":2},{"damage":0,"enemies":"The Mushroom Lair","floor":7,"turns":3},{"damage":17,"enemies":"3 Sentries","floor":8,"turns":7},{"damage":0,"enemies":"2 Fungi Beasts","floor":10,"turns":4},{"damage":0,"enemies":"Blue Slaver","floor":14,"turns":4},{"damage":0,"enemies":"Hexaghost","floor":16,"turns":8},{"damage":0,"enemies":"Shell Parasite","floor":18,"turns":3},{"damage":0,"enemies":"3 Byrds","floor":20,"turns":5},{"damage":0,"enemies":"Snecko","floor":22,"turns":4},{"damage":13,"enemies":"Slavers","floor":25,"turns":6},{"damage":29,"enemies":"Snake Plant","floor":28,"turns":5},{"damage":0,"enemies":"3 Cultists","floor":30,"turns":5},{"damage":7,"enemies":"Champ","floor":33,"turns":9},{"damage":0,"enemies":"Orb Walker","floor":35,"turns":4},{"damage":23,"enemies":"3 Darklings","floor":36,"turns":4},{"damage":21,"enemies":"Maw","floor":39,"turns":8},{"damage":0,"enemies":"Writhing Mass","floor":41,"turns":6},{"damage":5,"enemies":"Transient","floor":45,"turns":5},{"damage":2,"enemies":"4 Shapes","floor":48,"turns":5},{"damage":45,"enemies":"Donu and Deca","floor":50,"turns":9}],"seed_played":"4555558945091625167","potions_obtained":[{"floor":3,"key":"BlessingOfTheForge"},{"floor":7,"key":"SpeedPotion"},{"floor":8,"key":"GhostInAJar"},{"floor":14,"key":"SpeedPotion"},{"floor":28,"key":"EntropicBrew"},{"floor":30,"key":"EssenceOfSteel"},{"floor":33,"key":"BlessingOfTheForge"},{"floor":35,"key":"EntropicBrew"},{"floor":39,"key":"Weak Potion"},{"floor":45,"key":"SteroidPotion"}],"is_trial":false,"path_per_floor":["M","?","M","M","M","R","?","E","T","M","?","$","R","M","R","B",null,"M","?","M","?","M","R","$","E","T","R","M","R","M","?","R","B",null,"M","M","?","$","M","R","M","R","T","?","M","$","R","M","R","B",null],"character_chosen":"THE_SILENT","items_purchased":["Oddly Smooth Stone","MerchantsRug","Noxious Fumes","Orrery","Infinite Blades","Dodge and Roll","Cloak And Dagger","ClockworkSouvenir","Bag of Marbles","FairyPotion","Accuracy","Blade Dance","Setup","Dexterity Potion","Apotheosis","Blur","Infinite Blades","Membership Card","Infinite Blades","Snake Skull","Calculated Gamble","Footwork"],"campfire_rested":2,"item_purchase_floors":[0,0,0,0,0,0,0,0,0,0,0,0,0,0,12,24,24,38,38,38,38,46],"current_hp_per_floor":[28,28,28,25,25,25,25,8,8,18,18,18,54,54,54,59,70,70,70,70,70,70,70,70,57,57,57,52,52,57,57,57,60,70,70,59,59,59,43,70,70,70,70,70,65,65,65,68,68,28],"gold":26,"neow_bonus":"","is_daily":false,"chose_seed":false,"campfire_upgraded":8,"win_rate":0.0,"timestamp":1609958048,"path_taken":["M","?","?","M","M","R","?","E","T","M","?","$","R","?","R","BOSS","M","?","?","?","M","R","$","E","T","R","M","R","M","?","R","BOSS","M","M","?","$","?","R","M","R","T","?","M","$","R","M","R","BOSS"],"items_purchased_type":["Relic","Relic","Card","Relic","Card","Card","Card","Relic","Relic","Potion","Card","Card","Card","Potion","Card","Card","Card","Relic","Card","Relic","Card","Card"],"build_version":"2020-12-22","purchased_purges":0,"victory":true,"max_hp_per_floor":[70,70,70,70,70,70,70,70,70,70,70,70,70,70,70,70,70,70,70,70,70,70,70,70,70,70,70,70,70,70,70,70,70,70,70,70,70,70,70,70,70,70,70,70,70,70,70,70,70,70],"relic_stats":{"Regal Pillow":21,"Nunchaku":[17],"counters":[600,3017],"Shuriken":[11],"Blue Candle":[1],"PreservedInsect":0,"Snake Skull":[56],"obtain_stats":[{"TwistedFunnel":12,"Ginger":53,"Whetstone":54,"Bottled Tornado":26,"Sling":53,"aspiration:RitualStick":19,"Old Coin":37,"Blood Vial":47,"Sundial":24,"MealTicket":0,"Kunai":0,"MerchantsRug":0,"Pear":14,"GiantMaggot":0,"Blue Candle":34,"Pen Nib":25,"Paper Crane":0,"aspiration:FrozenJewel":12,"aspiration:IroncladSkillbook":34,"SlaversCollar":17,"Pandora\u0027s Box":17,"Unceasing Top":0,"Ring of the Serpent":17,"WizardHat":0,"Regal Pillow":14,"aspiration:Lifesprig":0,"Lantern":30,"Singing Bowl":0,"StoneCalendar":34,"Rawhide":40,"RoseTintedShades":43,"Bag of Preparation":0,"Ancient Tea Set":47,"Cursed Key":34,"Burning Blood":26,"Shovel":31,"WristBlade":34,"Ninja Scroll":38,"aspiration:FutureDiary":17,"InkBottle":14,"Ring of the Snake":0,"aspiration:VileToxins":21,"Potion Belt":31,"Lee\u0027s Waffle":0,"CherryCoatedStake":0,"Golden Idol":13,"Thread and Needle":0,"PreservedInsect":9,"The Courier":3,"Omamori":0,"Busted Crown":17,"Ornamental Fan":10,"Orrery":0,"Turnip":30,"SpikesRelics:DaevaFist":0,"Art of War":45,"Bottled Lightning":9,"Toy Ornithopter":42,"Ice Cream":14,"Calipers":27,"Gremlin Horn":9,"Vajra":34,"Centennial Puzzle":54,"HornCleat":41,"SpikesRelics:ToyHorsey":48,"DollysMirror":53,"Strawberry":23,"Philosopher\u0027s Stone":17,"Toxic Egg 2":2,"LugNut":0,"Girya":14,"Happy Flower":7,"aspiration:Nostalgia":5,"Dead Branch":37,"Oddly Smooth Stone":37,"aspiration:SeaSaltIceCream":26,"BlackRope":17,"Letter Opener":54,"War Paint":53,"Question Card":12,"aspiration:HiddenCompartment":43,"Shuriken":0,"Bronze Scales":5,"Molten Egg 2":43,"CosmicIsotope":34,"Pocketwatch":41,"Meat on the Bone":22,"Darkstone Periapt":22,"SnailShell":43,"RetroEgg":23,"SacredBark":34,"Mango":45,"Snake Skull":22,"Juzu Bracelet":0,"Incense Burner":40,"PrismaticShard":25,"ClockworkSouvenir":0,"aspiration:StickyExplosives_weak":7,"Nunchaku":10,"Tough Bandages":11,"Dream Catcher":21,"aspiration:DefectSkillbook":17,"Gambling Chip":9,"Pantograph":48,"RollingBoulder":26,"Red Mask":21,"Cracked Core":22,"Runic Pyramid":34,"aspiration:FetidBarrel":40,"aspiration:HummingbirdHeart":38,"ToxicTincture":0,"aspiration:SecretTechniqueScroll":17,"Odd Mushroom":8,"Orichalcum":12,"White Beast Statue":54,"Mercury Hourglass":29,"Calling Bell":34,"Peace Pipe":29,"Strange Spoon":0,"Anchor":26,"CaptainsWheel":0,"Bag of Marbles":7,"aspiration:RitualDagger":34,"Membership Card":0,"PureWater":5,"FossilizedHelix":53,"TungstenRod":29},{"TwistedFunnel":502,"Ginger":315,"Whetstone":337,"Bottled Tornado":488,"Sling":575,"aspiration:RitualStick":393,"Old Coin":308,"Blood Vial":359,"Sundial":299,"MealTicket":338,"Kunai":316,"MerchantsRug":577,"Pear":522,"GiantMaggot":362,"Blue Candle":305,"Pen Nib":300,"Paper Crane":409,"aspiration:FrozenJewel":286,"aspiration:IroncladSkillbook":399,"SlaversCollar":415,"Pandora\u0027s Box":392,"Unceasing Top":428,"Ring of the Serpent":440,"WizardHat":338,"Regal Pillow":369,"aspiration:Lifesprig":475,"Lantern":511,"Singing Bowl":316,"StoneCalendar":305,"Rawhide":333,"RoseTintedShades":333,"Bag of Preparation":495,"Ancient Tea Set":313,"Cursed Key":512,"Burning Blood":300,"Shovel":567,"WristBlade":491,"Ninja Scroll":570,"aspiration:FutureDiary":276,"InkBottle":535,"Ring of the Snake":0,"aspiration:VileToxins":348,"Potion Belt":398,"Lee\u0027s Waffle":362,"CherryCoatedStake":362,"Golden Idol":286,"Thread and Needle":316,"PreservedInsect":294,"The Courier":430,"Omamori":338,"Busted Crown":523,"Ornamental Fan":343,"Orrery":362,"Turnip":378,"SpikesRelics:DaevaFist":288,"Art of War":333,"Bottled Lightning":320,"Toy Ornithopter":547,"Ice Cream":345,"Calipers":462,"Gremlin Horn":285,"Vajra":305,"Centennial Puzzle":408,"HornCleat":311,"SpikesRelics:ToyHorsey":359,"DollysMirror":315,"Strawberry":299,"Philosopher\u0027s Stone":346,"Toxic Egg 2":270,"LugNut":281,"Girya":483,"Happy Flower":520,"aspiration:Nostalgia":431,"Dead Branch":381,"Oddly Smooth Stone":381,"aspiration:SeaSaltIceCream":300,"BlackRope":323,"Letter Opener":553,"War Paint":336,"Question Card":390,"aspiration:HiddenCompartment":571,"Shuriken":316,"Bronze Scales":431,"Molten Egg 2":405,"CosmicIsotope":421,"Pocketwatch":383,"Meat on the Bone":459,"Darkstone Periapt":373,"SnailShell":383,"RetroEgg":349,"SacredBark":353,"Mango":548,"Snake Skull":348,"Juzu Bracelet":386,"Incense Burner":472,"PrismaticShard":349,"ClockworkSouvenir":316,"aspiration:StickyExplosives_weak":320,"Nunchaku":321,"Tough Bandages":368,"Dream Catcher":416,"aspiration:DefectSkillbook":295,"Gambling Chip":367,"Pantograph":474,"RollingBoulder":395,"Red Mask":326,"Cracked Core":486,"Runic Pyramid":380,"aspiration:FetidBarrel":570,"aspiration:HummingbirdHeart":355,"ToxicTincture":338,"aspiration:SecretTechniqueScroll":370,"Odd Mushroom":436,"Orichalcum":438,"White Beast Statue":427,"Mercury Hourglass":465,"Calling Bell":305,"Peace Pipe":465,"Strange Spoon":409,"Anchor":327,"CaptainsWheel":338,"Bag of Marbles":293,"aspiration:RitualDagger":330,"Membership Card":428,"PureWater":431,"FossilizedHelix":315,"TungstenRod":529},{"TwistedFunnel":2560,"Ginger":1583,"Whetstone":1730,"Bottled Tornado":2501,"Sling":2891,"aspiration:RitualStick":2048,"Old Coin":1539,"Blood Vial":1863,"Sundial":1486,"MealTicket":1739,"Kunai":1588,"MerchantsRug":2902,"Pear":2654,"GiantMaggot":1891,"Blue Candle":1523,"Pen Nib":1490,"Paper Crane":2130,"aspiration:FrozenJewel":1413,"aspiration:IroncladSkillbook":2076,"SlaversCollar":2161,"Pandora\u0027s Box":2045,"Unceasing Top":2239,"Ring of the Serpent":2294,"WizardHat":1739,"Regal Pillow":1919,"aspiration:Lifesprig":2443,"Lantern":2599,"Singing Bowl":1588,"StoneCalendar":1523,"Rawhide":1694,"RoseTintedShades":1694,"Bag of Preparation":2534,"Ancient Tea Set":1567,"Cursed Key":2609,"Burning Blood":1490,"Shovel":2857,"WristBlade":2517,"Ninja Scroll":2869,"aspiration:FutureDiary":1382,"InkBottle":2716,"Ring of the Snake":0,"aspiration:VileToxins":1793,"Potion Belt":2068,"Lee\u0027s Waffle":1891,"CherryCoatedStake":1891,"Golden Idol":1413,"Thread and Needle":1588,"PreservedInsect":1457,"The Courier":2244,"Omamori":1739,"Busted Crown":2663,"Ornamental Fan":1765,"Orrery":1891,"Turnip":1966,"SpikesRelics:DaevaFist":1428,"Art of War":1694,"Bottled Lightning":1613,"Toy Ornithopter":2769,"Ice Cream":1775,"Calipers":2387,"Gremlin Horn":1411,"Vajra":1523,"Centennial Puzzle":2122,"HornCleat":1553,"SpikesRelics:ToyHorsey":1863,"DollysMirror":1583,"Strawberry":1486,"Philosopher\u0027s Stone":1784,"Toxic Egg 2":1357,"LugNut":1398,"Girya":2475,"Happy Flower":2647,"aspiration:Nostalgia":2248,"Dead Branch":1981,"Oddly Smooth Stone":1981,"aspiration:SeaSaltIceCream":1490,"BlackRope":1636,"Letter Opener":2796,"War Paint":1722,"Question Card":2033,"aspiration:HiddenCompartment":2873,"Shuriken":1588,"Bronze Scales":2248,"Molten Egg 2":2099,"CosmicIsotope":2196,"Pocketwatch":1992,"Meat on the Bone":2369,"Darkstone Periapt":1937,"SnailShell":1992,"RetroEgg":1800,"SacredBark":1828,"Mango":2776,"Snake Skull":1793,"Juzu Bracelet":2013,"Incense Burner":2427,"PrismaticShard":1800,"ClockworkSouvenir":1588,"aspiration:StickyExplosives_weak":1613,"Nunchaku":1619,"Tough Bandages":1912,"Dream Catcher":2166,"aspiration:DefectSkillbook":1466,"Gambling Chip":1908,"Pantograph":2436,"RollingBoulder":2057,"Red Mask":1654,"Cracked Core":2490,"Runic Pyramid":1978,"aspiration:FetidBarrel":2869,"aspiration:HummingbirdHeart":1839,"ToxicTincture":1739,"aspiration:SecretTechniqueScroll":1926,"Odd Mushroom":2272,"Orichalcum":2282,"White Beast Statue":2231,"Mercury Hourglass":2400,"Calling Bell":1523,"Peace Pipe":2400,"Strange Spoon":2130,"Anchor":1659,"CaptainsWheel":1739,"Bag of Marbles":1452,"aspiration:RitualDagger":1679,"Membership Card":2239,"PureWater":2248,"FossilizedHelix":1583,"TungstenRod":2692}],"Toy Ornithopter":67,"Ring of the Snake":[250]},"card_choices":[{"not_picked":["Sucker Punch","Dash"],"picked":"Bane","floor":0},{"not_picked":["Dagger Throw","Poisoned Stab"],"picked":"Deadly Poison","floor":0},{"not_picked":["Well Laid Plans","Slice"],"picked":"Blur","floor":0},{"not_picked":["Leg Sweep","Sucker Punch"],"picked":"A Thousand Cuts","floor":0},{"not_picked":["Well Laid Plans","Deflect"],"picked":"Venomology","floor":0},{"not_picked":["Acrobatics","Sucker Punch"],"picked":"Caltrops","floor":1},{"not_picked":["Riddle With Holes","Masterful Stab"],"picked":"Dagger Throw","floor":3},{"not_picked":["Underhanded Strike","Leg Sweep"],"picked":"Blade Dance","floor":4},{"not_picked":["Doppelganger","Predator"],"picked":"Dagger Spray","floor":5},{"not_picked":["Tactician","Terror"],"picked":"Prepared","floor":7},{"not_picked":["Flying Knee","Acrobatics"],"picked":"Deflect","floor":8},{"not_picked":["Underhanded Strike","Expertise"],"picked":"Leg Sweep","floor":10},{"not_picked":["Tactician","Underhanded Strike","Slice"],"picked":"SKIP","floor":14},{"not_picked":["A Thousand Cuts","Doppelganger"],"picked":"Bullet Time","floor":16},{"not_picked":["Concentrate+1","PiercingWail"],"picked":"Dash+1","floor":18},{"not_picked":["Prepared","Sucker Punch+1"],"picked":"Escape Plan","floor":20},{"not_picked":["Escape Plan","Underhanded Strike"],"picked":"Well Laid Plans","floor":22},{"not_picked":["PiercingWail","Dagger Spray"],"picked":"Backflip","floor":25},{"not_picked":["Deflect","PiercingWail","Flying Knee"],"picked":"SKIP","floor":28},{"not_picked":["Quick Slash","Calculated Gamble"],"picked":"Distraction+1","floor":30},{"not_picked":["Corpse Explosion","Night Terror"],"picked":"Venomology","floor":33},{"not_picked":["Quick Slash","Endless Agony+1"],"picked":"Poisoned Stab+1","floor":35},{"not_picked":["Dodge and Roll+1","Blade Dance+1"],"picked":"Catalyst+1","floor":36},{"not_picked":["PiercingWail","Sucker Punch"],"picked":"Backflip+1","floor":39},{"not_picked":["Dagger Throw","Leg Sweep"],"picked":"Backflip+1","floor":41},{"not_picked":["Cloak And Dagger+1","Backflip"],"picked":"Accuracy+1","floor":45},{"not_picked":["Prepared","Bane"],"picked":"Bouncing Flask+1","floor":48}],"player_experience":2184894,"relics_obtained":[{"floor":7,"key":"Odd Mushroom"},{"floor":8,"key":"Toy Ornithopter"},{"floor":9,"key":"Anchor"},{"floor":25,"key":"Nunchaku"},{"floor":26,"key":"PreservedInsect"},{"floor":43,"key":"Shuriken"}],"event_choices":[{"damage_healed":0,"gold_gain":0,"player_choice":"Gave Potion","damage_taken":0,"relics_obtained":["Regal Pillow"],"max_hp_gain":0,"max_hp_loss":0,"event_name":"WeMeetAgain","floor":2,"gold_loss":0},{"damage_healed":0,"gold_gain":0,"player_choice":"Fought Mushrooms","damage_taken":0,"max_hp_gain":0,"max_hp_loss":0,"event_name":"Mushrooms","floor":7,"gold_loss":0},{"damage_healed":0,"gold_gain":0,"player_choice":"Bought 0 Potions","damage_taken":0,"max_hp_gain":0,"max_hp_loss":0,"event_name":"The Woman in Blue","floor":11,"gold_loss":0},{"damage_healed":0,"gold_gain":0,"player_choice":"Ignored","damage_taken":0,"max_hp_gain":0,"max_hp_loss":0,"event_name":"betterNote:BetterNote","floor":19,"gold_loss":0,"cards_obtained":["Limit Break"]},{"damage_healed":0,"gold_gain":0,"player_choice":"Simplicity","damage_taken":0,"max_hp_gain":0,"max_hp_loss":0,"event_name":"Back to Basics","floor":21,"gold_loss":0,"cards_upgraded":["Strike_G","Strike_G","Strike_G","Strike_G","Strike_G","Defend_G","Defend_G","Defend_G","Defend_G","Defend_G"]},{"damage_healed":0,"gold_gain":0,"player_choice":"Opened","damage_taken":0,"relics_obtained":["Blue Candle"],"max_hp_gain":0,"max_hp_loss":0,"event_name":"The Mausoleum","floor":31,"gold_loss":0},{"damage_healed":0,"gold_gain":0,"player_choice":"Upgraded","damage_taken":0,"max_hp_gain":0,"max_hp_loss":0,"event_name":"Upgrade Shrine","floor":37,"gold_loss":0,"cards_upgraded":["Blur"]},{"damage_healed":0,"gold_gain":0,"player_choice":"Ignored","damage_taken":0,"max_hp_gain":0,"max_hp_loss":0,"event_name":"SecretPortal","floor":44,"gold_loss":0}],"is_beta":false,"boss_relics":[{"not_picked":["Ring of the Serpent","Coffee Dripper"],"picked":"aspiration:SecretTechniqueScroll"},{"not_picked":["Pandora\u0027s Box","Black Star"],"picked":"SlaversCollar"}],"items_purged_floors":[],"is_endless":false,"potions_floor_spawned":[3,7,8,14,25,28,30,33,35,39,45],"ascension_level":1}}