{"host":"u0qetpmu4y58k1tf","time":1609937361,"event":{"mods":["AchievementEnabler","BaseMod","Colored Map","Colored Powertips","Hermit","Marisa£¨Ùöéë¡¡Øª×âÞÞ£©","Minty Spire (QoL Compilation)","Replay The Spire","StSLib","SuperFastMode","The Bug Knight","The Cursed","The Hierophant","The Runesmith"],"gold_per_floor":[116,127,127,138,138,63,73,108,108,135,135,135,145,165,165,165,165],"floor_reached":16,"playtime":691,"items_purged":["Regret"],"score":112,"play_id":"0ebb25cd-9294-45de-97fc-065c2ae0dae9","local_time":"20210106214921","is_ascension_mode":false,"campfire_choices":[{"floor":11,"key":"REST"},{"floor":15,"key":"REST"}],"circlet_count":0,"master_deck":["Strike_P","Strike_P+1","Strike_P","Defend_P","Defend_P","Defend_P","Defend_P","Eruption","Vigilance","FlyingSleeves","Prostrate+1","ClearTheMind","Devotion"],"relics":["PureWater","Letter Opener","Regal Pillow","Boot","SsserpentHead"],"acts_visited":["Exordium"],"potions_floor_usage":[8,8,10,16],"damage_taken":[{"damage":0,"enemies":"Small Slimes","floor":1,"turns":3},{"damage":0,"enemies":"Jaw Worm","floor":2,"turns":4},{"damage":3,"enemies":"Cultist","floor":4,"turns":3},{"damage":4,"enemies":"Red Slaver","floor":7,"turns":5},{"damage":12,"enemies":"Gremlin Nob","floor":8,"turns":3},{"damage":23,"enemies":"3 Sentries","floor":10,"turns":8},{"damage":16,"enemies":"Lots of Slimes","floor":13,"turns":4},{"damage":0,"enemies":"Exordium Wildlife","floor":14,"turns":2},{"damage":78,"enemies":"Hexaghost","floor":16,"turns":12}],"seed_played":"77441637279250558","potions_obtained":[{"floor":4,"key":"Languid Potion"},{"floor":7,"key":"Strength Potion"},{"floor":8,"key":"Block Potion"},{"floor":14,"key":"DistilledChaos"}],"is_trial":false,"path_per_floor":["M","M","?","M","?","$","M","E","T","E","R","?","M","M","R","B"],"character_chosen":"WATCHER","items_purchased":[],"campfire_rested":2,"item_purchase_floors":[],"current_hp_per_floor":[72,72,58,55,55,55,51,39,39,16,52,52,36,36,72,0,0],"gold":165,"neow_bonus":"TRANSFORM_CARD","is_daily":false,"chose_seed":false,"campfire_upgraded":0,"win_rate":0.0,"timestamp":1609937361,"path_taken":["M","M","?","M","?","$","?","E","T","E","R","?","M","M","R","BOSS"],"items_purchased_type":[],"build_version":"2020-12-22","purchased_purges":1,"victory":false,"max_hp_per_floor":[72,72,72,72,72,72,72,72,72,72,72,72,72,72,72,72,72],"card_choices":[{"not_picked":["Halt","FearNoEvil","Vengeance"],"picked":"SKIP","floor":1},{"not_picked":["FollowUp","Sanctity"],"picked":"Prostrate","floor":2},{"not_picked":["Meditate","Evaluate","EmptyBody"],"picked":"SKIP","floor":4},{"not_picked":["FollowUp","Crescendo"],"picked":"ClearTheMind","floor":7},{"not_picked":["Weave","CutThroughFate","Replay:ManipulateFuture"],"picked":"SKIP","floor":8},{"not_picked":["Crescendo","Replay:Cycle"],"picked":"Devotion","floor":10},{"not_picked":["EmptyMind","Adaptation","Evaluate"],"picked":"SKIP","floor":13},{"not_picked":["Replay:Hum","JustLucky","Collect"],"picked":"SKIP","floor":14}],"player_experience":20142,"relics_obtained":[{"floor":8,"key":"Regal Pillow"},{"floor":10,"key":"Boot"}],"event_choices":[{"damage_healed":0,"gold_gain":0,"player_choice":"Entered Light","damage_taken":14,"max_hp_gain":0,"max_hp_loss":0,"event_name":"Shining Light","floor":3,"gold_loss":0,"cards_upgraded":["Prostrate","Strike_P"]},{"damage_healed":0,"gold_gain":0,"player_choice":"Box","damage_taken":0,"relics_obtained":["Letter Opener"],"max_hp_gain":0,"max_hp_loss":0,"event_name":"Big Fish","floor":5,"gold_loss":0,"cards_obtained":["Regret"]},{"damage_healed":0,"gold_gain":0,"player_choice":"Trade","damage_taken":0,"relics_obtained":["SsserpentHead"],"max_hp_gain":0,"max_hp_loss":0,"event_name":"FaceTrader","floor":12,"gold_loss":0}],"is_beta":false,"boss_relics":[],"items_purged_floors":[6],"is_endless":false,"potions_floor_spawned":[4,7,8,14],"killed_by":"Hexaghost","ascension_level":0}}