{"host":"7i2b4pyo6x2376bs","time":1609903640,"event":{"mods":["BaseMod","Better Note","Colored Map","Highlight Path","Minty Spire (QoL Compilation)","Quick Restart","Rare Cards Sparkle","Shop Mod","StSLib","The Jungle"],"gold_per_floor":[118,137,148,148,148,148,162,162,162,162,162,202,202,8,8,8,8],"floor_reached":16,"playtime":946,"items_purged":[],"score":108,"play_id":"b1862a78-4a71-4a0e-b402-0f904c30148d","local_time":"20210105192720","is_ascension_mode":true,"campfire_choices":[{"floor":6,"key":"REST"},{"floor":11,"key":"REST"},{"floor":13,"key":"REST"},{"floor":15,"key":"RECALL"}],"circlet_count":0,"master_deck":["Strike_G","Strike_G","Strike_G+1","Strike_G","Strike_G","Defend_G","Defend_G","Defend_G","Defend_G","Survivor","Neutralize+1","Dagger Spray+1","Footwork+1","Leg Sweep","Underhanded Strike","Accuracy","Footwork"],"relics":["Ring of the Snake","Golden Idol","Ginger","Lantern"],"acts_visited":["Exordium"],"potions_floor_usage":[12,16],"damage_taken":[{"damage":0,"enemies":"2 Louse","floor":1,"turns":4},{"damage":0,"enemies":"Small Slimes","floor":2,"turns":3},{"damage":0,"enemies":"Jaw Worm","floor":3,"turns":5},{"damage":10,"enemies":"Exordium Wildlife","floor":7,"turns":5},{"damage":29,"enemies":"Gremlin Nob","floor":12,"turns":5},{"damage":51,"enemies":"Hexaghost","floor":16,"turns":14}],"seed_played":"-3173750603148712469","potions_obtained":[{"floor":3,"key":"Energy Potion"},{"floor":12,"key":"PowerPotion"}],"is_trial":false,"path_per_floor":["M","M","M","?","?","R","M","?","T","?","R","E","R","$","R","B"],"character_chosen":"THE_SILENT","items_purchased":["Lantern","Footwork"],"campfire_rested":3,"item_purchase_floors":[14,14],"current_hp_per_floor":[70,70,70,53,46,67,57,57,57,43,64,35,56,56,56,5,5],"gold":8,"neow_bonus":"UPGRADE_CARD","is_daily":false,"chose_seed":false,"campfire_upgraded":0,"win_rate":0.0,"timestamp":1609903640,"path_taken":["M","M","M","?","?","R","M","?","T","?","R","E","R","?","R","BOSS"],"items_purchased_type":["Relic","Card"],"build_version":"2020-12-22","purchased_purges":0,"victory":false,"max_hp_per_floor":[70,70,70,70,70,70,70,70,70,70,70,70,70,70,70,70,70],"card_choices":[{"not_picked":["Slice","Quick Slash"],"picked":"Dagger Spray","floor":1},{"not_picked":["PiercingWail","Masterful Stab"],"picked":"Footwork","floor":2},{"not_picked":["Prepared","PiercingWail"],"picked":"Leg Sweep","floor":3},{"not_picked":["Sucker Punch","Endless Agony"],"picked":"Underhanded Strike","floor":7},{"not_picked":["Footwork","Skewer"],"picked":"Accuracy","floor":12}],"player_experience":702099,"relics_obtained":[{"floor":12,"key":"Ginger"}],"event_choices":[{"damage_healed":0,"gold_gain":0,"player_choice":"Take Damage","damage_taken":17,"relics_obtained":["Golden Idol"],"max_hp_gain":0,"max_hp_loss":0,"event_name":"Golden Idol","floor":4,"gold_loss":0},{"cards_removed":["Defend_G"],"damage_healed":0,"gold_gain":0,"player_choice":"Card Removal","damage_taken":7,"max_hp_gain":0,"max_hp_loss":0,"event_name":"Golden Wing","floor":5,"gold_loss":0},{"damage_healed":0,"gold_gain":0,"player_choice":"Grow","damage_taken":0,"max_hp_gain":0,"max_hp_loss":0,"event_name":"Living Wall","floor":8,"gold_loss":0,"cards_upgraded":["Footwork"]},{"damage_healed":0,"gold_gain":0,"player_choice":"Entered Light","damage_taken":14,"max_hp_gain":0,"max_hp_loss":0,"event_name":"Shining Light","floor":10,"gold_loss":0,"cards_upgraded":["Dagger Spray","Strike_G"]}],"is_beta":false,"boss_relics":[],"items_purged_floors":[],"is_endless":false,"potions_floor_spawned":[3,12],"killed_by":"Hexaghost","ascension_level":2}}