{"host":"b7j598ve05halrwk","time":1609946123,"event":{"mods":["2.2 Compatiblity","BaseMod","Block Reminder","DeckTracker","Minty Spire (QoL Compilation)","Relic Stats","Slay the Relics Exporter","StSLib","ojb\u0027s Better Paths Mod","ojb\u0027s Info Mod"],"gold_per_floor":[119,135,135,146,146,180,197,230,257,257,257,291,302,4,4,78,78,98,98,58,75,75,107,141,174,174,174,188,208,226,226,226,297,297,307,355,380,450,470,470,497,514,539,539,29,40,40,40,40,40,40,40,40,20,50,50],"floor_reached":57,"playtime":7188,"items_purged":["Strike_B"],"score":3026,"play_id":"7b682b6f-c0ec-482b-abaf-6f7bba5fc396","local_time":"20210106101523","is_ascension_mode":true,"campfire_choices":[{"floor":11.0,"key":"REST"},{"floor":15.0,"key":"REST"},{"floor":27.0,"key":"REST"},{"data":"Biased Cognition","floor":32.0,"key":"SMITH"},{"data":"Capacitor","floor":40.0,"key":"SMITH"},{"floor":44.0,"key":"REST"},{"floor":49.0,"key":"RECALL"},{"data":"Loop","floor":53,"key":"SMITH"}],"circlet_count":0,"master_deck":["AscendersBane","Strike_B","Defend_B","Defend_B","Defend_B","Zap","Dualcast","Core Surge","Rebound","Steam","Darkness","White Noise","Chaos+1","Cold Snap","Fission+1","Glacier+1","Rainbow+1","Coolheaded+1","Leap+1","Undo+1","Biased Cognition+1","Scrape+1","Sunder","Reinforced Body+1","Hologram+1","Coolheaded+1","Skim+1","Skim+1","Recycle+1","Echo Form","Capacitor+1","Recycle+1","Consume+1","Coolheaded+1","Loop+1","Coolheaded+1","Chaos+1","Seek+1","Reinforced Body+1","Capacitor"],"relics":["Cracked Core","Toxic Egg 2","Dream Catcher","Oddly Smooth Stone","Centennial Puzzle","Mercury Hourglass","Snecko Eye","Incense Burner","Bottled Flame","Turnip","Red Mask","Question Card","Cables","Philosopher\u0027s Stone","Ice Cream","Calipers","HornCleat","Smiling Mask","Membership Card","Potion Belt","Orichalcum","Nunchaku"],"acts_visited":["Exordium","TheCity","TheBeyond","TheEnding"],"potions_floor_usage":[56,56],"damage_taken":[{"damage":0.0,"enemies":"Small Slimes","floor":1.0,"turns":3.0},{"damage":1.0,"enemies":"2 Louse","floor":2.0,"turns":3.0},{"damage":0.0,"enemies":"Cultist","floor":4.0,"turns":3.0},{"damage":22.0,"enemies":"Gremlin Nob","floor":6.0,"turns":4.0},{"damage":7.0,"enemies":"Large Slime","floor":7.0,"turns":5.0},{"damage":7.0,"enemies":"Lagavulin","floor":8.0,"turns":6.0},{"damage":33.0,"enemies":"Gremlin Nob","floor":12.0,"turns":4.0},{"damage":10.0,"enemies":"Exordium Thugs","floor":13.0,"turns":4.0},{"damage":2.0,"enemies":"Slime Boss","floor":16.0,"turns":10.0},{"damage":15.0,"enemies":"Shell Parasite","floor":18.0,"turns":4.0},{"damage":0.0,"enemies":"Spheric Guardian","floor":21.0,"turns":3.0},{"damage":7.0,"enemies":"Slavers","floor":23.0,"turns":7.0},{"damage":7.0,"enemies":"Masked Bandits","floor":24.0,"turns":5.0},{"damage":0.0,"enemies":"Gremlin Leader","floor":25.0,"turns":5.0},{"damage":0.0,"enemies":"Cultist and Chosen","floor":28.0,"turns":6.0},{"damage":5.0,"enemies":"Snake Plant","floor":29.0,"turns":7.0},{"damage":0.0,"enemies":"Snecko","floor":30.0,"turns":8.0},{"damage":0.0,"enemies":"Champ","floor":33.0,"turns":18.0},{"damage":0.0,"enemies":"3 Shapes","floor":35.0,"turns":11.0},{"damage":3.0,"enemies":"2 Orb Walkers","floor":36.0,"turns":6.0},{"damage":0.0,"enemies":"Mind Bloom Boss Battle","floor":37.0,"turns":7.0},{"damage":0.0,"enemies":"Orb Walker","floor":39.0,"turns":5.0},{"damage":10.0,"enemies":"Reptomancer","floor":41.0,"turns":13.0},{"damage":3.0,"enemies":"Jaw Worm Horde","floor":42.0,"turns":6.0},{"damage":0.0,"enemies":"Spire Growth","floor":46.0,"turns":6.0},{"damage":0.0,"enemies":"Time Eater","floor":50.0,"turns":23.0},{"damage":9,"enemies":"Donu and Deca","floor":51,"turns":12},{"damage":0,"enemies":"Shield and Spear","floor":55,"turns":9},{"damage":52,"enemies":"The Heart","floor":56,"turns":12}],"seed_played":"278778644303486659","potions_obtained":[{"floor":2.0,"key":"BlessingOfTheForge"},{"floor":6.0,"key":"SpeedPotion"},{"floor":12.0,"key":"PowerPotion"},{"floor":16.0,"key":"EssenceOfDarkness"},{"floor":21.0,"key":"GamblersBrew"},{"floor":23.0,"key":"Energy Potion"},{"floor":28.0,"key":"GamblersBrew"},{"floor":29.0,"key":"Energy Potion"},{"floor":30.0,"key":"PotionOfCapacity"},{"floor":35.0,"key":"Weak Potion"},{"floor":36.0,"key":"SpeedPotion"},{"floor":42.0,"key":"Swift Potion"}],"is_trial":false,"path_per_floor":["M","M","?","M","?","E","M","E","T","?","R","E","M","$","R","B",null,"M","?","$","M","T","E","?","E","T","R","M","M","M","?","R","B",null,"M","?","?","T","M","R","E","M","T","R","$","M","?","?","R","B","B",null,"R","$","E","B",null],"character_chosen":"DEFECT","items_purchased":["Leap+1","Mercury Hourglass","Sunder","Membership Card","Potion Belt","Orichalcum","Chaos+1","Seek+1","Reinforced Body+1"],"campfire_rested":4,"item_purchase_floors":[14,14,20,45,45,45,45,45,54],"current_hp_per_floor":[64,63,63,63,63,41,34,27,27,27,48,15,5,5,26,24,59,44,44,44,44,44,37,30,30,30,51,51,46,46,26,26,26,64,64,61,61,61,61,61,51,48,48,70,70,70,70,70,70,70,61,69,69,69,69,17],"gold":50,"neow_bonus":"ONE_RANDOM_RARE_CARD","is_daily":false,"chose_seed":false,"campfire_upgraded":3,"win_rate":0.0,"timestamp":1609946123,"path_taken":["M","M","?","M","?","E","M","E","T","?","R","E","?","$","R","BOSS","M","?","$","?","?","E","?","E","T","R","M","M","M","?","R","BOSS","M","?","?","?","M","R","E","M","T","R","$","M","?","?","R","BOSS","BOSS","R","$","E","BOSS"],"items_purchased_type":["Card","Relic","Card","Relic","Relic","Relic","Card","Card","Card"],"build_version":"2020-12-22","purchased_purges":1,"victory":true,"max_hp_per_floor":[71,71,71,71,71,71,71,71,71,71,71,71,71,71,71,71,71,71,71,71,71,71,71,71,71,71,71,71,71,71,76,76,76,76,76,76,76,76,76,76,76,76,76,76,76,76,72,72,72,72,72,72,72,72,72,72],"relic_stats":{"Dream Catcher":4,"Centennial Puzzle":[33],"Nunchaku":[0],"counters":[29,213],"Snecko Eye":[387,388,368,338],"Turnip":[16],"Orichalcum":[6],"Question Card":15,"Smiling Mask":-12,"obtain_stats":[{"Ice Cream":36,"Potion Belt":45,"Calipers":37,"Oddly Smooth Stone":9,"Incense Burner":19,"Orichalcum":45,"Question Card":25,"Smiling Mask":41,"Mercury Hourglass":14,"Cables":26,"Dream Catcher":8,"Centennial Puzzle":12,"Bottled Flame":22,"Nunchaku":55,"HornCleat":38,"Snecko Eye":17,"Philosopher\u0027s Stone":34,"Turnip":23,"Red Mask":24,"Membership Card":45,"Toxic Egg 2":6,"Cracked Core":0},{"Ice Cream":20,"Potion Belt":24,"Calipers":21,"Oddly Smooth Stone":6,"Incense Burner":10,"Orichalcum":24,"Question Card":14,"Smiling Mask":23,"Mercury Hourglass":8,"Cables":14,"Dream Catcher":6,"Centennial Puzzle":7,"Bottled Flame":11,"Nunchaku":28,"HornCleat":21,"Snecko Eye":9,"Philosopher\u0027s Stone":18,"Turnip":12,"Red Mask":13,"Membership Card":24,"Toxic Egg 2":4,"Cracked Core":0},{"Ice Cream":120,"Potion Belt":151,"Calipers":127,"Oddly Smooth Stone":24,"Incense Burner":46,"Orichalcum":151,"Question Card":66,"Smiling Mask":145,"Mercury Hourglass":32,"Cables":66,"Dream Catcher":24,"Centennial Puzzle":28,"Bottled Flame":49,"Nunchaku":201,"HornCleat":127,"Snecko Eye":42,"Philosopher\u0027s Stone":104,"Turnip":56,"Red Mask":61,"Membership Card":151,"Toxic Egg 2":13,"Cracked Core":0}],"Mercury Hourglass":[620],"Cables":[132,26,68,36,2]},"card_choices":[{"not_picked":["Streamline","Barrage"],"picked":"Rebound","floor":1.0},{"not_picked":["Gash","Force Field"],"picked":"Steam","floor":2.0},{"not_picked":["Steam","Gash"],"picked":"Darkness","floor":4.0},{"not_picked":["Capacitor","Reprogram+1"],"picked":"Chaos+1","floor":6.0},{"not_picked":["Heatsinks","Gash"],"picked":"Cold Snap","floor":7.0},{"not_picked":["Fusion+1","Stack+1"],"picked":"Fission+1","floor":8.0},{"not_picked":["Gash","Beam Cell"],"picked":"Glacier+1","floor":11.0},{"not_picked":["Gash","Rip and Tear"],"picked":"Rainbow+1","floor":12.0},{"not_picked":["FTL","Skim+1"],"picked":"Coolheaded+1","floor":13.0},{"not_picked":["Streamline","Chill+1"],"picked":"Undo+1","floor":15.0},{"not_picked":["Core Surge","Seek+1"],"picked":"Biased Cognition","floor":16.0},{"not_picked":["Redo+1","White Noise+1"],"picked":"Scrape+1","floor":18.0},{"not_picked":["Compile Driver","Consume+1"],"picked":"Reinforced Body+1","floor":21.0},{"not_picked":["Compile Driver","Go for the Eyes","Barrage+1"],"picked":"SKIP","floor":23.0},{"not_picked":["Heatsinks+1","Blizzard"],"picked":"Hologram+1","floor":24.0},{"not_picked":["Defragment","BootSequence+1"],"picked":"Coolheaded+1","floor":25.0},{"not_picked":["Streamline","BootSequence+1","White Noise+1"],"picked":"Skim+1","floor":27.0},{"not_picked":["Turbo+1","Rip and Tear","Go for the Eyes","BootSequence+1"],"picked":"SKIP","floor":28.0},{"not_picked":["Fusion+1","Conserve Battery+1","Rebound"],"picked":"Skim+1","floor":29.0},{"not_picked":["Ball Lightning","Compile Driver","Hello World"],"picked":"Recycle+1","floor":30.0},{"not_picked":["Biased Cognition","Amplify+1","Multi-Cast+1"],"picked":"Echo Form","floor":33.0},{"not_picked":["Steam+1","Barrage","Beam Cell+1","Streamline"],"picked":"SKIP","floor":35.0},{"not_picked":["Genetic Algorithm+1","Streamline","Conserve Battery+1"],"picked":"Capacitor","floor":36.0},{"not_picked":["Storm+1","Ball Lightning","Leap+1"],"picked":"Recycle+1","floor":37.0},{"not_picked":["White Noise+1","Barrage","Steam+1"],"picked":"Consume+1","floor":39.0},{"not_picked":["Skim+1","BootSequence+1","Streamline"],"picked":"Coolheaded+1","floor":41.0},{"not_picked":["Creative AI","Conserve Battery+1","Skim+1"],"picked":"Loop","floor":42.0},{"not_picked":["Undo+1","Leap+1","Rebound"],"picked":"Coolheaded+1","floor":44.0},{"not_picked":["BootSequence+1","Rebound+1","Recycle+1","Sweeping Beam"],"picked":"SKIP","floor":46.0},{"not_picked":["Redo+1","Sweeping Beam","Consume+1"],"picked":"Capacitor","floor":55}],"player_experience":828030,"relics_obtained":[{"floor":6.0,"key":"Toxic Egg 2"},{"floor":8.0,"key":"Dream Catcher"},{"floor":9.0,"key":"Oddly Smooth Stone"},{"floor":12.0,"key":"Centennial Puzzle"},{"floor":22.0,"key":"Bottled Flame"},{"floor":23.0,"key":"Turnip"},{"floor":24.0,"key":"Red Mask"},{"floor":25.0,"key":"Question Card"},{"floor":26.0,"key":"Cables"},{"floor":36.0,"key":"Ice Cream"},{"floor":37.0,"key":"Calipers"},{"floor":38.0,"key":"HornCleat"},{"floor":41.0,"key":"Smiling Mask"},{"floor":55,"key":"Nunchaku"}],"event_choices":[{"damage_healed":0.0,"max_hp_gain":0.0,"max_hp_loss":0.0,"gold_gain":0.0,"event_name":"Liars Game","player_choice":"Ignored","floor":3.0,"gold_loss":0.0,"damage_taken":0.0},{"damage_healed":0.0,"max_hp_gain":0.0,"max_hp_loss":0.0,"gold_gain":0.0,"cards_transformed":["Defend_B"],"event_name":"Living Wall","player_choice":"Change","floor":5.0,"gold_loss":0.0,"damage_taken":0.0,"cards_obtained":["White Noise"]},{"cards_removed":["Strike_B"],"damage_healed":0.0,"max_hp_gain":0.0,"max_hp_loss":0.0,"gold_gain":0.0,"event_name":"Purifier","player_choice":"Purged","floor":10.0,"gold_loss":0.0,"damage_taken":0.0},{"damage_healed":0.0,"max_hp_gain":0.0,"max_hp_loss":0.0,"gold_gain":0.0,"event_name":"WeMeetAgain","player_choice":"Gave Potion","floor":19.0,"gold_loss":0.0,"damage_taken":0.0,"relics_obtained":["Incense Burner"]},{"damage_healed":0.0,"max_hp_gain":0.0,"max_hp_loss":0.0,"gold_gain":0.0,"event_name":"Masked Bandits","player_choice":"Fought Bandits","floor":24.0,"gold_loss":0.0,"damage_taken":0.0},{"damage_healed":0.0,"max_hp_gain":5.0,"max_hp_loss":0.0,"gold_gain":0.0,"event_name":"Forgotten Altar","player_choice":"Shed Blood","floor":31.0,"gold_loss":0.0,"damage_taken":25.0},{"damage_healed":0.0,"max_hp_gain":0.0,"max_hp_loss":0.0,"gold_gain":0.0,"event_name":"Mysterious Sphere","player_choice":"Fight","floor":36.0,"gold_loss":0.0,"damage_taken":0.0},{"damage_healed":0.0,"max_hp_gain":0.0,"max_hp_loss":0.0,"gold_gain":0.0,"event_name":"MindBloom","player_choice":"Fight","floor":37.0,"gold_loss":0.0,"damage_taken":0.0},{"damage_healed":0.0,"max_hp_gain":0.0,"max_hp_loss":4.0,"gold_gain":0.0,"event_name":"Winding Halls","player_choice":"Max HP","floor":47.0,"gold_loss":0.0,"damage_taken":0.0},{"cards_removed":["Strike_B"],"damage_healed":0.0,"max_hp_gain":0.0,"max_hp_loss":0.0,"gold_gain":0.0,"event_name":"Bonfire Elementals","player_choice":"Offered Basic","floor":48.0,"gold_loss":0.0,"damage_taken":0.0}],"is_beta":false,"boss_relics":[{"not_picked":["SlaversCollar","Astrolabe"],"picked":"Snecko Eye"},{"not_picked":["Cursed Key","SacredBark"],"picked":"Philosopher\u0027s Stone"}],"items_purged_floors":[45],"is_endless":false,"potions_floor_spawned":[2,6,12,16,21,23,28,29,30,35,36,42],"ascension_level":20}}