{"host":"h4lp0eeso8a0ssq0","time":1609912622,"event":{"mods":["2.2 Compatiblity","AchievementEnabler","BaseMod","CapriCore","Colored Map","Minty Spire (QoL Compilation)","StSLib","SuperFastMode"],"gold_per_floor":[111,123,123,134,151,180,0,0,0,12,24,58,74,0,0,105,105,118,138,151,170,170,195,195,213,258,273,273,286,302,302,302,407,407,423,423,423,442,442,442,459,459,483,515,42,42,57,76,76,76,76,76,42,67,67],"floor_reached":56,"playtime":1849,"items_purged":["Strike_G","Strike_G"],"score":1217,"play_id":"bec2e50f-d87f-499b-ad63-81229ec6e10f","local_time":"20210106145702","is_ascension_mode":false,"campfire_choices":[{"data":"Blade Dance","floor":8.0,"key":"SMITH"},{"data":"Cloak And Dagger","floor":15.0,"key":"SMITH"},{"data":"Blade Dance","floor":24.0,"key":"SMITH"},{"data":"Blade Dance","floor":28.0,"key":"SMITH"},{"floor":32.0,"key":"REST"},{"data":"Night Terror","floor":40,"key":"SMITH"},{"floor":49,"key":"RECALL"},{"data":"Caltrops","floor":52,"key":"SMITH"}],"circlet_count":0,"master_deck":["Defend_G","Defend_G","Defend_G","Defend_G","Defend_G","Survivor","Neutralize","Blade Dance+1","Accuracy+1","Caltrops+1","Escape Plan","Calculated Gamble","Cloak And Dagger+1","Leg Sweep","Riddle With Holes","Footwork+1","Tools of the Trade+1","Prepared+1","Blade Dance+1","Night Terror+1","Blade Dance+1","Cloak And Dagger","A Thousand Cuts+1","Cloak And Dagger+1","After Image+1","Terror+1","Acrobatics+1","Footwork+1"],"relics":["Ring of the Snake","Omamori","Akabeko","Frozen Egg 2","Empty Cage","Mummified Hand","Potion Belt","Cursed Key","Strawberry","Bag of Preparation","Pen Nib","Nunchaku"],"acts_visited":["Exordium","TheCity","TheBeyond","TheEnding"],"potions_floor_usage":[44,50,55,55,55],"damage_taken":[{"damage":0.0,"enemies":"Jaw Worm","floor":1.0,"turns":3.0},{"damage":0.0,"enemies":"Cultist","floor":2.0,"turns":3.0},{"damage":2.0,"enemies":"Small Slimes","floor":4.0,"turns":3.0},{"damage":9.0,"enemies":"Exordium Wildlife","floor":5.0,"turns":4.0},{"damage":10.0,"enemies":"Lagavulin","floor":6.0,"turns":7.0},{"damage":0.0,"enemies":"3 Louse","floor":10.0,"turns":2.0},{"damage":0.0,"enemies":"2 Fungi Beasts","floor":11.0,"turns":2.0},{"damage":8.0,"enemies":"Gremlin Nob","floor":12.0,"turns":3.0},{"damage":0.0,"enemies":"Large Slime","floor":13.0,"turns":4.0},{"damage":16.0,"enemies":"The Guardian","floor":16.0,"turns":9.0},{"damage":0.0,"enemies":"Chosen","floor":18.0,"turns":4.0},{"damage":0.0,"enemies":"Shell Parasite","floor":19.0,"turns":5.0},{"damage":21.0,"enemies":"Snake Plant","floor":20.0,"turns":2.0},{"damage":5.0,"enemies":"Cultist and Chosen","floor":21.0,"turns":4.0},{"damage":16.0,"enemies":"Book of Stabbing","floor":23.0,"turns":5.0},{"damage":0.0,"enemies":"Sentry and Sphere","floor":25.0,"turns":2.0},{"damage":7.0,"enemies":"Snake Plant","floor":27.0,"turns":3.0},{"damage":5.0,"enemies":"3 Cultists","floor":29.0,"turns":4.0},{"damage":10.0,"enemies":"Centurion and Healer","floor":30.0,"turns":5.0},{"damage":26.0,"enemies":"Collector","floor":33.0,"turns":5.0},{"damage":10.0,"enemies":"3 Shapes","floor":35.0,"turns":3.0},{"damage":0.0,"enemies":"3 Darklings","floor":37.0,"turns":1.0},{"damage":4,"enemies":"Jaw Worm Horde","floor":38,"turns":3},{"damage":13,"enemies":"Writhing Mass","floor":41,"turns":6},{"damage":24,"enemies":"Nemesis","floor":44,"turns":5},{"damage":0,"enemies":"Transient","floor":47,"turns":5},{"damage":1,"enemies":"3 Darklings","floor":48,"turns":4},{"damage":21,"enemies":"Time Eater","floor":50,"turns":5},{"damage":1,"enemies":"Shield and Spear","floor":54,"turns":5},{"damage":55,"enemies":"The Heart","floor":55,"turns":7}],"seed_played":"-1058367774453432028","potions_obtained":[{"floor":1.0,"key":"BlessingOfTheForge"},{"floor":4.0,"key":"DistilledChaos"},{"floor":5.0,"key":"FearPotion"},{"floor":10.0,"key":"Fire Potion"},{"floor":16.0,"key":"AttackPotion"},{"floor":19.0,"key":"SmokeBomb"},{"floor":21.0,"key":"GamblersBrew"},{"floor":27.0,"key":"FearPotion"},{"floor":30.0,"key":"Energy Potion"},{"floor":33.0,"key":"SkillPotion"},{"floor":38,"key":"SkillPotion"},{"floor":47,"key":"EssenceOfSteel"},{"floor":54,"key":"EssenceOfSteel"}],"is_trial":false,"path_per_floor":["M","M","?","M","M","E","$","R","T","M","M","E","M","$","R","B",null,"M","M","M","M","?","E","R","M","T","M","R","M","M","?","R","B",null,"M","?","M","M","?","R","M","?","T","E","$","?","M","M","R","B",null,"R","$","E","B",null],"character_chosen":"THE_SILENT","items_purchased":["Fruit Juice","Footwork+1","After Image+1","Bag of Preparation","Pen Nib","Footwork+1"],"campfire_rested":1,"item_purchase_floors":[7,14,45,45,45,53],"current_hp_per_floor":[77,77,77,75,66,56,61,61,61,61,61,53,53,53,53,37,82,82,82,61,56,56,40,40,40,40,33,33,28,18,18,42,16,82,72,72,72,68,68,68,55,55,55,38,38,74,74,73,73,52,74,74,74,73,18],"gold":67,"neow_bonus":"TEN_PERCENT_HP_BONUS","is_daily":false,"chose_seed":false,"campfire_upgraded":6,"win_rate":0.0,"timestamp":1609912622,"path_taken":["M","M","?","M","M","E","$","R","T","M","M","E","M","?","R","BOSS","M","M","M","M","?","E","R","M","T","?","R","M","M","?","R","BOSS","M","?","M","M","?","R","M","?","T","E","$","?","M","M","R","BOSS","R","$","E","BOSS"],"items_purchased_type":["Potion","Card","Card","Relic","Relic","Card"],"build_version":"2020-12-22","purchased_purges":2,"victory":true,"max_hp_per_floor":[77,77,77,77,77,77,82,82,82,82,82,82,82,82,82,82,82,82,82,82,82,82,82,82,82,82,82,82,82,82,82,82,82,82,82,78,78,78,78,78,78,78,78,85,85,74,74,74,74,74,74,74,74,74,74],"card_choices":[{"not_picked":["Escape Plan","Flying Knee"],"picked":"Blade Dance","floor":1.0},{"not_picked":["Riddle With Holes","Outmaneuver"],"picked":"Accuracy","floor":2.0},{"not_picked":["Blur","Concentrate"],"picked":"Caltrops","floor":4.0},{"not_picked":["Flying Knee","Reflex"],"picked":"Escape Plan","floor":5.0},{"not_picked":["Deflect","Masterful Stab","Skewer"],"picked":"SKIP","floor":6.0},{"not_picked":["Flying Knee","Heel Hook"],"picked":"Calculated Gamble","floor":10.0},{"not_picked":["Heel Hook","Deadly Poison"],"picked":"Cloak And Dagger","floor":11.0},{"not_picked":["Underhanded Strike","Riddle With Holes"],"picked":"Leg Sweep","floor":12.0},{"not_picked":["Bullet Time","Flechettes"],"picked":"Riddle With Holes","floor":13.0},{"not_picked":["Unload","Grand Finale"],"picked":"Tools of the Trade+1","floor":16.0},{"not_picked":["Backflip","Calculated Gamble"],"picked":"Prepared+1","floor":18.0},{"not_picked":["Choke+1","Quick Slash+1"],"picked":"Blade Dance","floor":19.0},{"not_picked":["Deflect","Slice+1","Choke"],"picked":"SKIP","floor":20.0},{"not_picked":["Dodge and Roll","Dagger Spray","Outmaneuver"],"picked":"SKIP","floor":21.0},{"not_picked":["Sucker Punch","Poisoned Stab"],"picked":"Blade Dance","floor":23.0},{"not_picked":["Noxious Fumes+1","Endless Agony","Choke"],"picked":"SKIP","floor":25.0},{"not_picked":["Dash","Heel Hook","Unload"],"picked":"SKIP","floor":27.0},{"not_picked":["Dodge and Roll+1","Bouncing Flask","Sucker Punch"],"picked":"SKIP","floor":29.0},{"not_picked":["Concentrate+1","Underhanded Strike"],"picked":"Cloak And Dagger","floor":30.0},{"not_picked":["Die Die Die","Envenom+1"],"picked":"A Thousand Cuts+1","floor":33.0},{"not_picked":["Underhanded Strike+1","Flying Knee+1"],"picked":"Cloak And Dagger+1","floor":35.0},{"not_picked":["Quick Slash+1","Poisoned Stab+1","Noxious Fumes+1"],"picked":"SKIP","floor":38},{"not_picked":["Dagger Throw","Dagger Spray+1","Sucker Punch"],"picked":"SKIP","floor":41},{"not_picked":["Outmaneuver","Flying Knee+1","Dash"],"picked":"SKIP","floor":44},{"not_picked":["Flying Knee+1","Quick Slash+1"],"picked":"Terror+1","floor":47},{"not_picked":["Flechettes","Deadly Poison+1"],"picked":"Acrobatics+1","floor":48},{"not_picked":["Tactician","Bane","Dagger Throw"],"picked":"SKIP","floor":54}],"player_experience":75830,"relics_obtained":[{"floor":6.0,"key":"Omamori"},{"floor":9.0,"key":"Akabeko"},{"floor":12.0,"key":"Frozen Egg 2"},{"floor":23.0,"key":"Mummified Hand"},{"floor":26.0,"key":"Potion Belt"},{"floor":44,"key":"Strawberry"},{"floor":54,"key":"Nunchaku"}],"event_choices":[{"damage_healed":0.0,"max_hp_gain":0.0,"max_hp_loss":0.0,"gold_gain":0.0,"event_name":"Accursed Blacksmith","player_choice":"Forge","floor":3.0,"gold_loss":0.0,"damage_taken":0.0,"cards_upgraded":["Accuracy"]},{"damage_healed":0.0,"max_hp_gain":0.0,"max_hp_loss":0.0,"gold_gain":0.0,"event_name":"Match and Keep!","player_choice":"1 cards matched","floor":22.0,"gold_loss":0.0,"damage_taken":0.0,"cards_obtained":["Night Terror"]},{"cards_removed":["Strike_G"],"damage_healed":0.0,"max_hp_gain":0.0,"max_hp_loss":0.0,"gold_gain":0.0,"event_name":"Back to Basics","player_choice":"Elegance","floor":31.0,"gold_loss":0.0,"damage_taken":0.0},{"damage_healed":0.0,"max_hp_gain":0.0,"max_hp_loss":4.0,"gold_gain":0.0,"event_name":"Winding Halls","player_choice":"Max HP","floor":36.0,"gold_loss":0.0,"damage_taken":0.0},{"damage_healed":0,"gold_gain":0,"player_choice":"Memory 1","damage_taken":0,"max_hp_gain":0,"max_hp_loss":0,"event_name":"SensoryStone","floor":39,"gold_loss":0},{"damage_healed":0,"gold_gain":0,"player_choice":"Ignored","damage_taken":0,"max_hp_gain":0,"max_hp_loss":0,"event_name":"Mysterious Sphere","floor":42,"gold_loss":0},{"damage_healed":74,"gold_gain":0,"player_choice":"Heal","damage_taken":0,"max_hp_gain":0,"max_hp_loss":11,"event_name":"The Moai Head","floor":46,"gold_loss":0}],"is_beta":false,"boss_relics":[{"not_picked":["Pandora\u0027s Box","Velvet Choker"],"picked":"Empty Cage"},{"not_picked":["Runic Dome","SlaversCollar"],"picked":"Cursed Key"}],"items_purged_floors":[7,45],"is_endless":false,"potions_floor_spawned":[1,4,5,10,12,16,19,21,23,27,30,33,38,47,48,54],"ascension_level":0}}