{"host":"ohuqxemsk44kggmp","time":1609939181,"event":{"mods":["100% Spire Juice","BaseMod","Better Third Choice","Colored Powertips","Conspire","Highlight Path","Minty Spire (QoL Compilation)","Replay The Spire","StSLib","The Marked","Waifu the Spire"],"gold_per_floor":[117,133,133,149,165,192,192,224,247,266,266,296,312,328,328,430,430,444,454,454,467,156,187,187,207,207,98,128,128,128,143,143,248,248,261,279,279,229,240,272,272,272,272],"floor_reached":42,"playtime":3852,"items_purged":[],"score":565,"play_id":"c9a007f4-42b1-4a3f-a904-0bcdba1ed20f","local_time":"20210106141941","is_ascension_mode":true,"campfire_choices":[{"data":"theMarked:SoldierOfQuellstein","floor":7.0,"key":"SMITH"},{"floor":11.0,"key":"REST"},{"floor":15.0,"key":"REST"},{"floor":24.0,"key":"REST"},{"floor":32.0,"key":"REST"},{"floor":41.0,"key":"REST"}],"circlet_count":0,"master_deck":["theMarked:Strike","theMarked:Strike","theMarked:Strike","theMarked:Strike","theMarked:Strike","theMarked:Defend","theMarked:Defend","theMarked:Defend","theMarked:Defend","theMarked:SoldierOfQuellstein+1","theMarked:BanishingWave","theMarked:Opportunist","theMarked:BanishingStrike","theMarked:Improvise","theMarked:EternalStudent","theMarked:TakeOffHeels","theMarked:EmpowerWeapon","theMarked:ContemptForTheProud","theMarked:EmpowerWeapon","theMarked:EmpowerWeapon","theMarked:MuscleMemory","theMarked:MysticalArsenal+1","theMarked:WardOff+1","theMarked:TwofoldDefense+1","theMarked:Polarize","theMarked:SwordAndMagic","theMarked:SummonStrength","theMarked:Polarize","theMarked:Panic+1","theMarked:ContemptForTheProud+1","theMarked:ThrowWeapon","theMarked:ComboAttacks","theMarked:Static+1","theMarked:Seal+1","theMarked:TunnelVision"],"relics":["theMarked:BronzeBlade","Regal Pillow","Anchor","Replay:Wax Seal","Replay:Rubber Ducky","conspire:SpecialSausage","Membership Card","MealTicket","conspire:InfiniteJournal","Pear","Replay:Multitool","Enchiridion","Omamori"],"acts_visited":["Exordium","TheCity","TheBeyond"],"potions_floor_usage":[42],"damage_taken":[{"damage":0.0,"enemies":"Cultist","floor":1.0,"turns":3.0},{"damage":0.0,"enemies":"Small Slimes","floor":2.0,"turns":2.0},{"damage":6.0,"enemies":"Jaw Worm","floor":4.0,"turns":3.0},{"damage":1.0,"enemies":"Gremlin Gang","floor":5.0,"turns":4.0},{"damage":21.0,"enemies":"Lagavulin","floor":6.0,"turns":5.0},{"damage":17.0,"enemies":"Gremlin Nob","floor":8.0,"turns":4.0},{"damage":0.0,"enemies":"Looter","floor":10.0,"turns":3.0},{"damage":4.0,"enemies":"3 Sentries","floor":12.0,"turns":6.0},{"damage":0.0,"enemies":"3 Louse","floor":13.0,"turns":1.0},{"damage":12.0,"enemies":"Exordium Thugs","floor":14.0,"turns":4.0},{"damage":65.0,"enemies":"The Guardian","floor":16.0,"turns":9.0},{"damage":7.0,"enemies":"2 Thieves","floor":18.0,"turns":4.0},{"damage":10.0,"enemies":"3 Byrds","floor":19.0,"turns":6.0},{"damage":14.0,"enemies":"Centurion and Healer","floor":21.0,"turns":5.0},{"damage":28.0,"enemies":"Slavers","floor":23.0,"turns":6.0},{"damage":24.0,"enemies":"Snake Plant","floor":25.0,"turns":6.0},{"damage":27.0,"enemies":"Replay:Snechameleon","floor":28.0,"turns":6.0},{"damage":6.0,"enemies":"Snecko","floor":31.0,"turns":4.0},{"damage":77.0,"enemies":"Champ","floor":33.0,"turns":10.0},{"damage":39.0,"enemies":"3 Darklings","floor":35.0,"turns":6.0},{"damage":4.0,"enemies":"3 Shapes","floor":36.0,"turns":4.0},{"damage":17.0,"enemies":"3 Darklings","floor":39.0,"turns":5.0},{"damage":49.0,"enemies":"Nemesis","floor":40.0,"turns":5.0},{"damage":69,"enemies":"Giant Head","floor":42,"turns":7}],"seed_played":"7627976453452983258","potions_obtained":[{"floor":1.0,"key":"SteroidPotion"},{"floor":2.0,"key":"Weak Potion"},{"floor":3.0,"key":"DistilledChaos"},{"floor":3.0,"key":"Toxic Potion"},{"floor":16.0,"key":"Reflective Coating"},{"floor":25.0,"key":"AttackPotion"},{"floor":31.0,"key":"EssenceOfSteel"},{"floor":33.0,"key":"LiquidBronze"},{"floor":35.0,"key":"Dexterity Potion"}],"is_trial":false,"path_per_floor":["M","M","?","M","M","E","R","E","T","M","R","E","M","M","R","B",null,"M","M","?","M","$","E","R","M","T","$","E","R","?","M","R","B",null,"M","M","?","$","M","E","R","E"],"character_chosen":"THE_DEFAULT","items_purchased":["Membership Card","conspire:Banana","theMarked:Polarize","MealTicket","theMarked:SummonStrength","theMarked:Polarize","Doom Potion"],"campfire_rested":5,"item_purchase_floors":[22,22,22,22,27,27,38],"current_hp_per_floor":[77,77,77,71,70,49,49,32,32,32,70,66,66,54,77,12,77,70,60,60,46,46,19,57,34,44,59,33,75,59,54,91,15,92,54,50,93,93,76,27,69,0,0],"gold":272,"neow_bonus":"TEN_PERCENT_HP_BONUS","is_daily":false,"chose_seed":false,"campfire_upgraded":1,"win_rate":0.0,"timestamp":1609939181,"path_taken":["M","M","?","?","M","E","R","E","T","M","R","E","M","M","R","BOSS","M","M","?","M","$","E","R","M","T","$","E","R","?","?","R","BOSS","M","M","?","$","M","E","R","E"],"items_purchased_type":["Relic","Card","Card","Relic","Card","Card","Potion"],"build_version":"2020-12-22","purchased_purges":0,"victory":false,"max_hp_per_floor":[77,77,77,77,77,77,77,77,77,77,77,77,77,77,77,77,77,77,77,77,77,77,78,78,79,89,89,90,90,90,91,91,92,92,93,93,93,93,93,93,93,93,93],"card_choices":[{"not_picked":["theMarked:Overcharge","theMarked:ElectricStrings"],"picked":"theMarked:BanishingWave","floor":1.0},{"not_picked":["theMarked:HeightenedSenses","theMarked:BanishingStrike"],"picked":"theMarked:Opportunist","floor":2.0},{"not_picked":["theMarked:WastefulDefense","theMarked:Static"],"picked":"theMarked:BanishingStrike","floor":4.0},{"not_picked":["theMarked:WastefulDefense","theMarked:ElectricStrings"],"picked":"theMarked:Improvise","floor":5.0},{"not_picked":["theMarked:HeritageOfTheMarked","theMarked:BanishingStrike"],"picked":"theMarked:EternalStudent","floor":6.0},{"not_picked":["theMarked:HeightenedSenses","theMarked:WastefulAttack"],"picked":"theMarked:TakeOffHeels","floor":8.0},{"not_picked":["theMarked:Indomitable","theMarked:SwordAndMagic"],"picked":"theMarked:EmpowerWeapon","floor":10.0},{"not_picked":["theMarked:Parkour","theMarked:ShockingTouch"],"picked":"theMarked:ContemptForTheProud","floor":12.0},{"not_picked":["theMarked:Parkour","theMarked:HeightenedSenses"],"picked":"theMarked:EmpowerWeapon","floor":13.0},{"not_picked":["theMarked:Reabsorb","theMarked:WastefulDefense"],"picked":"theMarked:EmpowerWeapon","floor":14.0},{"not_picked":["theMarked:ChannelForce","theMarked:Challenge"],"picked":"theMarked:MuscleMemory","floor":16.0},{"not_picked":["theMarked:KeepCalmAndFightOn","theMarked:LightningStrikesTwice"],"picked":"theMarked:MysticalArsenal+1","floor":18.0},{"not_picked":["theMarked:Overcharge","theMarked:ContemptForTheProud"],"picked":"theMarked:WardOff","floor":19.0},{"not_picked":["theMarked:ChainLightning","theMarked:Parkour"],"picked":"theMarked:TwofoldDefense+1","floor":21.0},{"not_picked":["theMarked:KeepCalmAndFightOn+1","theMarked:WastefulDefense"],"picked":"theMarked:SwordAndMagic","floor":23.0},{"not_picked":["theMarked:WastefulAttack","theMarked:HeightenedSenses+1","theMarked:WastefulDefense"],"picked":"SKIP","floor":25.0},{"not_picked":["theMarked:Aftermath","theMarked:ChannelForce"],"picked":"theMarked:Panic+1","floor":28.0},{"not_picked":["theMarked:EmpowerWeapon","theMarked:Standoff+1"],"picked":"theMarked:ContemptForTheProud+1","floor":31.0},{"not_picked":["theMarked:EternalStudent","theMarked:Defy"],"picked":"theMarked:ThrowWeapon","floor":33.0},{"not_picked":["theMarked:ElectricStrings+1","theMarked:WastefulAttack+1"],"picked":"theMarked:ComboAttacks","floor":35.0},{"not_picked":["theMarked:Generate+1","theMarked:Convert+1"],"picked":"theMarked:Static+1","floor":36.0},{"not_picked":["theMarked:Reabsorb+1","theMarked:CreepingChasm"],"picked":"theMarked:Seal+1","floor":39.0},{"not_picked":["theMarked:Aftermath+1","theMarked:WardOff"],"picked":"theMarked:TunnelVision","floor":40.0}],"player_experience":480599,"relics_obtained":[{"floor":6.0,"key":"Regal Pillow"},{"floor":8.0,"key":"Anchor"},{"floor":9.0,"key":"Replay:Wax Seal"},{"floor":12.0,"key":"Replay:Rubber Ducky"},{"floor":23.0,"key":"conspire:InfiniteJournal"},{"floor":26.0,"key":"Pear"},{"floor":28.0,"key":"Replay:Multitool"},{"floor":30.0,"key":"Enchiridion"},{"floor":40.0,"key":"Omamori"}],"event_choices":[{"damage_healed":0.0,"max_hp_gain":0.0,"max_hp_loss":0.0,"gold_gain":0.0,"event_name":"Lab","player_choice":"Got Potions","floor":3.0,"gold_loss":0.0,"damage_taken":0.0},{"damage_healed":0.0,"max_hp_gain":0.0,"max_hp_loss":0.0,"gold_gain":0.0,"event_name":"Ghosts","player_choice":"Ignored","floor":20.0,"gold_loss":0.0,"damage_taken":0.0},{"damage_healed":0.0,"max_hp_gain":0.0,"max_hp_loss":0.0,"gold_gain":0.0,"event_name":"Cursed Tome","player_choice":"Obtained Book","floor":30.0,"gold_loss":0.0,"damage_taken":16.0},{"cards_removed":["conspire:Banana"],"damage_healed":43.0,"max_hp_gain":0.0,"max_hp_loss":0.0,"gold_gain":0.0,"event_name":"Bonfire Elementals","player_choice":"Offered Uncommon","floor":37.0,"gold_loss":0.0,"damage_taken":0.0}],"is_beta":false,"boss_relics":[{"not_picked":["Pandora\u0027s Box","SacredBark"],"picked":"conspire:SpecialSausage"},{"not_picked":["Sozu","Replay:Ancient Bell"],"picked":"theMarked:BronzeBlade"}],"items_purged_floors":[],"is_endless":false,"potions_floor_spawned":[1,2,12,16,25,31,33,35,36],"killed_by":"Giant Head","ascension_level":1}}