{"host":"5x08nt64u3vxxcfi","time":1609904980,"event":{"mods":["BaseMod","Minty Spire (QoL Compilation)","StSLib","SuperFastMode"],"gold_per_floor":[110,120,84,94,107,107,32,43,43,78,78,5,23,48,48,176,176,194,194,0,27,43,76,76,76,76],"floor_reached":25,"playtime":425,"items_purged":["Whirlwind","Defend_R"],"score":339,"play_id":"a4b1dbe8-4da4-4097-81ad-04a9d1159fc2","local_time":"20210106124940","is_ascension_mode":true,"campfire_choices":[{"data":"Perfected Strike","floor":6,"key":"SMITH"},{"data":"Uppercut","floor":15,"key":"SMITH"}],"circlet_count":0,"master_deck":["Defend_R","Defend_R","Defend_R","Bash+1","Dual Wield","Uppercut+1","Infernal Blade","Perfected Strike+1","Twin Strike","Dropkick","Perfected Strike","Shrug It Off","Twin Strike","Double Tap","Ghostly Armor","J.A.X.","Wild Strike","Armaments","Bite","Bite","Bite","Bite","Bite"],"relics":["Burning Blood","Tiny Chest","Smiling Mask","Golden Idol","Black Star","Medical Kit","Nunchaku","Letter Opener","Orichalcum"],"acts_visited":["Exordium","TheCity"],"potions_floor_usage":[10,23,25],"damage_taken":[{"damage":1,"enemies":"Cultist","floor":1,"turns":4},{"damage":7,"enemies":"Jaw Worm","floor":2,"turns":3},{"damage":9,"enemies":"2 Louse","floor":4,"turns":3},{"damage":11,"enemies":"2 Fungi Beasts","floor":5,"turns":3},{"damage":6,"enemies":"Looter","floor":8,"turns":2},{"damage":15,"enemies":"3 Sentries","floor":10,"turns":4},{"damage":12,"enemies":"3 Louse","floor":13,"turns":3},{"damage":7,"enemies":"Large Slime","floor":14,"turns":5},{"damage":0,"enemies":"Slime Boss","floor":16,"turns":5},{"damage":2,"enemies":"Chosen","floor":18,"turns":3},{"damage":31,"enemies":"2 Thieves","floor":22,"turns":5},{"damage":80,"enemies":"Slavers","floor":23,"turns":6},{"damage":40,"enemies":"Gremlin Leader","floor":25,"turns":5}],"seed_played":"9194372775587825869","potions_obtained":[{"floor":2,"key":"DistilledChaos"},{"floor":4,"key":"HeartOfIron"},{"floor":8,"key":"Regen Potion"},{"floor":18,"key":"FairyPotion"},{"floor":23,"key":"Explosive Potion"}],"is_trial":false,"path_per_floor":["M","M","$","M","M","R","$","M","T","E","?","$","M","M","R","B",null,"M","?","$","T","M","E","?","E"],"character_chosen":"IRONCLAD","items_purchased":["Uppercut","Perfected Strike","Shrug It Off","Medical Kit"],"campfire_rested":0,"item_purchase_floors":[3,12,12,20],"current_hp_per_floor":[80,79,79,76,71,71,71,71,71,62,42,42,36,35,35,41,80,80,80,80,80,55,23,23,0,0],"gold":76,"neow_bonus":"UPGRADE_CARD","is_daily":false,"chose_seed":false,"campfire_upgraded":2,"win_rate":0.0,"timestamp":1609904980,"path_taken":["M","M","$","M","M","R","?","M","T","E","?","?","M","M","R","BOSS","M","?","$","?","M","E","?","E"],"items_purchased_type":["Card","Card","Card","Relic"],"build_version":"2020-12-22","purchased_purges":2,"victory":false,"max_hp_per_floor":[80,80,80,80,80,80,80,80,80,80,80,80,80,80,80,80,80,80,80,80,80,80,80,56,56,56],"card_choices":[{"not_picked":["Iron Wave","Havoc"],"picked":"Whirlwind","floor":1},{"not_picked":["Warcry","Infernal Blade"],"picked":"Dual Wield","floor":2},{"not_picked":["Metallicize","Iron Wave"],"picked":"Infernal Blade","floor":4},{"not_picked":["Iron Wave","Fire Breathing"],"picked":"Perfected Strike","floor":5},{"not_picked":["Uppercut","Heavy Blade"],"picked":"Twin Strike","floor":8},{"not_picked":["Combust","Limit Break"],"picked":"Dropkick","floor":10},{"not_picked":["Heavy Blade","Shrug It Off"],"picked":"Twin Strike","floor":13},{"not_picked":["Spot Weakness","Clothesline","Limit Break"],"picked":"SKIP","floor":14},{"not_picked":["Reaper","Berserk"],"picked":"Double Tap","floor":16},{"not_picked":["True Grit","Metallicize+1"],"picked":"Ghostly Armor","floor":18},{"not_picked":["True Grit","Warcry"],"picked":"Wild Strike","floor":22},{"not_picked":["Anger+1","Rupture"],"picked":"Armaments","floor":23}],"player_experience":49900,"relics_obtained":[{"floor":9,"key":"Tiny Chest"},{"floor":10,"key":"Smiling Mask"},{"floor":21,"key":"Nunchaku"},{"floor":23,"key":"Letter Opener"},{"floor":23,"key":"Orichalcum"}],"event_choices":[{"damage_healed":0,"gold_gain":0,"player_choice":"Take Damage","damage_taken":20,"relics_obtained":["Golden Idol"],"max_hp_gain":0,"max_hp_loss":0,"event_name":"Golden Idol","floor":11,"gold_loss":0},{"damage_healed":0,"gold_gain":0,"player_choice":"Obtain J.A.X.","damage_taken":0,"max_hp_gain":0,"max_hp_loss":0,"event_name":"Drug Dealer","floor":19,"gold_loss":0,"cards_obtained":["J.A.X."]},{"damage_healed":0,"gold_gain":0,"player_choice":"Became a vampire","damage_taken":0,"max_hp_gain":0,"max_hp_loss":24,"event_name":"Vampires","floor":24,"gold_loss":0,"cards_obtained":["Bite","Bite","Bite","Bite","Bite"]}],"is_beta":false,"boss_relics":[{"not_picked":["Ectoplasm","Runic Dome"],"picked":"Black Star"}],"items_purged_floors":[7,20],"is_endless":false,"potions_floor_spawned":[2,4,8,18,23],"killed_by":"Gremlin Leader","ascension_level":3}}