{"host":"bw13iioxe4nmywrn","time":1609961914,"event":{"mods":["AchievementEnabler","Act Like it!","BaseMod","Colored Powertips","Gensokyo","Minty Spire (QoL Compilation)","StSLib","The Servant 0.9.4"],"gold_per_floor":[111,125,143,143,154,182,182,192,192,192,227,192,192,49,49,144,144,162,77,2,2,22,36,36,36,91,12,32,44,44,44,44,148,148,168,182,182,194,194,194,204,224,224,237,237,237],"floor_reached":45,"playtime":2544,"items_purged":[],"score":452,"play_id":"74bd839c-a803-4742-ac37-6d43c6c122c2","local_time":"20210107003834","is_ascension_mode":false,"campfire_choices":[{"floor":10,"key":"REST"},{"data":"MoonPhase","floor":15,"key":"SMITH"},{"data":"MurderousAura","floor":24,"key":"SMITH"},{"data":"BestPractice","floor":30,"key":"SMITH"},{"data":"SilverBlades","floor":32,"key":"SMITH"},{"floor":40,"key":"REST"}],"circlet_count":0,"master_deck":["Strike_S","Defend_S","Defend_S","Defend_S","Defend_S","KidneyShot","Exchange","Rearm","MoonPhase+1","BestPractice+1","MurderousAura+1","FastForward","FanOfKnives","MurderousAura","CurseOfTheBell","MoonPhase+1","BottledTime+1","TheWorld","SilverBlades+1","Moonlight","Ricochet","KillingDoll","BottledTime+1","Contraction+1","Hightail+1","Luminosity+1"],"relics":["Uniform","NeowsBlessing","Anchor","Ginger","Gremlin Horn","Pantograph","Medical Kit","Calling Bell","Centennial Puzzle","Eternal Feather","FossilizedHelix","Torii","Bronze Scales","MutagenicStrength","Empty Cage","Molten Egg 2"],"acts_visited":["Exordium","TheCity","TheBeyond"],"potions_floor_usage":[16,16,18,28,36,38,42,44,45],"damage_taken":[{"damage":0,"enemies":"2 Louse","floor":1,"turns":1},{"damage":0,"enemies":"Jaw Worm","floor":2,"turns":1},{"damage":0,"enemies":"Small Slimes","floor":3,"turns":1},{"damage":2,"enemies":"Blue Slaver","floor":5,"turns":6},{"damage":22,"enemies":"Lagavulin","floor":6,"turns":11},{"damage":10,"enemies":"2 Fungi Beasts","floor":8,"turns":5},{"damage":16,"enemies":"Gremlin Nob","floor":11,"turns":5},{"damage":26,"enemies":"Slime Boss","floor":16,"turns":9},{"damage":19,"enemies":"Spheric Guardian","floor":18,"turns":6},{"damage":0,"enemies":"Chosen","floor":22,"turns":5},{"damage":1,"enemies":"Shelled Parasite and Fungi","floor":23,"turns":8},{"damage":9,"enemies":"Centurion and Healer","floor":28,"turns":7},{"damage":15,"enemies":"Cultist and Chosen","floor":29,"turns":5},{"damage":33,"enemies":"Collector","floor":33,"turns":7},{"damage":0,"enemies":"Orb Walker","floor":35,"turns":3},{"damage":33,"enemies":"3 Darklings","floor":36,"turns":4},{"damage":25,"enemies":"Writhing Mass","floor":38,"turns":3},{"damage":1,"enemies":"Spire Growth","floor":41,"turns":5},{"damage":2,"enemies":"4 Shapes","floor":42,"turns":6},{"damage":17,"enemies":"Jaw Worm Horde","floor":44,"turns":4},{"damage":33,"enemies":"Reptomancer","floor":45,"turns":3}],"seed_played":"-5532963729658858785","potions_obtained":[{"floor":6,"key":"SteroidPotion"},{"floor":11,"key":"SpeedPotion"},{"floor":16,"key":"Fire Potion"},{"floor":18,"key":"Weak Potion"},{"floor":28,"key":"SteroidPotion"},{"floor":29,"key":"SpeedPotion"},{"floor":33,"key":"Weak Potion"},{"floor":35,"key":"SkillPotion"},{"floor":36,"key":"CultistPotion"},{"floor":42,"key":"BlessingOfTheForge"},{"floor":44,"key":"Block Potion"}],"is_trial":false,"path_per_floor":["M","M","M","?","M","E","?","M","T","R","E","?","T","$","R","B",null,"M","?","?","?","M","M","R","?","T","$","M","M","R","?","R","B",null,"M","M","?","M","?","R","M","M","T","M","E"],"character_chosen":"THE_SERVANT","items_purchased":["Medical Kit","SilverBlades"],"campfire_rested":2,"item_purchase_floors":[14,27],"current_hp_per_floor":[65,65,65,65,63,41,41,31,31,50,34,50,50,50,50,39,65,46,46,46,65,65,64,65,65,65,65,56,41,53,53,65,32,65,65,32,32,7,7,38,37,35,35,18,0,0],"gold":237,"neow_bonus":"THREE_ENEMY_KILL","is_daily":false,"chose_seed":false,"campfire_upgraded":4,"win_rate":0.0,"timestamp":1609961914,"path_taken":["M","M","M","?","M","E","?","?","T","R","E","?","?","?","R","BOSS","M","?","?","?","M","M","R","?","T","$","M","M","R","?","R","BOSS","M","M","?","?","?","R","?","M","T","?","E"],"items_purchased_type":["Relic","Card"],"build_version":"2020-12-22","purchased_purges":0,"victory":false,"max_hp_per_floor":[65,65,65,65,65,65,65,65,65,65,65,65,65,65,65,65,65,65,65,65,65,65,65,65,65,65,65,65,65,65,65,65,65,65,65,65,65,65,65,65,65,65,65,65,65,65],"card_choices":[{"not_picked":["ShatteredReality","Unruled","SpecialFormula"],"picked":"SKIP","floor":1},{"not_picked":["Snipe","FanOfKnives"],"picked":"Rearm","floor":2},{"not_picked":["Rearm","GearUp"],"picked":"MoonPhase","floor":3},{"not_picked":["Rearm","Defy"],"picked":"BestPractice","floor":5},{"not_picked":["Replace","Potential"],"picked":"MurderousAura","floor":6},{"not_picked":["Potential","RealityMarble"],"picked":"FastForward","floor":8},{"not_picked":["ReturningBlade","SoulSculpture"],"picked":"FanOfKnives","floor":11},{"not_picked":["Solidify","TheWorld"],"picked":"MurderousAura","floor":16},{"not_picked":["Contraction","SurpressingFire"],"picked":"MoonPhase+1","floor":18},{"not_picked":["Replace","Revamp"],"picked":"BottledTime+1","floor":22},{"not_picked":["Revamp","Misdirection"],"picked":"TheWorld","floor":23},{"not_picked":["Revamp+1","ShiftingGears"],"picked":"Moonlight","floor":28},{"not_picked":["SpecialFormula","Rearm+1"],"picked":"Ricochet","floor":29},{"not_picked":["Dilation","Solidify"],"picked":"KillingDoll","floor":33},{"not_picked":["ReturningBlade+1","Shuttle+1","ShatteredReality+1"],"picked":"SKIP","floor":35},{"not_picked":["ShatteredReality+1","TimeWarp"],"picked":"BottledTime+1","floor":36},{"not_picked":["Unruled+1","Rewind+1"],"picked":"Contraction+1","floor":38},{"not_picked":["Replace+1","Starlight"],"picked":"Hightail+1","floor":41},{"not_picked":["Rearm+1","Alleviate+1","TimeWarp+1"],"picked":"SKIP","floor":42},{"not_picked":["Sunlight+1","Defy+1"],"picked":"Luminosity+1","floor":44}],"player_experience":227489,"relics_obtained":[{"floor":6,"key":"Anchor"},{"floor":9,"key":"Ginger"},{"floor":11,"key":"Gremlin Horn"},{"floor":13,"key":"Pantograph"},{"floor":17,"key":"Centennial Puzzle"},{"floor":17,"key":"Eternal Feather"},{"floor":17,"key":"FossilizedHelix"},{"floor":26,"key":"Bronze Scales"},{"floor":43,"key":"Molten Egg 2"}],"event_choices":[{"damage_healed":0,"gold_gain":0,"player_choice":"Ignored","damage_taken":0,"max_hp_gain":0,"max_hp_loss":0,"event_name":"Liars Game","floor":4,"gold_loss":0},{"damage_healed":0,"gold_gain":0,"player_choice":"Ignored","damage_taken":0,"max_hp_gain":0,"max_hp_loss":0,"event_name":"Golden Idol","floor":7,"gold_loss":0},{"damage_healed":16,"gold_gain":0,"player_choice":"Healed","damage_taken":0,"max_hp_gain":0,"max_hp_loss":0,"event_name":"The Cleric","floor":12,"gold_loss":35},{"damage_healed":0,"gold_gain":0,"player_choice":"Obtained Relic","damage_taken":0,"relics_obtained":["Torii"],"max_hp_gain":0,"max_hp_loss":0,"event_name":"Addict","floor":19,"gold_loss":85},{"cards_removed":["Strike_S"],"damage_healed":0,"gold_gain":0,"player_choice":"Gave Gold","damage_taken":0,"max_hp_gain":0,"max_hp_loss":0,"event_name":"Beggar","floor":20,"gold_loss":75},{"damage_healed":21,"gold_gain":0,"player_choice":"Heal","damage_taken":0,"max_hp_gain":0,"max_hp_loss":0,"event_name":"The Library","floor":21,"gold_loss":0},{"damage_healed":0,"gold_gain":0,"player_choice":"Ignored","damage_taken":0,"max_hp_gain":0,"max_hp_loss":0,"event_name":"Ghosts","floor":25,"gold_loss":0},{"damage_healed":0,"gold_gain":0,"player_choice":"Inject Mutagens","damage_taken":0,"relics_obtained":["MutagenicStrength"],"max_hp_gain":0,"max_hp_loss":0,"event_name":"Drug Dealer","floor":31,"gold_loss":0},{"damage_healed":0,"gold_gain":0,"player_choice":"Bought 0 Potions","damage_taken":0,"max_hp_gain":0,"max_hp_loss":0,"event_name":"The Woman in Blue","floor":37,"gold_loss":0},{"damage_healed":0,"gold_gain":0,"player_choice":"Ignored","damage_taken":0,"max_hp_gain":0,"max_hp_loss":0,"event_name":"NoteForYourself","floor":39,"gold_loss":0}],"is_beta":false,"boss_relics":[{"not_picked":["Black Star","Astrolabe"],"picked":"Calling Bell"},{"not_picked":["Fusion Hammer","Snecko Eye"],"picked":"Empty Cage"}],"items_purged_floors":[],"is_endless":false,"potions_floor_spawned":[6,11,16,18,28,29,33,35,36,42,44],"killed_by":"Reptomancer","ascension_level":0}}