{"host":"jn2qdns2nxijvlnt","time":1609919118,"event":{"mods":["BaseMod","Minty Spire (QoL Compilation)","Quick Restart"],"gold_per_floor":[118,118,129,129,152,152,185,200,225,241,191,235,235,254,254,383,383,399,3,36,36,61,61,100,100,100,123,143,143,187,205,205,331,331,345,19,352,76,124,134,134,134],"floor_reached":41,"playtime":3797,"items_purged":[],"score":532,"play_id":"34ba4752-5db9-4de5-b4d7-fb95d2b3e221","local_time":"20210106024518","is_ascension_mode":true,"campfire_choices":[{"data":"Malaise","floor":6.0,"key":"SMITH"},{"floor":13.0,"key":"REST"},{"floor":15.0,"key":"REST"},{"floor":23.0,"key":"REST"},{"floor":25.0,"key":"REST"},{"floor":32.0,"key":"REST"}],"circlet_count":0,"master_deck":["Strike_G","Strike_G","Strike_G","Strike_G","Strike_G","Defend_G","Defend_G","Defend_G","Defend_G","Defend_G","Neutralize","Backflip","Malaise+1","Slice","Heel Hook","Deflect","Quick Slash","Leg Sweep","All Out Attack","Masterful Stab","A Thousand Cuts","Skewer+1","Poisoned Stab","Poisoned Stab","Bouncing Flask+1","Envenom","Quick Slash+1","Noxious Fumes","Dagger Spray","Caltrops","Poisoned Stab+1"],"relics":["Ring of the Snake","NeowsBlessing","Omamori","Oddly Smooth Stone","Ancient Tea Set","Busted Crown","Bird Faced Urn","Red Mask","Sundial","Question Card","The Specimen","Philosopher\u0027s Stone","Orichalcum","Toolbox","Shovel"],"acts_visited":["Exordium","TheCity","TheBeyond"],"potions_floor_usage":[41],"damage_taken":[{"damage":0.0,"enemies":"Small Slimes","floor":1.0,"turns":1.0},{"damage":0.0,"enemies":"Cultist","floor":3.0,"turns":1.0},{"damage":0.0,"enemies":"Jaw Worm","floor":5.0,"turns":1.0},{"damage":31.0,"enemies":"Lagavulin","floor":7.0,"turns":9.0},{"damage":5.0,"enemies":"Looter","floor":8.0,"turns":3.0},{"damage":0.0,"enemies":"Blue Slaver","floor":10.0,"turns":4.0},{"damage":19.0,"enemies":"3 Sentries","floor":12.0,"turns":11.0},{"damage":0.0,"enemies":"Gremlin Gang","floor":14.0,"turns":2.0},{"damage":19.0,"enemies":"The Guardian","floor":16.0,"turns":19.0},{"damage":8.0,"enemies":"Chosen","floor":18.0,"turns":6.0},{"damage":21.0,"enemies":"Masked Bandits","floor":20.0,"turns":4.0},{"damage":1.0,"enemies":"3 Byrds","floor":22.0,"turns":3.0},{"damage":42.0,"enemies":"Gremlin Leader","floor":24.0,"turns":5.0},{"damage":3.0,"enemies":"Cultist and Chosen","floor":27.0,"turns":5.0},{"damage":20.0,"enemies":"Centurion and Healer","floor":28.0,"turns":5.0},{"damage":11.0,"enemies":"Book of Stabbing","floor":30.0,"turns":7.0},{"damage":6.0,"enemies":"Snake Plant","floor":31.0,"turns":6.0},{"damage":47.0,"enemies":"Automaton","floor":33.0,"turns":9.0},{"damage":31.0,"enemies":"3 Shapes","floor":35.0,"turns":4.0},{"damage":27.0,"enemies":"2 Orb Walkers","floor":39.0,"turns":5.0},{"damage":17.0,"enemies":"3 Darklings","floor":40.0,"turns":4.0},{"damage":0,"enemies":"Reptomancer","floor":41,"turns":3}],"seed_played":"-4884569577381847461","potions_obtained":[{"floor":5.0,"key":"GhostInAJar"},{"floor":7.0,"key":"Energy Potion"},{"floor":12.0,"key":"DistilledChaos"},{"floor":16.0,"key":"GamblersBrew"},{"floor":18.0,"key":"SpeedPotion"},{"floor":21.0,"key":"Regen Potion"},{"floor":21.0,"key":"BlessingOfTheForge"},{"floor":24.0,"key":"LiquidMemories"},{"floor":30.0,"key":"Poison Potion"},{"floor":31.0,"key":"ColorlessPotion"},{"floor":35.0,"key":"Strength Potion"},{"floor":40.0,"key":"PowerPotion"}],"is_trial":false,"path_per_floor":["M","?","M","?","M","R","E","M","T","M","?","E","R","M","R","B",null,"M","$","?","?","M","R","E","R","T","M","M","?","E","M","R","B",null,"M","$","?","$","?","M","E"],"character_chosen":"THE_SILENT","items_purchased":["Bird Faced Urn","Poison Potion","FearPotion","Noxious Fumes","Orichalcum","CunningPotion","Dagger Spray","Toolbox","AttackPotion","Caltrops"],"campfire_rested":5,"item_purchase_floors":[19,19,19,36,36,36,36,38,38,38],"current_hp_per_floor":[70,70,70,70,70,70,39,34,34,34,34,15,36,36,57,38,70,62,62,43,43,53,70,28,49,49,48,28,51,42,36,57,14,70,41,41,41,41,18,5,13,13],"gold":134,"neow_bonus":"THREE_ENEMY_KILL","is_daily":false,"chose_seed":false,"campfire_upgraded":1,"win_rate":0.0,"timestamp":1609919118,"path_taken":["M","?","?","?","M","R","E","M","T","M","?","E","R","M","R","BOSS","M","$","?","?","M","R","E","R","T","?","M","?","E","M","R","BOSS","M","$","?","$","?","M","E"],"items_purchased_type":["Relic","Potion","Potion","Card","Relic","Potion","Card","Relic","Potion","Card"],"build_version":"2020-12-22","purchased_purges":0,"victory":false,"max_hp_per_floor":[70,70,70,70,70,70,70,70,70,70,70,70,70,70,70,70,70,70,70,70,70,70,70,70,70,70,70,70,70,70,70,70,70,70,70,70,70,70,70,70,70,70],"card_choices":[{"not_picked":["Bane","Calculated Gamble"],"picked":"Backflip","floor":1.0},{"not_picked":["Backflip","Quick Slash"],"picked":"Slice","floor":3.0},{"not_picked":["Outmaneuver","Sucker Punch"],"picked":"Heel Hook","floor":5.0},{"not_picked":["Catalyst","Footwork"],"picked":"Deflect","floor":7.0},{"not_picked":["Backflip","PiercingWail"],"picked":"Quick Slash","floor":8.0},{"not_picked":["Backflip","Dodge and Roll"],"picked":"Leg Sweep","floor":10.0},{"not_picked":["Blur","Bane"],"picked":"All Out Attack","floor":12.0},{"not_picked":["Blade Dance","Sucker Punch"],"picked":"Masterful Stab","floor":14.0},{"not_picked":["Bullet Time","Storm of Steel"],"picked":"A Thousand Cuts","floor":16.0},{"not_picked":[],"picked":"Skewer+1","floor":18.0},{"not_picked":[],"picked":"Poisoned Stab","floor":20.0},{"not_picked":["Riddle With Holes"],"picked":"SKIP","floor":22.0},{"not_picked":["Slice"],"picked":"SKIP","floor":24.0},{"not_picked":["Prepared","Outmaneuver"],"picked":"SKIP","floor":27.0},{"not_picked":["Heel Hook","Infinite Blades"],"picked":"SKIP","floor":28.0},{"not_picked":["Quick Slash+1"],"picked":"Poisoned Stab","floor":30.0},{"not_picked":["Skewer"],"picked":"Bouncing Flask+1","floor":31.0},{"not_picked":["Venomology"],"picked":"Envenom","floor":33.0},{"not_picked":["Poisoned Stab"],"picked":"Quick Slash+1","floor":35.0},{"not_picked":["Acrobatics+1"],"picked":"Poisoned Stab+1","floor":40.0}],"player_experience":478917,"relics_obtained":[{"floor":7.0,"key":"Omamori"},{"floor":9.0,"key":"Oddly Smooth Stone"},{"floor":12.0,"key":"Ancient Tea Set"},{"floor":20.0,"key":"Red Mask"},{"floor":24.0,"key":"Sundial"},{"floor":26.0,"key":"Question Card"},{"floor":30.0,"key":"The Specimen"},{"floor":39.0,"key":"Shovel"}],"event_choices":[{"damage_healed":0.0,"max_hp_gain":0.0,"max_hp_loss":0.0,"gold_gain":0.0,"cards_transformed":["Survivor"],"event_name":"Transmorgrifier","player_choice":"Transformed","floor":2.0,"gold_loss":0.0,"damage_taken":0.0,"cards_obtained":["Malaise"]},{"damage_healed":0.0,"max_hp_gain":0.0,"max_hp_loss":0.0,"gold_gain":0.0,"event_name":"Golden Idol","player_choice":"Take Wound","floor":4.0,"gold_loss":0.0,"damage_taken":0.0,"relics_obtained":["Golden Idol"],"cards_obtained":["Injury"]},{"cards_removed":["Injury"],"damage_healed":0.0,"max_hp_gain":0.0,"max_hp_loss":0.0,"gold_gain":0.0,"event_name":"The Cleric","player_choice":"Card Removal","floor":11.0,"gold_loss":50.0,"damage_taken":0.0},{"damage_healed":0.0,"max_hp_gain":0.0,"max_hp_loss":0.0,"gold_gain":0.0,"event_name":"Masked Bandits","player_choice":"Fought Bandits","floor":20.0,"gold_loss":0.0,"damage_taken":0.0},{"damage_healed":0.0,"max_hp_gain":0.0,"max_hp_loss":0.0,"gold_gain":0.0,"event_name":"Lab","player_choice":"Got Potions","floor":21.0,"gold_loss":0.0,"damage_taken":0.0},{"damage_healed":23.0,"max_hp_gain":0.0,"max_hp_loss":0.0,"gold_gain":0.0,"event_name":"The Library","player_choice":"Heal","floor":29.0,"gold_loss":0.0,"damage_taken":0.0},{"damage_healed":0.0,"max_hp_gain":0.0,"max_hp_loss":0.0,"gold_gain":333.0,"event_name":"The Moai Head","player_choice":"Gave Idol","floor":37.0,"relics_lost":["Golden Idol"],"gold_loss":0.0,"damage_taken":0.0},{"damage_healed":0.0,"max_hp_gain":0.0,"max_hp_loss":0.0,"gold_gain":0.0,"event_name":"Mysterious Sphere","player_choice":"Fight","floor":39.0,"gold_loss":0.0,"damage_taken":0.0}],"is_beta":false,"boss_relics":[{"not_picked":["Tiny House","Runic Dome"],"picked":"Busted Crown"},{"not_picked":["Ring of the Serpent","Astrolabe"],"picked":"Philosopher\u0027s Stone"}],"items_purged_floors":[],"is_endless":false,"potions_floor_spawned":[5,7,12,16,18,24,30,31,35,40],"killed_by":"Reptomancer","ascension_level":3}}