{"host":"9ndbo4kgsfoemf7y","time":1609934108,"event":{"mods":["AchievementEnabler","BaseMod","Colored Map","DeckTracker","Keyboard Shortcuts","Minty Spire (QoL Compilation)","Permanent Neow","Quick Restart","Relic Stats","StSLib","SuperFastMode"],"gold_per_floor":[117,117,292,292,312,343,343,377,377,377,416,416,494,519,519,644,644,663,663,663,663,677,712,728,496,544,544,544],"floor_reached":27,"playtime":748,"items_purged":["Doubt"],"score":340,"play_id":"43f50c08-4784-494e-82ed-7338b98de2a4","local_time":"20210106205508","is_ascension_mode":true,"campfire_choices":[{"data":"Dualcast","floor":7.0,"key":"SMITH"},{"data":"Chaos","floor":10.0,"key":"SMITH"},{"data":"Loop","floor":15.0,"key":"SMITH"}],"circlet_count":0,"master_deck":["Strike_B+1","Strike_B","Strike_B","Defend_B+1","Defend_B","Defend_B","Defend_B","Zap","Dualcast+1","Sweeping Beam","Loop+1","Chaos+1","Turbo","Double Energy","All For One","Skim","Electrodynamics","Lockon","Defragment","Impatience","Auto Shields+1","Coolheaded+1","Conserve Battery","Defragment","BootSequence"],"relics":["FrozenCore","NeowsBlessing","Golden Idol","DataDisk","TungstenRod","Du-Vu Doll","HornCleat","Nunchaku","Pen Nib"],"acts_visited":["Exordium","TheCity"],"potions_floor_usage":[],"damage_taken":[{"damage":0.0,"enemies":"Small Slimes","floor":1.0,"turns":1.0},{"damage":0.0,"enemies":"Jaw Worm","floor":5.0,"turns":1.0},{"damage":0.0,"enemies":"3 Sentries","floor":6.0,"turns":1.0},{"damage":22.0,"enemies":"Lagavulin","floor":8.0,"turns":4.0},{"damage":7.0,"enemies":"Gremlin Nob","floor":11.0,"turns":3.0},{"damage":0.0,"enemies":"2 Louse","floor":14.0,"turns":2.0},{"damage":13.0,"enemies":"Slime Boss","floor":16.0,"turns":8.0},{"damage":9.0,"enemies":"Spheric Guardian","floor":18.0,"turns":4.0},{"damage":7.0,"enemies":"Chosen","floor":22.0,"turns":5.0},{"damage":28.0,"enemies":"Gremlin Leader","floor":23.0,"turns":6.0},{"damage":16.0,"enemies":"Snake Plant","floor":24.0,"turns":5.0},{"damage":9,"enemies":"Centurion and Healer","floor":27,"turns":3}],"seed_played":"-4502630646143736049","potions_obtained":[{"floor":8.0,"key":"Explosive Potion"},{"floor":16.0,"key":"Weak Potion"},{"floor":22.0,"key":"Explosive Potion"},{"floor":23.0,"key":"Fruit Juice"}],"is_trial":false,"path_per_floor":["M","?","?","?","M","E","R","E","T","R","E","?","T","M","R","B",null,"M","?","?","?","M","E","M","$","T","M"],"character_chosen":"DEFECT","items_purchased":["Defragment","BootSequence"],"campfire_rested":0,"item_purchase_floors":[25,25],"current_hp_per_floor":[75,60,60,60,60,60,60,38,38,38,31,31,31,31,31,18,56,47,47,47,47,40,17,1,1,1,0,0],"gold":544,"neow_bonus":"THREE_ENEMY_KILL","is_daily":false,"chose_seed":false,"campfire_upgraded":3,"win_rate":0.0,"timestamp":1609934108,"path_taken":["M","?","?","?","M","E","R","E","T","R","E","?","?","M","R","BOSS","M","?","?","?","?","E","M","$","T","M"],"items_purchased_type":["Card","Card"],"build_version":"2020-12-22","purchased_purges":1,"victory":false,"max_hp_per_floor":[75,75,75,69,69,69,69,69,69,69,69,69,69,69,69,69,69,69,69,69,69,69,74,74,74,74,74,74],"relic_stats":{"Nunchaku":[0],"counters":[12,43],"Golden Idol":72,"Pen Nib":[0],"obtain_stats":[{"Du-Vu Doll":11,"DataDisk":6,"Nunchaku":23,"HornCleat":13,"NeowsBlessing":0,"Golden Idol":4,"Pen Nib":26,"Cracked Core":0,"TungstenRod":8,"FrozenCore":17},{"Du-Vu Doll":5,"DataDisk":3,"Nunchaku":10,"HornCleat":5,"NeowsBlessing":0,"Golden Idol":1,"Pen Nib":11,"Cracked Core":0,"TungstenRod":4,"FrozenCore":7},{"Du-Vu Doll":10,"DataDisk":3,"Nunchaku":35,"HornCleat":10,"NeowsBlessing":0,"Golden Idol":1,"Pen Nib":40,"Cracked Core":0,"TungstenRod":7,"FrozenCore":20}],"TungstenRod":14,"FrozenCore":[7]},"card_choices":[{"not_picked":["Rebound","Redo"],"picked":"Sweeping Beam","floor":1.0},{"not_picked":["Compile Driver","Sweeping Beam"],"picked":"Loop","floor":5.0},{"not_picked":["Auto Shields","Sunder"],"picked":"Chaos","floor":6.0},{"not_picked":["Compile Driver","Streamline"],"picked":"Turbo","floor":8.0},{"not_picked":["Conserve Battery","Redo"],"picked":"Double Energy","floor":11.0},{"not_picked":["Gash","Ball Lightning"],"picked":"Skim","floor":14.0},{"not_picked":["Rainbow","Biased Cognition"],"picked":"Electrodynamics","floor":16.0},{"not_picked":["Turbo","Sweeping Beam"],"picked":"Lockon","floor":18.0},{"not_picked":["Sweeping Beam+1","Barrage"],"picked":"Auto Shields+1","floor":22.0},{"not_picked":["Lockon","Blizzard"],"picked":"Coolheaded+1","floor":23.0},{"not_picked":["Steam+1","Stack"],"picked":"Conserve Battery","floor":24.0}],"player_experience":781191,"relics_obtained":[{"floor":6.0,"key":"DataDisk"},{"floor":8.0,"key":"TungstenRod"},{"floor":11.0,"key":"Du-Vu Doll"},{"floor":13.0,"key":"HornCleat"},{"floor":23.0,"key":"Nunchaku"},{"floor":26,"key":"Pen Nib"}],"event_choices":[{"damage_healed":0.0,"max_hp_gain":0.0,"max_hp_loss":0.0,"gold_gain":0.0,"event_name":"Shining Light","player_choice":"Entered Light","floor":2.0,"gold_loss":0.0,"damage_taken":15.0,"cards_upgraded":["Strike_B","Defend_B"]},{"damage_healed":0.0,"max_hp_gain":0.0,"max_hp_loss":0.0,"gold_gain":175.0,"event_name":"Liars Game","player_choice":"AGREE","floor":3.0,"gold_loss":0.0,"damage_taken":0.0,"cards_obtained":["Doubt"]},{"damage_healed":0.0,"max_hp_gain":0.0,"max_hp_loss":6.0,"gold_gain":0.0,"event_name":"Golden Idol","player_choice":"Lose Max HP","floor":4.0,"gold_loss":0.0,"damage_taken":0.0,"relics_obtained":["Golden Idol"]},{"damage_healed":0.0,"max_hp_gain":0.0,"max_hp_loss":0.0,"gold_gain":0.0,"cards_transformed":["Strike_B"],"event_name":"Living Wall","player_choice":"Change","floor":12.0,"gold_loss":0.0,"damage_taken":0.0,"cards_obtained":["All For One"]},{"damage_healed":0.0,"max_hp_gain":0.0,"max_hp_loss":0.0,"gold_gain":0.0,"event_name":"Vampires","player_choice":"Ignored","floor":19.0,"gold_loss":0.0,"damage_taken":0.0},{"damage_healed":0.0,"max_hp_gain":0.0,"max_hp_loss":0.0,"gold_gain":0.0,"event_name":"The Library","player_choice":"Read","floor":20.0,"gold_loss":0.0,"damage_taken":0.0,"cards_obtained":["Defragment"]},{"damage_healed":0.0,"max_hp_gain":0.0,"max_hp_loss":0.0,"gold_gain":0.0,"event_name":"Match and Keep!","player_choice":"1 cards matched","floor":21.0,"gold_loss":0.0,"damage_taken":0.0,"cards_obtained":["Impatience"]}],"is_beta":false,"boss_relics":[{"not_picked":["Empty Cage","Busted Crown"],"picked":"FrozenCore"}],"items_purged_floors":[25],"is_endless":false,"potions_floor_spawned":[8,16,22,23],"killed_by":"Centurion and Healer","ascension_level":5}}