{"host":"dnd25fcf5l5puhl9","time":1609968920,"event":{"mods":["AchievementEnabler","Act Like it!","BaseMod","BetterRewards","Colored Map","Colored Powertips","Downfall","Gensokyo","Hubris","Infinite Spire","Lobotomy","Minty Spire (QoL Compilation)","Replay The Spire","Shop Mod","StSLib","SuperFastMode","The Animator"],"gold_per_floor":[109,109,109,122,122,122,135,135,135,169,179,197,229,3,3,109,109,129,129,153,113,11,11,11],"floor_reached":23,"playtime":2339,"items_purged":["animator:Kazuma"],"score":191,"play_id":"b5b035a8-59dc-4435-8bcf-7d924370fc21","local_time":"20210106193520","is_ascension_mode":false,"campfire_choices":[{"data":"animator:Benimaru","floor":6,"key":"SMITH"},{"data":"animator:Souei","floor":8,"key":"SMITH"},{"floor":15,"key":"REST"}],"circlet_count":0,"master_deck":["animator:Strike_Konosuba","animator:Defend_Konosuba","animator:Strike","animator:Strike","animator:Strike","animator:Defend","animator:Defend","animator:Souei+1","animator:Benimaru+1","Iron Wave","animator:GuildGirl","animator:GazelDwargon","animator:Archer","animator:DolaStephanie","animator:UneriGinkaku+1","animator:Saber","animator:Lancer","animator:DolaSchwi+1","Gensokyo:BlemishedSteel","Gensokyo:RustyChest"],"relics":["animator:LivingPicture","animator:TheMissingPiece","animator:PurgingStone","Unceasing Top","MerchantsRug","Regal Pillow","Replay:Bottled Snecko","Pet Ghost","Sozu"],"acts_visited":["Exordium","Gensokyo:Gensokyoer"],"potions_floor_usage":[],"damage_taken":[{"damage":12,"enemies":"Jaw Worm","floor":1,"turns":7},{"damage":3,"enemies":"Cultist","floor":4,"turns":4},{"damage":0,"enemies":"Small Slimes","floor":7,"turns":4},{"damage":25,"enemies":"Gremlin Nob","floor":10,"turns":4},{"damage":13,"enemies":"Gremlin Gang","floor":11,"turns":7},{"damage":13,"enemies":"3 Louse","floor":12,"turns":4},{"damage":8,"enemies":"Looter","floor":13,"turns":3},{"damage":19,"enemies":"Hexaghost","floor":16,"turns":7},{"damage":17,"enemies":"Gensokyo:AngelMirror","floor":18,"turns":3},{"damage":32,"enemies":"Gensokyo:3_Dogs","floor":20,"turns":6},{"damage":26,"enemies":"Gensokyo:Tenshi","floor":23,"turns":1}],"seed_played":"-14197881584059896","potions_obtained":[{"floor":4,"key":"Elixir"},{"floor":7,"key":"Guardian:BlockOnCardUsePotion"},{"floor":10,"key":"Swift Potion"}],"is_trial":false,"path_per_floor":["M","?","$","M","?","R","M","R","T","E","M","M","M","$","R","B",null,"M","?","M","?","COS","E"],"character_chosen":"THE_ANIMATOR","items_purchased":["MerchantsRug","Pet Ghost"],"campfire_rested":1,"item_purchase_floors":[0,14],"current_hp_per_floor":[25,66,66,63,63,63,63,63,63,38,25,12,4,4,38,19,66,49,49,17,17,17,0,0],"gold":11,"neow_bonus":"","is_daily":false,"chose_seed":false,"campfire_upgraded":2,"win_rate":0.0,"timestamp":1609968920,"path_taken":["M","?","$","?","?","R","M","R","T","E","M","?","M","$","R","BOSS","M","?","M","?","COS","E"],"items_purchased_type":["Relic","Relic"],"build_version":"2020-12-22","purchased_purges":1,"victory":false,"max_hp_per_floor":[66,66,66,66,66,66,66,66,66,66,66,66,66,66,66,66,66,66,66,66,66,66,66,66],"card_choices":[{"not_picked":["animator:LizardPriest","animator:Sloth"],"picked":"animator:Souei","floor":1},{"not_picked":["animator:LizardPriest","animator:Priestess"],"picked":"animator:Benimaru","floor":4},{"not_picked":["animator:Benimaru","animator:Tyuule"],"picked":"animator:GuildGirl","floor":7},{"not_picked":["animator:Vesta","animator:Hakurou"],"picked":"animator:GazelDwargon","floor":10},{"not_picked":["animator:Konayuki","animator:Jibril"],"picked":"animator:Archer","floor":11},{"not_picked":["animator:DolaCouronne","animator:Demiurge"],"picked":"animator:DolaStephanie","floor":12},{"not_picked":["animator:Benimaru","animator:Togame"],"picked":"animator:UneriGinkaku","floor":13},{"not_picked":["animator:Rimuru","animator:Father"],"picked":"animator:Saber","floor":16},{"not_picked":["animator:DwarfShaman","animator:Souei+1"],"picked":"animator:DolaSchwi+1","floor":20}],"player_experience":504715,"relics_obtained":[{"floor":9,"key":"Regal Pillow"},{"floor":10,"key":"Replay:Bottled Snecko"}],"event_choices":[{"cards_removed":["animator:Aqua"],"damage_healed":41,"gold_gain":0,"player_choice":"Offered Uncommon","damage_taken":0,"max_hp_gain":0,"max_hp_loss":0,"event_name":"Bonfire Elementals","floor":2,"gold_loss":0},{"cards_removed":["animator:Defend"],"damage_healed":0,"gold_gain":0,"player_choice":"Took Card","damage_taken":0,"max_hp_gain":0,"max_hp_loss":0,"event_name":"NoteForYourself","floor":5,"gold_loss":0,"cards_obtained":["Iron Wave"]}],"is_beta":false,"boss_relics":[{"not_picked":["hubris:GrandSneckoEye","Tiny House"],"picked":"Sozu"}],"items_purged_floors":[14],"is_endless":false,"potions_floor_spawned":[4,7,10,13,20],"killed_by":"Gensokyo:Tenshi","ascension_level":0}}