{"host":"u0qetpmu4y58k1tf","time":1609944894,"event":{"mods":["AchievementEnabler","BaseMod","Colored Map","Colored Powertips","Hermit","Marisa£¨Ùöéë¡¡Øª×âÞÞ£©","Minty Spire (QoL Compilation)","Replay The Spire","StSLib","SuperFastMode","The Bug Knight","The Cursed","The Hierophant","The Runesmith"],"gold_per_floor":[113,188,188,188,198,230,230,258,258,258,9,9,23,54,54,132,132,147,147,67,67],"floor_reached":20,"playtime":1141,"items_purged":[],"score":376,"play_id":"5c5bd6c8-840d-46b6-b183-211ebea85706","local_time":"20210106235454","daily_mods":["Draft","Diverse","Colorless Cards","Heirloom","DeadlyEvents","Elite Swarm"],"is_ascension_mode":true,"campfire_choices":[{"floor":7,"key":"REST"},{"floor":10,"key":"REST"},{"data":"Flex","floor":12,"key":"SMITH"},{"floor":15,"key":"REST"}],"circlet_count":0,"master_deck":["AscendersBane","Anger","Outmaneuver","Leap","Cloak And Dagger","Prostrate","MachineGunSpark","Escape Plan","ReachHeaven","Ball Lightning","Crescendo","hierophant:ThreeLashes","Cloak And Dagger","Runesmith:EarthShield","Flex+1","Electrodynamics","Reboot+1","PropBag+1","Clash","Runesmith:MetallurgicalResearch+1","Echo Form+1","Pray+1","Sickly"],"relics":["Ring of the Snake","Torii","Chameleon Ring","Toxic Egg 2","Kunai","Quantum Egg","Centennial Puzzle","Golden Egg","Empty Cage","Ring of Fangs","ReplayTheSpireMod:Ring of Collecting","Blue Candle"],"acts_visited":["Exordium","TheCity"],"potions_floor_usage":[18],"damage_taken":[{"damage":0,"enemies":"Jaw Worm","floor":1,"turns":2},{"damage":0,"enemies":"2 Louse","floor":5,"turns":1},{"damage":40,"enemies":"Lagavulin","floor":6,"turns":4},{"damage":1,"enemies":"Gremlin Nob","floor":8,"turns":3},{"damage":0,"enemies":"Cultist","floor":13,"turns":1},{"damage":8,"enemies":"3 Sentries","floor":14,"turns":5},{"damage":16,"enemies":"Hexaghost","floor":16,"turns":6},{"damage":0,"enemies":"Shell Parasite","floor":18,"turns":2},{"damage":12,"enemies":"2 Thieves","floor":20,"turns":4}],"seed_played":"6491852261225236433","potions_obtained":[{"floor":6,"key":"GamblersBrew"},{"floor":16,"key":"Adrenaline Potion"}],"is_trial":true,"path_per_floor":["M","?","T","?","M","E","R","E","T","R","$","R","M","E","R","B",null,"M","?","M"],"character_chosen":"THE_SILENT","items_purchased":["PropBag+1","Centennial Puzzle"],"campfire_rested":3,"item_purchase_floors":[11,11],"current_hp_per_floor":[59,48,48,48,48,8,27,26,26,45,45,45,45,37,56,40,60,60,60,48,48],"gold":67,"neow_bonus":"","is_daily":false,"chose_seed":false,"campfire_upgraded":1,"win_rate":0.0,"timestamp":1609944894,"path_taken":["M","?","?","?","M","E","R","?","T","R","?","R","?","E","R","BOSS","M","?","M"],"items_purchased_type":["Card","Relic"],"build_version":"2020-12-22","purchased_purges":0,"victory":false,"max_hp_per_floor":[66,66,66,66,66,66,66,66,66,66,66,66,66,66,66,66,66,66,66,66,66],"card_choices":[{"not_picked":["Runesmith:MakeshiftArmor","WitchOfGreed"],"picked":"Anger","floor":0},{"not_picked":["hermit:Headshot","hermit:Dive"],"picked":"Outmaneuver","floor":0},{"not_picked":["HollowMod:CornifersMapStart","Runesmith:CraftReservo"],"picked":"Leap","floor":0},{"not_picked":["hermit:Ricochet","HollowMod:CrystalDash"],"picked":"Armaments","floor":0},{"not_picked":["Beam Cell","GasGiant"],"picked":"Cloak And Dagger","floor":0},{"not_picked":["hierophant:Zeal","Blade Dance"],"picked":"Prostrate","floor":0},{"not_picked":["hierophant:Shelter","Shrug It Off"],"picked":"MachineGunSpark","floor":0},{"not_picked":["Runesmith:UnstableHammer","6A"],"picked":"Escape Plan","floor":0},{"not_picked":["TheCursedMod:CursedAmulet","TheCursedMod:SmokeScreen"],"picked":"ReachHeaven","floor":0},{"not_picked":["ReplayGash","Headbutt"],"picked":"Ball Lightning","floor":0},{"not_picked":["hierophant:Doubloon","Reinforced Body"],"picked":"Crescendo","floor":0},{"not_picked":["Cold Snap","Pommel Strike"],"picked":"hierophant:ThreeLashes","floor":0},{"not_picked":["Fluid Movement","TheCursedMod:CursedBlade"],"picked":"Cloak And Dagger","floor":0},{"not_picked":["hierophant:EyeForCoin","TheCursedMod:CursedMace"],"picked":"Compile Driver","floor":0},{"not_picked":["Undo","EmptyBody"],"picked":"Runesmith:EarthShield","floor":0},{"not_picked":["DC","HollowMod:BlackTendrils"],"picked":"Flex","floor":1},{"not_picked":["hermit:LowProfile","Iron Wave","TheCursedMod:BloodBarrier"],"picked":"SKIP","floor":5},{"not_picked":["hermit:Dissolve+1","Biased Cognition"],"picked":"Electrodynamics","floor":6},{"not_picked":["Impervious+1","Runesmith:DuctTape"],"picked":"Reboot+1","floor":8},{"not_picked":["Runesmith:HeatExchange","Prepared+1"],"picked":"Clash","floor":13},{"not_picked":["Wraith Form v2","MillisecondPulsars"],"picked":"Runesmith:MetallurgicalResearch+1","floor":14},{"not_picked":["hermit:DeadOrAlive","Replay:LoomingThreat"],"picked":"Echo Form","floor":16},{"not_picked":["TheCursedMod:Torture+1","Tantrum"],"picked":"Pray+1","floor":18}],"player_experience":25300,"relics_obtained":[{"floor":3,"key":"Chameleon Ring"},{"floor":6,"key":"Toxic Egg 2"},{"floor":8,"key":"Kunai"},{"floor":9,"key":"Quantum Egg"},{"floor":14,"key":"Golden Egg"},{"floor":19,"key":"Ring of Fangs"},{"floor":19,"key":"ReplayTheSpireMod:Ring of Collecting"}],"event_choices":[{"damage_healed":0,"gold_gain":75,"player_choice":"Gather Gold","damage_taken":11,"max_hp_gain":0,"max_hp_loss":0,"event_name":"World of Goop","floor":2,"gold_loss":0},{"damage_healed":0,"gold_gain":0,"player_choice":"Upgraded","damage_taken":0,"max_hp_gain":0,"max_hp_loss":0,"event_name":"Upgrade Shrine","floor":4,"gold_loss":0,"cards_upgraded":["Armaments"]}],"is_beta":false,"boss_relics":[{"not_picked":["Ring of the Serpent","ReplayTheSpireMod:DimensionalGlitch"],"picked":"Empty Cage"}],"items_purged_floors":[],"is_endless":false,"potions_floor_spawned":[6,16],"killed_by":"2 Thieves","ascension_level":20}}