{"host":"2n2g1vowfllvjtvi","time":1609953392,"event":{"mods":["AchievementEnabler","BaseMod","Custom Start","GifTheSpireLib","Keyboard Shortcuts","Minty Spire (QoL Compilation)","Quick Restart","Rare Cards Sparkle","StSLib","SuperFastMode"],"gold_per_floor":[111,111,125,3,3,3,30,42,65,30,40,40,40,72,72,150,150,166,56,23,23,23],"floor_reached":21,"playtime":289,"items_purged":[],"score":368,"play_id":"2eab3045-323f-44d4-a6cc-00cdd2818996","local_time":"20210107021632","is_ascension_mode":true,"campfire_choices":[{"data":"Defragment","floor":6,"key":"SMITH"},{"data":"Chaos","floor":13,"key":"SMITH"},{"data":"Zap","floor":15,"key":"SMITH"}],"circlet_count":0,"master_deck":["AscendersBane","Strike_B","Strike_B","Strike_B+1","Defend_B+1","Defend_B","Defend_B","Zap+1","Dualcast+1","Conserve Battery","Go for the Eyes","Defragment+1","Coolheaded","Sweeping Beam","Chaos+1","Meteor Strike","Seek","Turbo","Self Repair"],"relics":["Cracked Core","NeowsBlessing","Nunchaku","Akabeko","Toy Ornithopter","Sozu"],"acts_visited":["Exordium","TheCity"],"potions_floor_usage":[14,16],"damage_taken":[{"damage":0,"enemies":"2 Louse","floor":1,"turns":1},{"damage":0,"enemies":"Small Slimes","floor":3,"turns":1},{"damage":0,"enemies":"Lagavulin","floor":7,"turns":1},{"damage":0,"enemies":"Cultist","floor":8,"turns":3},{"damage":3,"enemies":"Exordium Thugs","floor":11,"turns":5},{"damage":10,"enemies":"Gremlin Nob","floor":14,"turns":3},{"damage":14,"enemies":"Slime Boss","floor":16,"turns":8},{"damage":19,"enemies":"Spheric Guardian","floor":18,"turns":4},{"damage":0,"enemies":"3 Byrds","floor":21,"turns":2}],"seed_played":"7988718073874658713","potions_obtained":[{"floor":1,"key":"SteroidPotion"},{"floor":7,"key":"SkillPotion"},{"floor":14,"key":"PowerPotion"}],"is_trial":false,"path_per_floor":["M","?","M","$","?","R","E","M","T","?","M","$","R","E","R","B",null,"M","?","$","M"],"character_chosen":"DEFECT","items_purchased":["Defragment","Coolheaded","Self Repair"],"campfire_rested":0,"item_purchase_floors":[4,4,20],"current_hp_per_floor":[64,57,57,57,36,36,36,36,36,53,50,50,50,40,40,31,61,42,42,42,42,42],"gold":23,"neow_bonus":"THREE_ENEMY_KILL","is_daily":false,"chose_seed":false,"campfire_upgraded":3,"win_rate":0.0,"timestamp":1609953392,"path_taken":["M","?","M","$","?","R","E","M","T","?","M","$","R","E","R","BOSS","M","?","?","?"],"items_purchased_type":["Card","Card","Card"],"build_version":"2020-12-22","purchased_purges":0,"victory":false,"max_hp_per_floor":[71,71,71,71,71,71,71,71,71,71,71,71,71,71,71,71,71,71,71,71,71,71],"card_choices":[{"not_picked":["Reprogram","Chaos"],"picked":"Conserve Battery","floor":1},{"not_picked":["Rebound","Leap"],"picked":"Go for the Eyes","floor":3},{"not_picked":["Reprogram","Gash","Chill"],"picked":"SKIP","floor":7},{"not_picked":["Go for the Eyes","Streamline"],"picked":"Sweeping Beam","floor":8},{"not_picked":["Hologram","Leap"],"picked":"Chaos","floor":11},{"not_picked":["All For One","Barrage"],"picked":"Meteor Strike","floor":14},{"not_picked":["Amplify","Fission"],"picked":"Seek","floor":16},{"not_picked":["Skim","Go for the Eyes"],"picked":"Turbo","floor":18}],"player_experience":423542,"relics_obtained":[{"floor":7,"key":"Nunchaku"},{"floor":9,"key":"Akabeko"},{"floor":14,"key":"Toy Ornithopter"}],"event_choices":[{"cards_removed":["Defend_B"],"damage_healed":0,"gold_gain":0,"player_choice":"Card Removal","damage_taken":7,"max_hp_gain":0,"max_hp_loss":0,"event_name":"Golden Wing","floor":2,"gold_loss":0},{"damage_healed":0,"gold_gain":0,"player_choice":"Entered Light","damage_taken":21,"max_hp_gain":0,"max_hp_loss":0,"event_name":"Shining Light","floor":5,"gold_loss":0,"cards_upgraded":["Dualcast","Strike_B"]},{"damage_healed":17,"gold_gain":0,"player_choice":"Healed","damage_taken":0,"max_hp_gain":0,"max_hp_loss":0,"event_name":"The Cleric","floor":10,"gold_loss":35},{"cards_removed":["Strike_B"],"damage_healed":0,"gold_gain":0,"player_choice":"Upgrade and Remove","damage_taken":0,"max_hp_gain":0,"max_hp_loss":0,"event_name":"Designer","floor":19,"gold_loss":110,"cards_upgraded":["Defend_B"]}],"is_beta":false,"boss_relics":[{"not_picked":["Runic Pyramid","Empty Cage"],"picked":"Sozu"}],"items_purged_floors":[],"is_endless":false,"potions_floor_spawned":[1,7,11,14],"killed_by":"3 Byrds","ascension_level":15}}