{"host":"uiaocagxbjlinul0","time":1609968119,"event":{"mods":["100% Spire Juice","Act Like it!","BaseMod","Better Match","Block Reminder","CapriCore","ChefMod","Downfall","GifTheSpireLib","Hallownest","Hermit","Minty Spire (QoL Compilation)","Quick Restart","Shade Mod","StSLib","Stuff the Spire","The Animator","The Bug Knight","The Caster","The Immortal","The Marked","The Runesmith","The Spell Scribe","TheSwordswoman","TheVacant","TheWitcher","Wandering Minibosses"],"gold_per_floor":[99,99,99,99,99,115,164,181,209,219,231,231,248,248,267,365,365,365,376,376,395,408,408,432,444,484,496,58,72,87,87,107,211,211,211,229,229,248,133,182,182,207,207,57,387,398,418,430,442,442],"floor_reached":51,"playtime":2779,"items_purged":["Slimebound:Strike_Slimebound","Slimebound:Defend_Slimebound"],"score":751,"play_id":"b73d3035-df47-469e-b3ad-2eef97c627cf","local_time":"20210106132159","is_ascension_mode":false,"campfire_choices":[{"data":"Slimebound:Split","floor":1.0,"key":"SMITH"},{"data":"Slimebound:MassFeed","floor":12.0,"key":"SMITH"},{"data":"Slimebound:SlimeSlap","floor":18.0,"key":"SMITH"},{"data":"Slimebound:LeechEnergy","floor":23.0,"key":"SMITH"},{"floor":25.0,"key":"RECALL"},{"data":"Slimebound:LevelUp","floor":35.0,"key":"SMITH"}],"circlet_count":0,"master_deck":["Slimebound:Tackle","Slimebound:Defend_Slimebound","Slimebound:Defend_Slimebound","Slimebound:Defend_Slimebound","Slimebound:Split+1","Slimebound:CorrosiveSpit","Slimebound:MegaLick","Slimebound:LeechEnergy+1","Slimebound:Schlurp","Slimebound:SamplingLick","Slimebound:Schlurp","Slimebound:MassFeed+1","Slimebound:RejuvenatingLick","Slimebound:SplitMire","Slimebound:SamplingLick","Slimebound:PressTheAttack","Slimebound:SlimeSlap+1","Slimebound:GoopSpray+1","Slimebound:DisruptingSlam+1","Slimebound:ItLooksTasty","Slimebound:LevelUp+1","Slimebound:LivingWall","Slimebound:ItLooksTasty","Slimebound:RallyTheTroops","Slimebound:LeechingTouch+1","Slimebound:SlimeSpikes+1","Slimebound:GrowthPunch","Slimebound:LeechEnergy+1","Slimebound:TongueLash","Slimebound:LeadByExample","Slimebound:SplitAcid","Slimebound:Dissolve+1"],"relics":["Slimebound:AbsorbEndCombat","downfall:HeartsMalice","Bag of Marbles","StuffTheSpire:HeavyRock","Slimebound:TarBlob","HollowMod:LifeEnderRelic","MawBank","Runesmith:Locket","StuffTheSpire:MayFlowers","SlaversCollar","Pocketwatch","StuffTheSpire:DarkSteelAnvil","Unceasing Top"],"acts_visited":["Exordium","TheCity","TheBeyond"],"potions_floor_usage":[48],"damage_taken":[{"damage":0.0,"enemies":"2 Louse","floor":2.0,"turns":1.0},{"damage":0.0,"enemies":"Cultist","floor":3.0,"turns":1.0},{"damage":0.0,"enemies":"Jaw Worm","floor":5.0,"turns":1.0},{"damage":10.0,"enemies":"Blue Slaver","floor":6.0,"turns":3.0},{"damage":16.0,"enemies":"Red Slaver","floor":8.0,"turns":2.0},{"damage":26.0,"enemies":"3 Sentries","floor":9.0,"turns":6.0},{"damage":0.0,"enemies":"3 Louse","floor":10.0,"turns":1.0},{"damage":0.0,"enemies":"Gremlin Gang","floor":11.0,"turns":1.0},{"damage":14.0,"enemies":"Large Slime","floor":13.0,"turns":4.0},{"damage":0.0,"enemies":"2 Fungi Beasts","floor":15.0,"turns":1.0},{"damage":78.0,"enemies":"downfall:Silent","floor":16.0,"turns":9.0},{"damage":32.0,"enemies":"Spheric Guardian","floor":19.0,"turns":4.0},{"damage":30.0,"enemies":"Centurion and Healer","floor":21.0,"turns":4.0},{"damage":36.0,"enemies":"Snake Plant","floor":22.0,"turns":4.0},{"damage":45.0,"enemies":"Gremlin Leader","floor":26.0,"turns":5.0},{"damage":26.0,"enemies":"downfall:FleeingMerchant","floor":28.0,"turns":4.0},{"damage":47.0,"enemies":"Shelled Parasite and Fungi","floor":29.0,"turns":4.0},{"damage":17.0,"enemies":"Sentry and Sphere","floor":30.0,"turns":4.0},{"damage":22.0,"enemies":"Snecko","floor":32.0,"turns":4.0},{"damage":60.0,"enemies":"downfall:Defect","floor":33.0,"turns":9.0},{"damage":22.0,"enemies":"Orb Walker","floor":36.0,"turns":2.0},{"damage":1.0,"enemies":"3 Shapes","floor":38.0,"turns":3.0},{"damage":28.0,"enemies":"downfall:FleeingMerchant","floor":39.0,"turns":4.0},{"damage":66.0,"enemies":"2 Orb Walkers","floor":40.0,"turns":4.0},{"damage":41.0,"enemies":"HollowMod:StalkingDevout","floor":42.0,"turns":5.0},{"damage":10.0,"enemies":"downfall:FleeingMerchant","floor":45.0,"turns":4.0},{"damage":58,"enemies":"Writhing Mass","floor":46,"turns":5},{"damage":58,"enemies":"Sphere and 2 Shapes","floor":47,"turns":4},{"damage":76,"enemies":"Maw","floor":48,"turns":7},{"damage":31,"enemies":"4 Shapes","floor":49,"turns":4},{"damage":82,"enemies":"downfall:Ironclad","floor":50,"turns":12}],"seed_played":"6006825674597692430","potions_obtained":[{"floor":4.0,"key":"champ:CounterPotion"},{"floor":4.0,"key":"Swift Potion"},{"floor":4.0,"key":"Weak Potion"},{"floor":8.0,"key":"LiquidMemories"},{"floor":11.0,"key":"sneckomod:MuddlingPotion"},{"floor":16.0,"key":"LiquidBronze"},{"floor":33.0,"key":"hexamod:EctoCoolerPotion"},{"floor":40.0,"key":"Regen Potion"},{"floor":47,"key":"champ:CounterPotion"},{"floor":48,"key":"Fire Potion"}],"is_trial":false,"path_per_floor":["R","M","M","?","M","M","T","M","E","M","M","R","M","?","M","B",null,"R","M","?","M","M","R","T","R","E","?","$","M","M","?","M","B",null,"R","M","?","M","$","?","T","E","?","?","$","M","M","M","M","B",null],"character_chosen":"SLIMEBOUND","items_purchased":["Slimebound:LevelUp","StuffTheSpire:MayFlowers"],"campfire_rested":0,"item_purchase_floors":[28,28],"current_hp_per_floor":[60,60,60,60,60,60,60,54,46,59,75,75,81,81,89,45,93,93,83,83,93,81,81,81,81,72,105,104,90,97,97,105,83,113,113,107,107,121,121,81,81,87,87,131,123,99,79,46,55,49],"gold":442,"neow_bonus":"THREE_ENEMY_KILL","is_daily":false,"chose_seed":false,"campfire_upgraded":5,"win_rate":0.0,"timestamp":1609968119,"path_taken":["R","M","M","?","M","?","T","M","E","M","M","R","M","?","M","BOSS","R","M","?","M","M","R","T","R","E","?","$","?","M","?","M","BOSS","R","M","?","?","$","?","T","E","?","?","$","M","M","?","M","BOSS"],"items_purchased_type":["Card","Relic"],"build_version":"2020-12-22","purchased_purges":2,"victory":true,"max_hp_per_floor":[60,60,60,60,60,60,60,60,60,69,81,81,81,81,89,93,93,93,93,93,101,105,105,105,105,105,105,105,109,113,113,113,113,113,113,113,113,121,121,121,121,121,121,131,131,131,131,131,143,143],"card_choices":[{"not_picked":["Slimebound:SplitLeeching","Slimebound:SplitAcid"],"picked":"Slimebound:MegaLick","floor":2.0},{"not_picked":["Slimebound:SplitLeeching","Slimebound:SpikyOuterGoop"],"picked":"Slimebound:LeechEnergy","floor":3.0},{"not_picked":["Slimebound:GoopSpray","Slimebound:SplitBruiser"],"picked":"Slimebound:Schlurp","floor":5.0},{"not_picked":["Slimebound:Dissolve","Slimebound:ViciousTackle"],"picked":"Slimebound:SamplingLick","floor":6.0},{"not_picked":["Slimebound:SlimeTap","Slimebound:ViciousTackle"],"picked":"Slimebound:Schlurp","floor":8.0},{"not_picked":["Slimebound:GoopSpray","Slimebound:LeechEnergy"],"picked":"Slimebound:MassFeed","floor":9.0},{"not_picked":["Slimebound:SplitMire","Slimebound:FormOfPuddle"],"picked":"Slimebound:RejuvenatingLick","floor":10.0},{"not_picked":["Slimebound:SlimeSpikes","Slimebound:FinishingTackle"],"picked":"Slimebound:SplitMire","floor":11.0},{"not_picked":["Slimebound:RejuvenatingLick","Slimebound:GoopTackle"],"picked":"Slimebound:SamplingLick","floor":13.0},{"not_picked":["Slimebound:ProtectTheBoss","Slimebound:SplitLeeching"],"picked":"Slimebound:PressTheAttack","floor":15.0},{"not_picked":["Slimebound:DouseInSlime","Slimebound:OneTwoCombo"],"picked":"Slimebound:SlimeSlap","floor":16.0},{"not_picked":["Slimebound:SlimeTap+1","Slimebound:SplitAcid+1"],"picked":"Slimebound:GoopSpray+1","floor":19.0},{"not_picked":["Slimebound:SplitAcid","Slimebound:SlimeSpikes","Slimebound:SplitBruiser"],"picked":"SKIP","floor":21.0},{"not_picked":["Slimebound:GoopSpray","Slimebound:SplitAcid","Slimebound:SlimeSpikes"],"picked":"SKIP","floor":22.0},{"not_picked":["Slimebound:SlimeBrawl","Slimebound:OozeBath"],"picked":"Slimebound:DisruptingSlam+1","floor":26.0},{"not_picked":["Slimebound:Repurpose","Slimebound:SamplingLick"],"picked":"Slimebound:ItLooksTasty","floor":28.0},{"not_picked":["Slimebound:HauntingLick","Slimebound:GoopTackle"],"picked":"Slimebound:LivingWall","floor":29.0},{"not_picked":["Slimebound:RollThrough+1","Slimebound:FinishingTackle","Slimebound:SplitLeeching"],"picked":"SKIP","floor":30.0},{"not_picked":["Slimebound:Schlurp","Slimebound:GoopSpray+1"],"picked":"Slimebound:ItLooksTasty","floor":32.0},{"not_picked":["Slimebound:OneTwoCombo","Slimebound:PrepareCrush"],"picked":"Slimebound:RallyTheTroops","floor":33.0},{"not_picked":["Slimebound:FinishingTackle","Slimebound:SplitBruiser+1"],"picked":"Slimebound:LeechingTouch+1","floor":36.0},{"not_picked":["Slimebound:ItLooksTasty","Slimebound:Chomp+1"],"picked":"Slimebound:SlimeSpikes+1","floor":38.0},{"not_picked":["Slimebound:ForwardTackle","Slimebound:FinishingTackle+1","Slimebound:ViciousTackle"],"picked":"SKIP","floor":39.0},{"not_picked":["Slimebound:SlimeTap+1","Slimebound:LeechingTouch+1"],"picked":"Slimebound:GrowthPunch","floor":40.0},{"not_picked":["Slimebound:ComboTackle","Slimebound:LeechingTouch"],"picked":"Slimebound:LeechEnergy+1","floor":42.0},{"not_picked":["Slimebound:GoopTackle+1","Slimebound:ForwardTackle"],"picked":"Slimebound:TongueLash","floor":46},{"not_picked":["Slimebound:LivingWall+1","Slimebound:Nibble+1"],"picked":"Slimebound:LeadByExample","floor":47},{"not_picked":["Slimebound:ComboTackle","Slimebound:LeechingTouch"],"picked":"Slimebound:SplitAcid","floor":48},{"not_picked":["Slimebound:PrepareCrush","Slimebound:SlimeSpikes"],"picked":"Slimebound:Dissolve+1","floor":49}],"player_experience":159471,"relics_obtained":[{"floor":7.0,"key":"Bag of Marbles"},{"floor":9.0,"key":"StuffTheSpire:HeavyRock"},{"floor":24.0,"key":"MawBank"},{"floor":26.0,"key":"Runesmith:Locket"},{"floor":40.0,"key":"Pocketwatch"},{"floor":41.0,"key":"StuffTheSpire:DarkSteelAnvil"},{"floor":42.0,"key":"Unceasing Top"}],"event_choices":[{"damage_healed":0.0,"max_hp_gain":0.0,"max_hp_loss":0.0,"gold_gain":0.0,"event_name":"Lab","player_choice":"Got Potions","floor":4.0,"gold_loss":0.0,"damage_taken":0.0},{"damage_healed":33.0,"max_hp_gain":0.0,"max_hp_loss":0.0,"gold_gain":0.0,"event_name":"Wheel of Change","player_choice":"Full Heal","floor":27.0,"gold_loss":0.0,"damage_taken":0.0},{"damage_healed":0.0,"max_hp_gain":0.0,"max_hp_loss":0.0,"gold_gain":0.0,"event_name":"Vampires","player_choice":"Ignored","floor":31.0,"gold_loss":0.0,"damage_taken":0.0},{"cards_removed":["Slimebound:Strike_Slimebound"],"damage_healed":0.0,"max_hp_gain":0.0,"max_hp_loss":0.0,"gold_gain":0.0,"event_name":"Purifier","player_choice":"Purged","floor":37.0,"gold_loss":0.0,"damage_taken":0.0},{"damage_healed":0.0,"max_hp_gain":0.0,"max_hp_loss":0.0,"gold_gain":0.0,"event_name":"Mysterious Sphere","player_choice":"Fight","floor":40.0,"gold_loss":0.0,"damage_taken":0.0},{"damage_healed":0.0,"max_hp_gain":0.0,"max_hp_loss":0.0,"gold_gain":0.0,"event_name":"betterMatch:BetterMatch","player_choice":"3","floor":43.0,"gold_loss":0.0,"damage_taken":0.0,"cards_obtained":[]}],"is_beta":false,"boss_relics":[{"not_picked":["Calling Bell","Slimebound:AbsorbEndCombatUpgraded"],"picked":"Slimebound:TarBlob"},{"not_picked":["Astrolabe","Runesmith:UraniumAnvil"],"picked":"SlaversCollar"}],"items_purged_floors":[28,39],"is_endless":false,"potions_floor_spawned":[6,8,11,13,16,21,30,33,40,47,48],"ascension_level":0}}