{"host":"czhmgb42ihutqqip","time":1609917510,"event":{"mods":["Ascension Reborn","BaseMod","Decade(王小明)","Downfall","Friendly Minions","KinomotoSakuraMod(木之本樱)","Kiyohime（清姬）","Marisa（F雨　魔理沙）","Minty Spire (QoL Compilation)","Prisma Mod","Remilia（蕾米莉亚）","StSLib","The Animator","The Servant 0.9.4","Youmu（魂魄妖梦）","[JumpMod]舞动尖塔"],"gold_per_floor":[116,127,75,75,91,120,195,195,195,126,126,126,126,149,149,280,280,293,306,306,306,326,326,359,458,458,476,476,506,506,506],"floor_reached":30,"playtime":723,"items_purged":[],"score":248,"play_id":"c9613cda-668a-4937-9b07-9c2252e5e42f","local_time":"20210106151830","is_ascension_mode":true,"campfire_choices":[{"floor":13,"key":"REST"},{"floor":15,"key":"REST"},{"floor":23,"key":"REST"},{"floor":28,"key":"REST"}],"circlet_count":0,"master_deck":["KiyohimeMod:Strike","KiyohimeMod:Strike","KiyohimeMod:Strike","KiyohimeMod:Strike","KiyohimeMod:Defend","KiyohimeMod:Defend","KiyohimeMod:Defend","KiyohimeMod:Defend","KiyohimeMod:Track","KiyohimeMod:FlameKiss","KiyohimeMod:Shapeshift+1","KiyohimeMod:Preemptive","KiyohimeMod:BeastOfBillows","KiyohimeMod:EatSoul","KiyohimeMod:BeElegant","KiyohimeMod:GreenBlackKey","KiyohimeMod:Barrier","KiyohimeMod:ExSpicyMapoTofu","KiyohimeMod:AVerseOfBurningLoveStory","KiyohimeMod:BlueBlackKey+1","KiyohimeMod:Preemptive","KiyohimeMod:Berserker","KiyohimeMod:DragonVein"],"relics":["KiyohimeMod:FireDragon","HowToJump","NeowsBlessing","Letter Opener","Ginger","Shuriken","Golden Idol","Black Star","Ornamental Fan","CeramicFish","Centennial Puzzle"],"acts_visited":["Exordium","TheCity"],"potions_floor_usage":[19,24,30],"damage_taken":[{"damage":0,"enemies":"Cultist","floor":1,"turns":1},{"damage":0,"enemies":"Jaw Worm","floor":2,"turns":1},{"damage":0,"enemies":"2 Louse","floor":5,"turns":1},{"damage":21,"enemies":"Lagavulin","floor":6,"turns":5},{"damage":5,"enemies":"Looter","floor":14,"turns":3},{"damage":31,"enemies":"Hexaghost","floor":16,"turns":10},{"damage":17,"enemies":"Shell Parasite","floor":18,"turns":6},{"damage":6,"enemies":"3 Byrds","floor":19,"turns":5},{"damage":17,"enemies":"Snake Plant","floor":22,"turns":3},{"damage":26,"enemies":"Book of Stabbing","floor":24,"turns":5},{"damage":9,"enemies":"3 Cultists","floor":27,"turns":5},{"damage":13,"enemies":"Shelled Parasite and Fungi","floor":29,"turns":5},{"damage":20,"enemies":"Slavers","floor":30,"turns":1}],"seed_played":"-6417794300835905549","potions_obtained":[{"floor":6,"key":"Regen Potion"},{"floor":16,"key":"GamblersBrew"},{"floor":24,"key":"Dexterity Potion"}],"is_trial":false,"path_per_floor":["M","M","$","?","M","E","?","?","T","$","?","?","R","M","R","B",null,"M","M","?","?","M","R","E","?","T","M","R","M","E"],"character_chosen":"Kiyohime","items_purchased":["KiyohimeMod:EatSoul","KiyohimeMod:Barrier"],"campfire_rested":4,"item_purchase_floors":[3,10],"current_hp_per_floor":[60,60,60,48,48,27,16,16,16,16,16,16,32,27,43,15,56,42,39,39,39,22,38,17,17,17,11,27,17,0,0],"gold":506,"neow_bonus":"THREE_ENEMY_KILL","is_daily":false,"chose_seed":false,"campfire_upgraded":0,"win_rate":0.0,"timestamp":1609917510,"path_taken":["M","M","?","?","M","E","?","?","T","$","?","?","R","M","R","BOSS","M","M","?","?","M","R","E","?","T","M","R","M","E"],"items_purchased_type":["Card","Card"],"build_version":"2020-12-22","purchased_purges":0,"victory":false,"max_hp_per_floor":[60,60,60,60,60,60,60,60,60,60,60,56,56,56,56,56,56,56,56,56,56,56,56,56,56,56,56,56,56,56,56],"card_choices":[{"not_picked":["KiyohimeMod:BlueBlackKey","KiyohimeMod:CommandCard_Buster"],"picked":"KiyohimeMod:Preemptive","floor":1},{"not_picked":["KiyohimeMod:EatSoul","KiyohimeMod:RedBlackKey"],"picked":"KiyohimeMod:BeastOfBillows","floor":2},{"not_picked":["KiyohimeMod:Tenacious","KiyohimeMod:CommandCard_Arts"],"picked":"KiyohimeMod:BeElegant","floor":5},{"not_picked":["KiyohimeMod:WaterTurn","KiyohimeMod:SteelTraining"],"picked":"KiyohimeMod:GreenBlackKey","floor":6},{"not_picked":["KiyohimeMod:AgainstMagic","KiyohimeMod:BeElegant"],"picked":"KiyohimeMod:ExSpicyMapoTofu","floor":14},{"not_picked":["KiyohimeMod:PrismaCosmos","KiyohimeMod:JeweledSword"],"picked":"KiyohimeMod:AVerseOfBurningLoveStory","floor":16},{"not_picked":["KiyohimeMod:RedBlackKey","KiyohimeMod:BeElegant"],"picked":"KiyohimeMod:BlueBlackKey+1","floor":18},{"not_picked":["KiyohimeMod:GreenBlackKey","KiyohimeMod:AndSoTheShipConquers"],"picked":"KiyohimeMod:Preemptive","floor":19},{"not_picked":["KiyohimeMod:BlueBlackKey","KiyohimeMod:EatSoul"],"picked":"KiyohimeMod:Berserker","floor":22},{"not_picked":["KiyohimeMod:Berserker","KiyohimeMod:Fragarach","KiyohimeMod:FiringTheFirstArrow"],"picked":"SKIP","floor":24},{"not_picked":["KiyohimeMod:Preemptive","KiyohimeMod:WaterTurn","KiyohimeMod:BeastOfBillows"],"picked":"SKIP","floor":27},{"not_picked":["KiyohimeMod:BlueBlackKey","KiyohimeMod:Fragarach"],"picked":"KiyohimeMod:DragonVein","floor":29}],"player_experience":565756,"relics_obtained":[{"floor":6,"key":"Ginger"},{"floor":9,"key":"Shuriken"},{"floor":24,"key":"Ornamental Fan"},{"floor":24,"key":"CeramicFish"},{"floor":26,"key":"Centennial Puzzle"}],"event_choices":[{"damage_healed":0,"gold_gain":0,"player_choice":"Success","damage_taken":12,"relics_obtained":["Letter Opener"],"max_hp_gain":0,"max_hp_loss":0,"event_name":"Scrap Ooze","floor":4,"gold_loss":0},{"damage_healed":0,"gold_gain":75,"player_choice":"Gather Gold","damage_taken":11,"max_hp_gain":0,"max_hp_loss":0,"event_name":"World of Goop","floor":7,"gold_loss":0},{"damage_healed":0,"gold_gain":0,"player_choice":"Grow","damage_taken":0,"max_hp_gain":0,"max_hp_loss":0,"event_name":"Living Wall","floor":8,"gold_loss":0,"cards_upgraded":["KiyohimeMod:Shapeshift"]},{"damage_healed":0,"gold_gain":0,"player_choice":"Ignored","damage_taken":0,"max_hp_gain":0,"max_hp_loss":0,"event_name":"Liars Game","floor":11,"gold_loss":0},{"damage_healed":0,"gold_gain":0,"player_choice":"Lose Max HP","damage_taken":0,"relics_obtained":["Golden Idol"],"max_hp_gain":0,"max_hp_loss":4,"event_name":"Golden Idol","floor":12,"gold_loss":0},{"damage_healed":0,"gold_gain":0,"player_choice":"Ignored","damage_taken":0,"max_hp_gain":0,"max_hp_loss":0,"event_name":"Vampires","floor":21,"gold_loss":0},{"damage_healed":0,"gold_gain":99,"player_choice":"Stole From Cult","damage_taken":0,"max_hp_gain":0,"max_hp_loss":0,"event_name":"Nest","floor":25,"gold_loss":0}],"is_beta":false,"boss_relics":[{"not_picked":["SacredBark","Empty Cage"],"picked":"Black Star"}],"items_purged_floors":[],"is_endless":false,"potions_floor_spawned":[6,16,18,22,24],"killed_by":"Slavers","ascension_level":0}}