{"host":"6p0attdrtjqaih7v","time":1609962842,"event":{"mods":["2.2 Compatiblity","AchievementEnabler","Bard","BaseMod","Better Skull","Better Third Choice","Colored Powertips","Hermit","Highlight Path","Jorbs\u0027s Wanderer Trilogy","Key Reminder","Minty Spire (QoL Compilation)","Permanent Neow","Quick Restart","Random Character Button","Relic Stats","Replay The Spire","StSLib","The Construct"],"gold_per_floor":[118,133,153,153,22,51,51,67,136,136,147,147,147],"floor_reached":12,"playtime":480,"items_purged":["construct:Strike_Gold"],"score":156,"play_id":"6724e6d5-030f-47ca-9d90-0c6e19f999da","local_time":"20210106145402","is_ascension_mode":true,"campfire_choices":[{"data":"construct:PhosphorStorm","floor":7,"key":"SMITH"},{"data":"construct:PhosphorStorm+1","floor":7,"key":"SMITH"},{"data":"construct:MetalShell","floor":10,"key":"SMITH"},{"data":"construct:MetalShell+1","floor":10,"key":"SMITH"}],"circlet_count":0,"master_deck":["AscendersBane","construct:Strike_Gold","construct:Strike_Gold","construct:Strike_Gold","construct:Strike_Gold","construct:Defend_Gold","construct:Defend_Gold","construct:Defend_Gold","construct:Defend_Gold","construct:Defend_Gold","construct:AttackMode","construct:DefenseMode","construct:PhosphorStorm+2","construct:MetalShell+2","construct:QuickAttack","construct:SyphonStrike"],"relics":["construct:ClockworkPhoenix","Replay:Arrowhead","The Courier"],"acts_visited":["Exordium"],"potions_floor_usage":[6,8,12],"damage_taken":[{"damage":1,"enemies":"Cultist","floor":1,"turns":4},{"damage":5,"enemies":"Small Slimes","floor":2,"turns":3},{"damage":5,"enemies":"Jaw Worm","floor":3,"turns":6},{"damage":31,"enemies":"Lagavulin","floor":6,"turns":7},{"damage":7,"enemies":"Exordium Wildlife","floor":8,"turns":5},{"damage":24,"enemies":"Lots of Slimes","floor":11,"turns":5},{"damage":42,"enemies":"Gremlin Nob","floor":12,"turns":3}],"seed_played":"373259398445891759","potions_obtained":[{"floor":3,"key":"Energy Potion"},{"floor":11,"key":"SkillPotion"}],"is_trial":false,"path_per_floor":["M","M","M","?","$","E","R","M","T","R","M","E"],"character_chosen":"THE_CONSTRUCT_MOD","items_purchased":["Swift Potion"],"campfire_rested":0,"item_purchase_floors":[5],"current_hp_per_floor":[71,66,61,82,82,51,51,44,44,44,20,0,0],"gold":147,"neow_bonus":"RANDOM_COLORLESS_2","is_daily":false,"chose_seed":false,"campfire_upgraded":4,"win_rate":0.0,"timestamp":1609962842,"path_taken":["M","M","?","?","$","E","R","?","T","R","M","E"],"items_purchased_type":["Potion"],"build_version":"2020-12-22","purchased_purges":1,"victory":false,"max_hp_per_floor":[72,72,72,82,82,82,82,82,82,82,82,82,82],"relic_stats":{"counters":[7,33],"obtain_stats":[{"The Courier":9,"construct:ClockworkPhoenix":0,"Replay:Arrowhead":6},{"The Courier":5,"construct:ClockworkPhoenix":0,"Replay:Arrowhead":4},{"The Courier":25,"construct:ClockworkPhoenix":0,"Replay:Arrowhead":20}]},"card_choices":[{"not_picked":["Secret Weapon","The Bomb"],"picked":"Magnetism","floor":0},{"not_picked":["construct:CriticalHit","construct:ClusterMines"],"picked":"construct:PhosphorStorm","floor":1},{"not_picked":["construct:Tumble","construct:Forcefield"],"picked":"construct:MetalShell","floor":2},{"not_picked":["construct:ShiftStrike","construct:UnbalancingBlast"],"picked":"construct:QuickAttack","floor":3},{"not_picked":["construct:MassProduction","construct:Backup"],"picked":"construct:SyphonStrike","floor":6},{"not_picked":["construct:CreateCores","construct:Analyze","construct:Rollout"],"picked":"SKIP","floor":8},{"not_picked":["construct:Boost","construct:PowerUp","construct:SaveState"],"picked":"SKIP","floor":11}],"player_experience":957322,"relics_obtained":[{"floor":6,"key":"Replay:Arrowhead"},{"floor":9,"key":"The Courier"}],"event_choices":[{"cards_removed":["Magnetism"],"damage_healed":11,"gold_gain":0,"player_choice":"Offered Rare","damage_taken":0,"max_hp_gain":10,"max_hp_loss":0,"event_name":"Bonfire Elementals","floor":4,"gold_loss":0}],"is_beta":false,"boss_relics":[],"items_purged_floors":[5],"is_endless":false,"potions_floor_spawned":[3,11],"killed_by":"Gremlin Nob","ascension_level":19}}