{"host":"2pt9f5ojqg0apn28","time":1609912181,"event":{"mods":["AchievementEnabler","BaseMod","Better Altar","Better Match","Better Note","Better Sensory Stone","Better Skull","Better Third Choice","Colored Map","Colored Powertips","Hubris","Infinite Spire","Lobotomy","LobotomyExtend","Minty Spire (QoL Compilation)","Replay The Spire","StSLib"],"gold_per_floor":[272,272,222,238,238,272,272,306,332,356,390,390,406,37,37,45,45],"floor_reached":16,"playtime":973,"items_purged":["Strike_G"],"score":116,"play_id":"a83dc209-c307-4aef-864a-c3b74c1696f0","local_time":"20210106104941","is_ascension_mode":true,"campfire_choices":[{"floor":7,"key":"REST"},{"floor":12,"key":"REST"},{"floor":15,"key":"REST"}],"circlet_count":0,"master_deck":["Strike_G","Strike_G","Defend_G","Defend_G","Defend_G","Defend_G","Defend_G","Survivor","Neutralize","VoidDream","OldLady","Quick Slash","Well Laid Plans","NakedNest","Hidden Blade","SnowQueen","Footwork","Laetitia","Envenom"],"relics":["Ring of the Snake","CogitoBucket","LetterFromLob","PreservedInsect","Happy Flower","Replay:Bandana","BehaviorAdjustment","hubris:GlazedTorus"],"acts_visited":["Exordium"],"potions_floor_usage":[16,16,16],"damage_taken":[{"damage":0,"enemies":"Small Slimes","floor":1,"turns":3},{"damage":7,"enemies":"2 Louse","floor":4,"turns":2},{"damage":44,"enemies":"Replay:BlueRogue","floor":6,"turns":15},{"damage":13,"enemies":"Gremlin Nob","floor":8,"turns":4},{"damage":3,"enemies":"Cultist","floor":10,"turns":5},{"damage":14,"enemies":"Gremlin Gang","floor":11,"turns":4},{"damage":24,"enemies":"Large Slime","floor":13,"turns":8},{"damage":33,"enemies":"The Guardian","floor":16,"turns":9}],"seed_played":"5439723785558534893","potions_obtained":[{"floor":6,"key":"Fruit Juice"},{"floor":10,"key":"SkillPotion"},{"floor":11,"key":"Strength Potion"}],"is_trial":false,"path_per_floor":["M","?","?","M","M","E","R","E","T","M","M","R","M","$","R","B"],"character_chosen":"THE_SILENT","items_purchased":["hubris:GlazedTorus"],"campfire_rested":3,"item_purchase_floors":[14],"current_hp_per_floor":[70,70,70,63,63,19,40,27,27,24,10,31,7,7,28,0,0],"gold":45,"neow_bonus":"","is_daily":false,"chose_seed":false,"campfire_upgraded":0,"win_rate":0.0,"timestamp":1609912181,"path_taken":["M","?","?","M","?","E","R","E","T","?","M","R","M","$","R","BOSS"],"items_purchased_type":["Relic"],"build_version":"2020-12-22","purchased_purges":1,"victory":false,"max_hp_per_floor":[70,70,70,70,70,70,70,70,70,70,70,70,70,70,70,75,75],"card_choices":[{"not_picked":["CrumblingArmor","CherryBlossoms"],"picked":"Scorched","floor":1},{"not_picked":["Escape Plan","Heel Hook","Hidden Blade"],"picked":"SKIP","floor":1},{"not_picked":["FieryBird","PunishingBird"],"picked":"VoidDream","floor":4},{"not_picked":["ReplayTheSpireMod:Exploit Weakness","ReplayTheSpireMod:Shiv Toss"],"picked":"Cloak And Dagger","floor":4},{"not_picked":["BeautyBeast","PunishingBird","Bloodbath"],"picked":"Singing Bowl","floor":6},{"not_picked":["FairyFestival","HeroicMonk"],"picked":"OldLady","floor":6},{"not_picked":["Prepared","Riddle With Holes"],"picked":"Quick Slash","floor":6},{"not_picked":["FairyFestival","OSAHOGD","LittleHelper"],"picked":"Singing Bowl","floor":8},{"not_picked":["Underhanded Strike","Poisoned Stab"],"picked":"Well Laid Plans","floor":8},{"not_picked":["OSAHOGD","Funeral"],"picked":"NakedNest","floor":10},{"not_picked":["Dagger Throw","Noxious Fumes"],"picked":"Hidden Blade","floor":10},{"not_picked":["SpiderBud","Scorched"],"picked":"SnowQueen","floor":11},{"not_picked":["Acrobatics","Deflect"],"picked":"Footwork","floor":11},{"not_picked":["MHz","Wellcheers"],"picked":"Laetitia","floor":13},{"not_picked":["hubris:SlightOfHand","Blade Dance"],"picked":"Envenom","floor":13}],"player_experience":61419,"relics_obtained":[{"floor":1,"key":"LetterFromLob"},{"floor":6,"key":"PreservedInsect"},{"floor":8,"key":"Happy Flower"},{"floor":9,"key":"Replay:Bandana"}],"event_choices":[{"cards_removed":["Strike_G"],"damage_healed":0,"gold_gain":0,"player_choice":"Card Removal","damage_taken":0,"max_hp_gain":0,"max_hp_loss":0,"event_name":"The Cleric","floor":3,"gold_loss":50}],"is_beta":false,"boss_relics":[],"items_purged_floors":[14],"is_endless":false,"potions_floor_spawned":[6,10,11,13],"killed_by":"The Guardian","ascension_level":1}}