{"host":"851hhqouejqwzba1","time":1609902715,"event":{"mods":["BaseMod","Minty Spire (QoL Compilation)","Permanent Neow","Shop Mod","Spicy Shops","StSLib","óô»ðÖ¸ÄÏ"],"gold_per_floor":[129,184,218,0,150,182,182,233,233,272,272,272,40,77,77,181,181,221,264,304,304,130,46,71,71,71,121,134,3,3,63,13,13,13],"floor_reached":33,"playtime":1964,"items_purged":["Strike_R","Writhe","Decay"],"score":481,"play_id":"c5e6a08c-1587-4510-895f-0fcd2a6f1e09","local_time":"20210106111155","is_ascension_mode":true,"campfire_choices":[{"data":"HandOfGreed","floor":7.0,"key":"SMITH"},{"data":"True Grit","floor":11.0,"key":"SMITH"},{"data":"Armaments","floor":15.0,"key":"SMITH"}],"circlet_count":0,"master_deck":["AscendersBane","Strike_R","Strike_R","Strike_R","Strike_R","Defend_R","Defend_R","Defend_R","Defend_R","Bash","HandOfGreed+1","Armaments+1","Wild Strike","Cleave","True Grit+1","Sword Boomerang","Fiend Fire","Limit Break","Flame Barrier+1","Disarm","Pummel","Sentinel","Bloodletting","Ghostly","Ghostly","Ghostly","Power Through"],"relics":["Burning Blood","Omamori","Akabeko","Pantograph","Singing Bowl","Coffee Dripper","Blue Candle","Ancient Tea Set","Smiling Mask","White Beast Statue"],"acts_visited":["Exordium","TheCity"],"potions_floor_usage":[33,33],"damage_taken":[{"damage":9.0,"enemies":"Jaw Worm","floor":1.0,"turns":3.0},{"damage":14.0,"enemies":"Small Slimes","floor":2.0,"turns":3.0},{"damage":0.0,"enemies":"2 Louse","floor":3.0,"turns":2.0},{"damage":18.0,"enemies":"Lots of Slimes","floor":6.0,"turns":4.0},{"damage":8.0,"enemies":"Gremlin Nob","floor":8.0,"turns":3.0},{"damage":9.0,"enemies":"2 Fungi Beasts","floor":10.0,"turns":2.0},{"damage":0.0,"enemies":"Red Slaver","floor":14.0,"turns":1.0},{"damage":75.0,"enemies":"Hexaghost","floor":16.0,"turns":8.0},{"damage":0.0,"enemies":"Spheric Guardian","floor":18.0,"turns":1.0},{"damage":29.0,"enemies":"2 Thieves","floor":19.0,"turns":5.0},{"damage":29.0,"enemies":"Shelled Parasite and Fungi","floor":20.0,"turns":6.0},{"damage":28.0,"enemies":"Book of Stabbing","floor":24.0,"turns":6.0},{"damage":0.0,"enemies":"Sentry and Sphere","floor":28.0,"turns":4.0},{"damage":15.0,"enemies":"Centurion and Healer","floor":31.0,"turns":11.0},{"damage":18,"enemies":"Automaton","floor":33,"turns":10}],"seed_played":"-260397972814575408","potions_obtained":[{"floor":3.0,"key":"Energy Potion"},{"floor":10.0,"key":"BloodPotion"},{"floor":18.0,"key":"EssenceOfSteel"},{"floor":20.0,"key":"BlessingOfTheForge"},{"floor":24.0,"key":"SkillPotion"},{"floor":28.0,"key":"Weak Potion"},{"floor":31.0,"key":"Dexterity Potion"}],"is_trial":false,"path_per_floor":["M","M","M","$","?","M","R","E","T","M","R","?","$","M","R","B",null,"M","M","M","?","$","R","E","?","T","?","M","R","?","M","R","B"],"character_chosen":"IRONCLAD","items_purchased":["Omamori","True Grit","LiquidMemories","Fiend Fire","Sentinel","BloodPotion","Block Potion","Ancient Tea Set","Power Through"],"campfire_rested":0,"item_purchase_floors":[4,4,4,13,22,22,22,23,29],"current_hp_per_floor":[65,57,63,63,63,51,51,49,49,46,46,46,46,54,54,15,56,62,39,16,16,30,30,8,8,8,8,16,16,16,9,9,16,16],"gold":13,"neow_bonus":"RANDOM_COLORLESS_2","is_daily":false,"chose_seed":false,"campfire_upgraded":3,"win_rate":0.0,"timestamp":1609902715,"path_taken":["M","M","M","$","?","M","R","E","T","M","R","?","$","M","R","BOSS","M","M","M","?","$","R","E","?","T","?","M","R","?","M","R","BOSS"],"items_purchased_type":["Relic","Card","Potion","Card","Card","Potion","Potion","Relic","Card"],"build_version":"2020-12-22","purchased_purges":3,"victory":false,"max_hp_per_floor":[68,68,68,68,68,68,68,68,68,68,68,68,68,70,70,70,70,70,70,70,70,70,70,70,35,35,35,37,37,37,39,39,39,39],"card_choices":[{"not_picked":["Apotheosis","Secret Weapon"],"picked":"HandOfGreed","floor":0.0},{"not_picked":["Flame Barrier","Heavy Blade"],"picked":"Armaments","floor":1.0},{"not_picked":["Flex","Warcry"],"picked":"Wild Strike","floor":2.0},{"not_picked":["Rupture","Metallicize"],"picked":"Cleave","floor":3.0},{"not_picked":["Headbutt","Evolve"],"picked":"Sword Boomerang","floor":6.0},{"not_picked":["Rupture","Twin Strike","Infernal Blade"],"picked":"SKIP","floor":8.0},{"not_picked":["Shrug It Off","Metallicize","Iron Wave"],"picked":"SKIP","floor":10.0},{"not_picked":["Rampage","Anger","Flex"],"picked":"Singing Bowl","floor":14.0},{"not_picked":["Reaper","Fiend Fire"],"picked":"Limit Break","floor":16.0},{"not_picked":["Carnage","Anger+1"],"picked":"Flame Barrier+1","floor":18.0},{"not_picked":["Perfected Strike+1","Anger"],"picked":"Disarm","floor":19.0},{"not_picked":["Anger","Dual Wield"],"picked":"Pummel","floor":20.0},{"not_picked":["Anger","Carnage+1"],"picked":"Bloodletting","floor":24.0},{"not_picked":["Clothesline","Entrench","Shrug It Off"],"picked":"Singing Bowl","floor":28.0},{"not_picked":["Body Slam","Uppercut","Blood for Blood"],"picked":"Singing Bowl","floor":31.0}],"player_experience":332465,"relics_obtained":[{"floor":8.0,"key":"Akabeko"},{"floor":9.0,"key":"Pantograph"},{"floor":24.0,"key":"Smiling Mask"},{"floor":26.0,"key":"White Beast Statue"}],"event_choices":[{"damage_healed":0.0,"max_hp_gain":0.0,"max_hp_loss":0.0,"gold_gain":150.0,"event_name":"Liars Game","player_choice":"AGREE","floor":5.0,"gold_loss":0.0,"damage_taken":0.0,"cards_obtained":["Doubt"]},{"damage_healed":0.0,"max_hp_gain":0.0,"max_hp_loss":0.0,"gold_gain":0.0,"event_name":"Big Fish","player_choice":"Box","floor":12.0,"gold_loss":0.0,"damage_taken":0.0,"relics_obtained":["Singing Bowl"],"cards_obtained":["Regret"]},{"damage_healed":0.0,"max_hp_gain":0.0,"max_hp_loss":0.0,"gold_gain":0.0,"event_name":"The Mausoleum","player_choice":"Opened","floor":21.0,"gold_loss":0.0,"damage_taken":0.0,"relics_obtained":["Blue Candle"],"cards_obtained":["Writhe"]},{"damage_healed":0.0,"max_hp_gain":0.0,"max_hp_loss":35.0,"gold_gain":0.0,"event_name":"Ghosts","player_choice":"Became a Ghost","floor":25.0,"gold_loss":0.0,"damage_taken":0.0,"cards_obtained":["Ghostly","Ghostly","Ghostly"]},{"damage_healed":0.0,"max_hp_gain":0.0,"max_hp_loss":0.0,"gold_gain":50.0,"event_name":"Nest","player_choice":"Stole From Cult","floor":27.0,"gold_loss":0.0,"damage_taken":0.0},{"damage_healed":0.0,"max_hp_gain":0.0,"max_hp_loss":0.0,"gold_gain":0.0,"event_name":"Forgotten Altar","player_choice":"Smashed Altar","floor":30.0,"gold_loss":0.0,"damage_taken":0.0,"cards_obtained":["Decay"]}],"is_beta":false,"boss_relics":[{"not_picked":["Black Star","Sozu"],"picked":"Coffee Dripper"}],"items_purged_floors":[13,29,32],"is_endless":false,"potions_floor_spawned":[3,6,10,14,18,20,24,28,31],"killed_by":"Automaton","ascension_level":16}}