{"host":"raaimkojny05jekw","time":1609910456,"event":{"mods":["AchievementEnabler","BaseMod","Colored Map","Colored Powertips","DeckTracker","Minty Spire (QoL Compilation)","Quick Restart","Rare Cards Sparkle","everything is the same but u backflip on backflip"],"gold_per_floor":[115,127,52,63,63,63,82,82,82,95,95,107,21,21,21,99,99,115,128,108,124,124,124],"floor_reached":22,"playtime":730,"items_purged":[],"score":356,"play_id":"36885c35-d35c-4187-9343-3611969a9838","local_time":"20210106142056","is_ascension_mode":true,"campfire_choices":[{"data":"Neutralize","floor":6,"key":"SMITH"},{"data":"Blade Dance","floor":8,"key":"SMITH"},{"data":"Envenom","floor":15,"key":"SMITH"}],"circlet_count":0,"master_deck":["AscendersBane","Strike_G","Strike_G","Strike_G","Defend_G","Defend_G","Defend_G","Defend_G","Defend_G","Survivor","Neutralize+1","Dramatic Entrance","Dagger Throw","Deadly Poison","Reflex","Blade Dance+1","Acrobatics","Blur","Envenom+1","Die Die Die","Accuracy+1","Dodge and Roll","Prepared+1"],"relics":["Ring of the Snake","Sundial","WristBlade"],"acts_visited":["Exordium","TheCity"],"potions_floor_usage":[18,19,21,22],"damage_taken":[{"damage":4,"enemies":"Jaw Worm","floor":1,"turns":3},{"damage":0,"enemies":"2 Louse","floor":2,"turns":3},{"damage":12,"enemies":"Small Slimes","floor":4,"turns":3},{"damage":4,"enemies":"3 Louse","floor":7,"turns":2},{"damage":0,"enemies":"Lots of Slimes","floor":10,"turns":2},{"damage":9,"enemies":"Red Slaver","floor":12,"turns":3},{"damage":24,"enemies":"The Guardian","floor":16,"turns":11},{"damage":17,"enemies":"Shell Parasite","floor":18,"turns":4},{"damage":22,"enemies":"Spheric Guardian","floor":19,"turns":5},{"damage":11,"enemies":"Centurion and Healer","floor":21,"turns":7},{"damage":9,"enemies":"Cultist and Chosen","floor":22,"turns":4}],"seed_played":"-9021735036995473844","potions_obtained":[{"floor":4,"key":"SpeedPotion"},{"floor":12,"key":"GhostInAJar"},{"floor":20,"key":"ColorlessPotion"},{"floor":21,"key":"EssenceOfSteel"}],"is_trial":false,"path_per_floor":["M","M","?","M","?","R","M","R","T","M","?","M","$","?","R","B",null,"M","M","?","M","M"],"character_chosen":"THE_SILENT","items_purchased":["Envenom"],"campfire_rested":0,"item_purchase_floors":[13],"current_hp_per_floor":[55,55,55,43,36,36,32,32,32,32,32,23,23,45,45,21,55,38,16,16,5,0,0],"gold":124,"neow_bonus":"RANDOM_COLORLESS","is_daily":false,"chose_seed":false,"campfire_upgraded":3,"win_rate":0.0,"timestamp":1609910456,"path_taken":["M","M","?","M","?","R","M","R","T","M","?","M","$","?","R","BOSS","M","M","?","M","?"],"items_purchased_type":["Card"],"build_version":"2020-12-22","purchased_purges":0,"victory":false,"max_hp_per_floor":[66,66,66,66,66,66,66,66,66,66,66,66,66,66,66,66,66,66,66,66,66,66,66],"card_choices":[{"not_picked":["Finesse","Swift Strike"],"picked":"Dramatic Entrance","floor":0},{"not_picked":["Acrobatics","Quick Slash"],"picked":"Dagger Throw","floor":1},{"not_picked":["Acrobatics","Dagger Spray"],"picked":"Deadly Poison","floor":2},{"not_picked":["After Image","Sucker Punch"],"picked":"Reflex","floor":4},{"not_picked":["Quick Slash","PiercingWail"],"picked":"Blade Dance","floor":7},{"not_picked":["Dagger Throw","Bouncing Flask"],"picked":"Acrobatics","floor":10},{"not_picked":["Poisoned Stab","Bane"],"picked":"Blur","floor":12},{"not_picked":["Night Terror","Doppelganger"],"picked":"Die Die Die","floor":16},{"not_picked":["Poisoned Stab","Caltrops"],"picked":"Accuracy+1","floor":18},{"not_picked":["Bane+1","Dash"],"picked":"Dodge and Roll","floor":19},{"not_picked":["Reflex","Dagger Throw"],"picked":"Prepared+1","floor":21}],"player_experience":718398,"relics_obtained":[{"floor":9,"key":"Sundial"}],"event_choices":[{"cards_removed":["Strike_G"],"damage_healed":0,"gold_gain":0,"player_choice":"Card Removal","damage_taken":0,"max_hp_gain":0,"max_hp_loss":0,"event_name":"The Cleric","floor":3,"gold_loss":75},{"cards_removed":["Strike_G"],"damage_healed":0,"gold_gain":0,"player_choice":"Card Removal","damage_taken":7,"max_hp_gain":0,"max_hp_loss":0,"event_name":"Golden Wing","floor":5,"gold_loss":0},{"damage_healed":0,"gold_gain":0,"player_choice":"Ignored","damage_taken":0,"max_hp_gain":0,"max_hp_loss":0,"event_name":"Liars Game","floor":11,"gold_loss":0},{"damage_healed":22,"gold_gain":0,"player_choice":"Banana","damage_taken":0,"max_hp_gain":0,"max_hp_loss":0,"event_name":"Big Fish","floor":14,"gold_loss":0},{"damage_healed":0,"gold_gain":0,"player_choice":"Bought 1 Potion","damage_taken":0,"max_hp_gain":0,"max_hp_loss":0,"event_name":"The Woman in Blue","floor":20,"gold_loss":0}],"is_beta":false,"boss_relics":[{"not_picked":["Velvet Choker","Empty Cage"],"picked":"WristBlade"}],"items_purged_floors":[],"is_endless":false,"potions_floor_spawned":[4,12,21],"killed_by":"Cultist and Chosen","ascension_level":20}}