{"host":"792mtbovsoa03nb3","time":1609895184,"event":{"mods":["BaseMod","BetterRewards","Colored Map","Curses Come First","Dota2Spire","Downfall","Ekko","Evolution","Hubris","Infinite Spire","Minty Spire (QoL Compilation)","Replay The Spire","Spicy Shops","StSLib","The Blue Laboratory","The Jungle","??????REMEMod"],"gold_per_floor":[111,121,136,153,200,225,239,239,239,10,10,40,40,56,56,151,151,167,167,187,198,213,213,213],"floor_reached":23,"playtime":737,"items_purged":[],"score":265,"play_id":"c697c8b8-0c07-4df4-8e83-3a94cd53e94e","local_time":"20210105170624","is_ascension_mode":true,"campfire_choices":[{"data":"REME_HeartOfCthun","floor":11,"key":"SMITH"},{"data":"ConjureBlade","floor":15,"key":"SMITH"}],"circlet_count":0,"master_deck":["Sweeping Beam","Sweeping Beam","Strike_B","Defend_B","Defend_B","Defend_B","Zap","Dualcast","hubris:Ukulele","Reinforced Body","Redo","Streamline","ConjureBlade+1","Streamline","REME_HeartOfCthun+1","Conserve Battery","Chill","Leap","Rainbow","Self Repair","Ball Lightning","Leap+1"],"relics":["Cracked Core","EVO:Axolotl","REME_ComplimentaryCards","infinitespire:Beetle Shell","Shuriken","MawBank","Smiling Mask","hubris:TerracottaHorce"],"acts_visited":["Exordium","TheCity"],"potions_floor_usage":[6,6,16,16,22,23,23],"damage_taken":[{"damage":0,"enemies":"Cultist","floor":1,"turns":2},{"damage":0,"enemies":"Jaw Worm","floor":2,"turns":2},{"damage":0,"enemies":"2 Louse","floor":3,"turns":2},{"damage":5,"enemies":"Gremlin Gang","floor":4,"turns":3},{"damage":40,"enemies":"Lagavulin","floor":6,"turns":5},{"damage":11,"enemies":"Exordium Thugs","floor":7,"turns":5},{"damage":0,"enemies":"3 Sentries","floor":12,"turns":2},{"damage":11,"enemies":"Exordium Wildlife","floor":14,"turns":3},{"damage":8,"enemies":"The Guardian","floor":16,"turns":10},{"damage":0,"enemies":"Chosen","floor":18,"turns":4},{"damage":12,"enemies":"2 Thieves","floor":20,"turns":3},{"damage":23,"enemies":"Cultist and Chosen","floor":21,"turns":5},{"damage":17,"enemies":"Snake Plant","floor":22,"turns":3},{"damage":15,"enemies":"Book of Stabbing","floor":23,"turns":3}],"seed_played":"8026492714943448712","potions_obtained":[{"floor":2,"key":"DistilledChaos"},{"floor":3,"key":"DuplicationPotion"},{"floor":4,"key":"Regen Potion"},{"floor":7,"key":"champ:CounterPotion"},{"floor":12,"key":"Reflective Coating"},{"floor":19,"key":"blueLaboratory:TrueEctoplasm"},{"floor":19,"key":"blueLaboratory:Moonshine"}],"is_trial":false,"path_per_floor":["M","M","M","M","T","E","M","?","T","$","R","E","$","M","R","B",null,"M","?","M","M","M","E"],"character_chosen":"DEFECT","items_purchased":["REME_HeartOfCthun","Conserve Battery"],"campfire_rested":0,"item_purchase_floors":[10,10],"current_hp_per_floor":[75,75,75,70,70,42,31,31,31,31,31,31,31,20,20,12,59,59,59,47,31,14,0,0],"gold":213,"neow_bonus":"TRANSFORM_CARD","is_daily":false,"chose_seed":false,"campfire_upgraded":2,"win_rate":0.0,"timestamp":1609895184,"path_taken":["M","?","M","M","?","E","?","?","T","$","R","E","$","?","R","BOSS","M","?","M","M","M","E"],"items_purchased_type":["Card","Card"],"build_version":"2020-12-22","purchased_purges":0,"victory":false,"max_hp_per_floor":[75,75,75,75,75,75,75,75,75,75,75,75,75,75,75,75,75,75,75,75,75,75,75,75],"card_choices":[{"not_picked":["Scrape","Recycle"],"picked":"Reinforced Body","floor":1},{"not_picked":["Barrage","Darkness"],"picked":"Redo","floor":2},{"not_picked":["Panic Button","Rebound","Turbo"],"picked":"SKIP","floor":3},{"not_picked":["Stack","Redo"],"picked":"Streamline","floor":4},{"not_picked":["Gash","Leap"],"picked":"Streamline","floor":6},{"not_picked":["Machine Learning","Gash","Rebound"],"picked":"SKIP","floor":7},{"not_picked":["Panic Button","Leap"],"picked":"Chill","floor":12},{"not_picked":["Chaos","BasicCrystalCard"],"picked":"Leap","floor":14},{"not_picked":["Hyperbeam","Machine Learning"],"picked":"Rainbow","floor":16},{"not_picked":["Beam Cell","Barrage+1","Doom and Gloom"],"picked":"SKIP","floor":18},{"not_picked":["Barrage+1","ReplayGash"],"picked":"Self Repair","floor":20},{"not_picked":["ReplayTheSpireMod:Fabricate Wheel","Leap"],"picked":"Ball Lightning","floor":21},{"not_picked":["REME_DataAnalysis+1","Stack+1"],"picked":"Leap+1","floor":22}],"player_experience":843702,"relics_obtained":[{"floor":5,"key":"infinitespire:Beetle Shell"},{"floor":6,"key":"Shuriken"},{"floor":9,"key":"MawBank"},{"floor":12,"key":"Smiling Mask"}],"event_choices":[{"cards_removed":["Defend_B"],"damage_healed":0,"gold_gain":0,"player_choice":"Purged","damage_taken":0,"max_hp_gain":0,"max_hp_loss":0,"event_name":"Purifier","floor":8,"gold_loss":0},{"damage_healed":0,"gold_gain":0,"player_choice":"Got Potions","damage_taken":0,"max_hp_gain":0,"max_hp_loss":0,"event_name":"Lab","floor":19,"gold_loss":0}],"is_beta":false,"boss_relics":[{"not_picked":["REME_DuelDisc","Runic Pyramid"],"picked":"hubris:TerracottaHorce"}],"items_purged_floors":[],"is_endless":false,"potions_floor_spawned":[2,3,4,7,12,21],"killed_by":"Book of Stabbing","ascension_level":3}}