{"host":"a5lz0e76zb3fcwkm","time":1609914500,"event":{"mods":["AchievementEnabler","BaseMod","Colored Map","Colored Powertips","Minty Spire (QoL Compilation)","StSLib","SuperFastMode"],"gold_per_floor":[109,109,109,109,34,34,66,80,80,91,141,175,190,207,207,281,281,293,308,308,327,38,38,48,48,48,61,78,78,90,115,115,191,191,210,222,239,59,74,74,102,114,151,192,204,229,276,301,313,325,325],"floor_reached":50,"playtime":2342,"items_purged":["Strike_G","Strike_G"],"score":1332,"play_id":"1db0ffdd-2ea4-4533-ad2b-8ba6b2209818","local_time":"20210106152820","is_ascension_mode":true,"campfire_choices":[{"data":"Dagger Throw","floor":6.0,"key":"SMITH"},{"data":"Cloak And Dagger","floor":15.0,"key":"SMITH"},{"data":"Tactician","floor":23.0,"key":"SMITH"},{"data":"Reflex","floor":25.0,"key":"SMITH"},{"floor":29.0,"key":"REST"},{"floor":32.0,"key":"REST"},{"floor":40.0,"key":"REST"},{"data":"Acrobatics","floor":42,"key":"SMITH"},{"floor":49,"key":"RECALL"}],"circlet_count":0,"master_deck":["AscendersBane","Defend_G","Defend_G","Defend_G","Survivor","Neutralize","Dagger Throw+1","Backstab","Choke+1","Infinite Blades","Cloak And Dagger+1","Reflex+1","PiercingWail","Venomology+1","Prepared+1","Tactician+1","Acrobatics","Eviscerate+1","Blur","After Image","Venomology","Backflip","Footwork","Acrobatics+1","After Image","Footwork","Well Laid Plans"],"relics":["Ring of the Snake","NeowsBlessing","Molten Egg 2","Mercury Hourglass","Orichalcum","HoveringKite","Medical Kit","CaptainsWheel","Smiling Mask","Empty Cage","MawBank","Strawberry","Meat on the Bone"],"acts_visited":["Exordium","TheCity","TheBeyond"],"potions_floor_usage":[41,41,41,44,46,46,46,47,47,48,50,50,50],"damage_taken":[{"damage":0.0,"enemies":"Jaw Worm","floor":1.0,"turns":1.0},{"damage":0.0,"enemies":"3 Sentries","floor":7.0,"turns":1.0},{"damage":0.0,"enemies":"Small Slimes","floor":8.0,"turns":1.0},{"damage":0.0,"enemies":"Cultist","floor":10.0,"turns":2.0},{"damage":7.0,"enemies":"Gremlin Nob","floor":12.0,"turns":4.0},{"damage":0.0,"enemies":"Large Slime","floor":13.0,"turns":4.0},{"damage":2.0,"enemies":"Gremlin Gang","floor":14.0,"turns":3.0},{"damage":0.0,"enemies":"Slime Boss","floor":16.0,"turns":6.0},{"damage":2.0,"enemies":"3 Byrds","floor":18.0,"turns":4.0},{"damage":35.0,"enemies":"Spheric Guardian","floor":19.0,"turns":6.0},{"damage":10.0,"enemies":"Chosen and Byrds","floor":21.0,"turns":6.0},{"damage":7.0,"enemies":"Centurion and Healer","floor":24.0,"turns":5.0},{"damage":0.0,"enemies":"Snecko","floor":27.0,"turns":3.0},{"damage":0.0,"enemies":"Cultist and Chosen","floor":28.0,"turns":3.0},{"damage":0.0,"enemies":"Centurion and Healer","floor":30.0,"turns":3.0},{"damage":23.0,"enemies":"Slavers","floor":31.0,"turns":7.0},{"damage":37.0,"enemies":"Champ","floor":33.0,"turns":13.0},{"damage":1.0,"enemies":"3 Darklings","floor":35.0,"turns":6.0},{"damage":0.0,"enemies":"3 Shapes","floor":36.0,"turns":9.0},{"damage":0.0,"enemies":"Transient","floor":37.0,"turns":6.0},{"damage":14.0,"enemies":"Maw","floor":39.0,"turns":5.0},{"damage":17,"enemies":"Reptomancer","floor":41,"turns":7},{"damage":0,"enemies":"Nemesis","floor":44,"turns":5},{"damage":3,"enemies":"3 Darklings","floor":46,"turns":5},{"damage":47,"enemies":"Reptomancer","floor":47,"turns":10},{"damage":0,"enemies":"Spire Growth","floor":48,"turns":6},{"damage":43,"enemies":"Time Eater","floor":50,"turns":5}],"seed_played":"-8692916212382269509","potions_obtained":[{"floor":7.0,"key":"SpeedPotion"},{"floor":12.0,"key":"Fire Potion"},{"floor":13.0,"key":"Swift Potion"},{"floor":19.0,"key":"Block Potion"},{"floor":28.0,"key":"Strength Potion"},{"floor":35.0,"key":"LiquidBronze"},{"floor":39.0,"key":"AttackPotion"},{"floor":41,"key":"GamblersBrew"}],"is_trial":false,"path_per_floor":["M","?","?","?","?","R","E","M","T","M","?","E","M","M","R","B",null,"M","M","?","M","$","R","M","R","T","M","M","R","M","E","R","B",null,"M","M","M","$","M","R","E","R","T","E","?","M","E","M","R","B"],"character_chosen":"THE_SILENT","items_purchased":["Acrobatics","Medical Kit","Footwork","Acrobatics"],"campfire_rested":3,"item_purchase_floors":[22,22,38,38],"current_hp_per_floor":[59,52,52,57,57,57,57,57,57,57,50,43,43,41,41,41,64,62,27,27,17,17,17,24,24,24,24,24,45,45,22,43,6,55,54,54,54,54,40,61,57,57,57,64,64,61,14,40,40,0,0],"gold":325,"neow_bonus":"THREE_ENEMY_KILL","is_daily":false,"chose_seed":false,"campfire_upgraded":5,"win_rate":0.0,"timestamp":1609914500,"path_taken":["M","?","?","?","?","R","E","M","T","M","?","E","?","M","R","BOSS","M","M","?","M","$","R","M","R","T","M","M","R","?","E","R","BOSS","M","M","M","$","M","R","E","R","T","E","?","M","E","M","R","BOSS"],"items_purchased_type":["Card","Relic","Card","Card"],"build_version":"2020-12-22","purchased_purges":2,"victory":false,"max_hp_per_floor":[66,66,66,71,71,71,71,71,71,71,71,71,71,71,71,71,71,71,71,71,71,71,71,71,71,71,71,71,71,71,71,71,71,71,71,71,71,71,71,71,71,71,71,78,74,74,74,74,74,74,74],"card_choices":[{"not_picked":["Poisoned Stab","Slice"],"picked":"Dagger Throw","floor":1.0},{"not_picked":["Dash+1","Prepared"],"picked":"Choke+1","floor":7.0},{"not_picked":["Bane+1","Blur","Concentrate"],"picked":"SKIP","floor":8.0},{"not_picked":["Tactician","Cloak And Dagger"],"picked":"Infinite Blades","floor":10.0},{"not_picked":["Finisher+1","Bane+1"],"picked":"Cloak And Dagger","floor":12.0},{"not_picked":["Poisoned Stab+1","Endless Agony+1"],"picked":"Reflex","floor":13.0},{"not_picked":["Bouncing Flask","Deadly Poison"],"picked":"PiercingWail","floor":14.0},{"not_picked":["A Thousand Cuts","Phantasmal Killer"],"picked":"Venomology","floor":16.0},{"not_picked":["Underhanded Strike+1","Flechettes+1","Deadly Poison"],"picked":"SKIP","floor":18.0},{"not_picked":["Backflip","Reflex"],"picked":"Prepared+1","floor":19.0},{"not_picked":["Dagger Spray+1","Finisher+1"],"picked":"Tactician","floor":21.0},{"not_picked":["Outmaneuver+1","Finisher+1"],"picked":"Eviscerate+1","floor":24.0},{"not_picked":["Deflect","Deadly Poison"],"picked":"Blur","floor":27.0},{"not_picked":["Sucker Punch+1","Flying Knee+1","Dagger Throw+1"],"picked":"SKIP","floor":28.0},{"not_picked":["Dagger Spray+1","Cloak And Dagger+1","Endless Agony+1"],"picked":"SKIP","floor":30.0},{"not_picked":["Underhanded Strike+1","Dagger Spray+1"],"picked":"After Image","floor":31.0},{"not_picked":["Glass Knife+1","Tools of the Trade"],"picked":"Venomology","floor":33.0},{"not_picked":["Flying Knee+1","Blade Dance","Dash+1"],"picked":"SKIP","floor":35.0},{"not_picked":["Skewer+1","Cloak And Dagger","Dagger Throw+1"],"picked":"SKIP","floor":36.0},{"not_picked":["Flying Knee+1","Slice+1"],"picked":"Backflip","floor":37.0},{"not_picked":["Backflip","Prepared","Endless Agony+1"],"picked":"SKIP","floor":39.0},{"not_picked":["Poisoned Stab+1","Dodge and Roll"],"picked":"After Image","floor":41},{"not_picked":["Flying Knee+1","Caltrops"],"picked":"Footwork","floor":44},{"not_picked":["Poisoned Stab+1","Outmaneuver","Leg Sweep"],"picked":"SKIP","floor":46},{"not_picked":["Prepared","Dodge and Roll","Noxious Fumes"],"picked":"SKIP","floor":47},{"not_picked":["Finisher+1","Burst"],"picked":"Well Laid Plans","floor":48}],"player_experience":1679257,"relics_obtained":[{"floor":7.0,"key":"Molten Egg 2"},{"floor":9.0,"key":"Mercury Hourglass"},{"floor":12.0,"key":"Orichalcum"},{"floor":26.0,"key":"CaptainsWheel"},{"floor":31.0,"key":"Smiling Mask"},{"floor":41,"key":"MawBank"},{"floor":44,"key":"Strawberry"},{"floor":47,"key":"Meat on the Bone"}],"event_choices":[{"cards_removed":["Strike_G"],"damage_healed":0.0,"max_hp_gain":0.0,"max_hp_loss":0.0,"gold_gain":0.0,"event_name":"Golden Wing","player_choice":"Card Removal","floor":2.0,"gold_loss":0.0,"damage_taken":7.0},{"damage_healed":0.0,"max_hp_gain":0.0,"max_hp_loss":0.0,"gold_gain":0.0,"cards_transformed":["Defend_G"],"event_name":"Living Wall","player_choice":"Change","floor":3.0,"gold_loss":0.0,"damage_taken":0.0,"cards_obtained":["Backstab"]},{"damage_healed":0.0,"max_hp_gain":5.0,"max_hp_loss":0.0,"gold_gain":0.0,"event_name":"Big Fish","player_choice":"Donut","floor":4.0,"gold_loss":0.0,"damage_taken":0.0},{"cards_removed":["Strike_G"],"damage_healed":0.0,"max_hp_gain":0.0,"max_hp_loss":0.0,"gold_gain":0.0,"event_name":"The Cleric","player_choice":"Card Removal","floor":5.0,"gold_loss":75.0,"damage_taken":0.0},{"damage_healed":0.0,"max_hp_gain":0.0,"max_hp_loss":0.0,"gold_gain":50.0,"event_name":"FaceTrader","player_choice":"Touch","floor":11.0,"gold_loss":0.0,"damage_taken":7.0},{"damage_healed":0.0,"max_hp_gain":0.0,"max_hp_loss":0.0,"gold_gain":0.0,"event_name":"Upgrade Shrine","player_choice":"Upgraded","floor":20.0,"gold_loss":0.0,"damage_taken":0.0,"cards_upgraded":["Venomology"]},{"damage_healed":0,"gold_gain":0,"player_choice":"Max HP","damage_taken":0,"max_hp_gain":0,"max_hp_loss":4,"event_name":"Winding Halls","floor":45,"gold_loss":0}],"is_beta":false,"boss_relics":[{"not_picked":["Ring of the Serpent","Sozu"],"picked":"HoveringKite"},{"not_picked":["Black Star","Calling Bell"],"picked":"Empty Cage"}],"items_purged_floors":[22,38],"is_endless":false,"potions_floor_spawned":[7,12,13,19,24,27,28,35,37,39,41],"killed_by":"Time Eater","ascension_level":20}}