{"host":"Ian","time":1609973644,"event":{"mods":["BaseMod","Bestiary","Block Reminder","Colored Map","Highlight Path","Key Reminder","Minty Spire (QoL Compilation)","Relic Stats"],"gold_per_floor":[115,115,133,147,62,91,91,91,91],"floor_reached":8,"playtime":349,"items_purged":[],"score":112,"play_id":"c024175c-a03d-44ca-8681-1f47ab2c3054","local_time":"20210106225404","is_ascension_mode":true,"campfire_choices":[{"data":"Uppercut","floor":7,"key":"SMITH"}],"circlet_count":0,"master_deck":["AscendersBane","Strike_R","Strike_R","Strike_R","Strike_R","Strike_R","Defend_R","Defend_R","Defend_R","Defend_R","Bash","Evolve","Impervious","Uppercut+1","Pommel Strike","Exhume","Battle Trance"],"relics":["Burning Blood","NeowsBlessing","Kunai"],"acts_visited":["Exordium"],"potions_floor_usage":[8],"damage_taken":[{"damage":0,"enemies":"Cultist","floor":1,"turns":1},{"damage":0,"enemies":"2 Louse","floor":3,"turns":1},{"damage":0,"enemies":"Jaw Worm","floor":4,"turns":1},{"damage":35,"enemies":"3 Sentries","floor":6,"turns":10},{"damage":60,"enemies":"Lagavulin","floor":8,"turns":9}],"seed_played":"1326543203078405444","potions_obtained":[{"floor":3,"key":"CultistPotion"},{"floor":6,"key":"Explosive Potion"}],"is_trial":false,"path_per_floor":["M","?","M","M","$","E","R","E"],"character_chosen":"IRONCLAD","items_purchased":["Battle Trance"],"campfire_rested":0,"item_purchase_floors":[5],"current_hp_per_floor":[74,74,75,75,75,46,46,0,0],"gold":91,"neow_bonus":"THREE_ENEMY_KILL","is_daily":false,"chose_seed":false,"campfire_upgraded":1,"win_rate":0.0,"timestamp":1609973644,"path_taken":["M","?","M","?","$","E","R","E"],"items_purchased_type":["Card"],"build_version":"2020-12-18","purchased_purges":0,"victory":false,"max_hp_per_floor":[75,75,75,75,75,75,75,75,75],"relic_stats":{"counters":[5,22],"Kunai":[2],"obtain_stats":[{"NeowsBlessing":0,"Kunai":6,"Burning Blood":0},{"NeowsBlessing":0,"Kunai":4,"Burning Blood":0},{"NeowsBlessing":0,"Kunai":13,"Burning Blood":0}],"Burning Blood":13},"card_choices":[{"not_picked":["Clash","True Grit"],"picked":"Evolve","floor":1},{"not_picked":["Clash","Clothesline"],"picked":"Pommel Strike","floor":3},{"not_picked":["Second Wind","Anger"],"picked":"Exhume","floor":4},{"not_picked":["Wild Strike","Ghostly Armor","Sword Boomerang"],"picked":"SKIP","floor":6}],"player_experience":2636144,"relics_obtained":[{"floor":6,"key":"Kunai"}],"event_choices":[{"damage_healed":0,"gold_gain":0,"player_choice":"2 cards matched","damage_taken":0,"max_hp_gain":0,"max_hp_loss":0,"event_name":"Match and Keep!","floor":2,"gold_loss":0,"cards_obtained":["Impervious","Uppercut"]}],"is_beta":true,"boss_relics":[],"items_purged_floors":[],"is_endless":false,"potions_floor_spawned":[3,6],"killed_by":"Lagavulin","ascension_level":20}}