{"host":"9ndbo4kgsfoemf7y","time":1609936092,"event":{"mods":["AchievementEnabler","BaseMod","Colored Map","DeckTracker","Keyboard Shortcuts","Minty Spire (QoL Compilation)","Permanent Neow","Quick Restart","Relic Stats","StSLib","SuperFastMode"],"gold_per_floor":[16,36,51,68,88,88,117,117,117,146,146,221,238,250,250,321,321,332,332,332],"floor_reached":19,"playtime":480,"items_purged":[],"score":362,"play_id":"cfeefc31-bbd2-4707-ad57-363c0fece1b1","local_time":"20210106212812","is_ascension_mode":true,"campfire_choices":[{"data":"Body Slam","floor":6.0,"key":"SMITH"},{"data":"Immolate","floor":8.0,"key":"SMITH"},{"data":"Limit Break","floor":11.0,"key":"SMITH"},{"floor":15.0,"key":"REST"}],"circlet_count":0,"master_deck":["AscendersBane","Strike_R","Strike_R","Strike_R","Strike_R","Strike_R","Defend_R","Defend_R","Defend_R","Defend_R","Bash","Immolate+1","Second Wind","Shrug It Off","Body Slam+1","Dropkick","Flex","Blood for Blood","Limit Break+1","Rage","Inflame","Double Tap","Uppercut"],"relics":["Burning Blood","StrikeDummy","Sundial","The Courier","Cursed Key"],"acts_visited":["Exordium","TheCity"],"potions_floor_usage":[16],"damage_taken":[{"damage":0.0,"enemies":"2 Louse","floor":1.0,"turns":1.0},{"damage":13.0,"enemies":"Small Slimes","floor":2.0,"turns":2.0},{"damage":4.0,"enemies":"Cultist","floor":3.0,"turns":4.0},{"damage":8.0,"enemies":"Blue Slaver","floor":4.0,"turns":4.0},{"damage":14.0,"enemies":"Exordium Wildlife","floor":5.0,"turns":3.0},{"damage":6.0,"enemies":"3 Sentries","floor":7.0,"turns":4.0},{"damage":11.0,"enemies":"Gremlin Nob","floor":10.0,"turns":3.0},{"damage":13.0,"enemies":"Lots of Slimes","floor":13.0,"turns":2.0},{"damage":27.0,"enemies":"Exordium Thugs","floor":14.0,"turns":4.0},{"damage":23,"enemies":"The Guardian","floor":16,"turns":7},{"damage":38,"enemies":"Spheric Guardian","floor":18,"turns":5},{"damage":29,"enemies":"3 Byrds","floor":19,"turns":3}],"seed_played":"-7917175765307260665","potions_obtained":[{"floor":1.0,"key":"BlessingOfTheForge"},{"floor":5.0,"key":"BlessingOfTheForge"},{"floor":7.0,"key":"SkillPotion"},{"floor":13.0,"key":"BlessingOfTheForge"},{"floor":14.0,"key":"EntropicBrew"}],"is_trial":false,"path_per_floor":["M","M","M","M","M","R","E","R","T","E","R","?","M","M","R","B",null,"M","M"],"character_chosen":"IRONCLAD","items_purchased":[],"campfire_rested":1,"item_purchase_floors":[],"current_hp_per_floor":[74,67,69,67,59,59,59,59,59,54,54,43,36,15,37,20,61,29,0,0],"gold":332,"neow_bonus":"THREE_RARE_CARDS","is_daily":false,"chose_seed":false,"campfire_upgraded":3,"win_rate":0.0,"timestamp":1609936092,"path_taken":["M","M","M","M","M","R","E","R","T","E","R","?","M","M","R","BOSS","M","M"],"items_purchased_type":[],"build_version":"2020-12-22","purchased_purges":0,"victory":false,"max_hp_per_floor":[75,75,75,75,75,75,75,75,75,75,75,75,75,75,75,75,75,75,75,75],"relic_stats":{"counters":[12,42],"Sundial":[2],"Cursed Key":0,"obtain_stats":[{"Sundial":9,"The Courier":10,"StrikeDummy":7,"Cursed Key":17,"Burning Blood":0},{"Sundial":6,"The Courier":7,"StrikeDummy":6,"Cursed Key":10,"Burning Blood":0},{"Sundial":18,"The Courier":21,"StrikeDummy":18,"Cursed Key":34,"Burning Blood":0}],"Burning Blood":66},"card_choices":[{"not_picked":["Barricade","Corruption"],"picked":"Immolate","floor":0.0},{"not_picked":["Entrench","Wild Strike"],"picked":"Second Wind","floor":1.0},{"not_picked":["Havoc","Reckless Charge"],"picked":"Shrug It Off","floor":2.0},{"not_picked":["Rupture","Iron Wave"],"picked":"Body Slam","floor":3.0},{"not_picked":["Rampage","Clash"],"picked":"Dropkick","floor":4.0},{"not_picked":["Sword Boomerang","Body Slam"],"picked":"Flex","floor":5.0},{"not_picked":["Ghostly Armor","Sever Soul"],"picked":"Blood for Blood","floor":7.0},{"not_picked":["Clash","Flex"],"picked":"Limit Break","floor":10.0},{"not_picked":["Flex","Headbutt"],"picked":"Rage","floor":13.0},{"not_picked":["Heavy Blade","Cleave"],"picked":"Inflame","floor":14.0},{"not_picked":["Immolate","Juggernaut"],"picked":"Double Tap","floor":16},{"not_picked":["Clash+1","Dual Wield"],"picked":"Uppercut","floor":18}],"player_experience":782177,"relics_obtained":[{"floor":7.0,"key":"StrikeDummy"},{"floor":9.0,"key":"Sundial"},{"floor":10.0,"key":"The Courier"}],"event_choices":[{"damage_healed":0.0,"max_hp_gain":0.0,"max_hp_loss":0.0,"gold_gain":75.0,"event_name":"World of Goop","player_choice":"Gather Gold","floor":12.0,"gold_loss":0.0,"damage_taken":11.0}],"is_beta":false,"boss_relics":[{"not_picked":["Calling Bell","Fusion Hammer"],"picked":"Cursed Key"}],"items_purged_floors":[],"is_endless":false,"potions_floor_spawned":[1,5,7,13,14],"killed_by":"3 Byrds","ascension_level":20}}