{"host":"jexbkylv34f8xu3o","time":1609959225,"event":{"mods":["AchievementEnabler","BaseMod","Colored Map","Colored Powertips","GifTheSpireLib","Highlight Path","Minty Spire (QoL Compilation)","Quick Restart","StSLib"],"gold_per_floor":[364,374,390,465,481,481,510,510,585,605,382,382,414,65,65,65,65],"floor_reached":16,"playtime":571,"items_purged":["Clumsy","Strike_R"],"score":160,"play_id":"8cc9a0cf-69d8-4326-b430-f95d28f36961","local_time":"20210106155345","is_ascension_mode":true,"campfire_choices":[{"data":"Bash","floor":6,"key":"SMITH"},{"floor":8,"key":"REST"},{"data":"Feed","floor":12,"key":"SMITH"},{"floor":15,"key":"REST"}],"circlet_count":0,"master_deck":["Strike_R","Strike_R+1","Strike_R","Strike_R","Defend_R","Defend_R","Defend_R","Defend_R","Bash+1","Rage","True Grit","Shrug It Off","Shrug It Off","Feed+1","Sword Boomerang+1"],"relics":["Burning Blood","FossilizedHelix","Shuriken","Medical Kit","Whetstone","Frozen Egg 2"],"acts_visited":["Exordium"],"potions_floor_usage":[5,5,10,16],"damage_taken":[{"damage":6,"enemies":"2 Louse","floor":1,"turns":4},{"damage":15,"enemies":"Jaw Worm","floor":2,"turns":5},{"damage":4,"enemies":"Cultist","floor":3,"turns":5},{"damage":8,"enemies":"Looter","floor":5,"turns":5},{"damage":53,"enemies":"3 Sentries","floor":7,"turns":16},{"damage":0,"enemies":"Large Slime","floor":10,"turns":6},{"damage":26,"enemies":"Lagavulin","floor":13,"turns":8},{"damage":51,"enemies":"Hexaghost","floor":16,"turns":11}],"seed_played":"1656404739109130292","potions_obtained":[{"floor":2,"key":"LiquidMemories"},{"floor":5,"key":"Fruit Juice"},{"floor":7,"key":"Fire Potion"},{"floor":10,"key":"Fire Potion"}],"is_trial":false,"path_per_floor":["M","M","M","?","M","R","E","R","T","M","$","R","E","$","R","B"],"character_chosen":"IRONCLAD","items_purchased":["Medical Kit","Frozen Egg 2"],"campfire_rested":2,"item_purchase_floors":[11,14],"current_hp_per_floor":[72,63,65,54,57,57,10,35,35,44,44,44,24,24,50,0,0],"gold":65,"neow_bonus":"TWO_FIFTY_GOLD","is_daily":false,"chose_seed":false,"campfire_upgraded":2,"win_rate":0.0,"timestamp":1609959225,"path_taken":["M","M","M","?","M","R","E","R","T","M","$","R","E","$","R","BOSS"],"items_purchased_type":["Relic","Relic"],"build_version":"2020-12-22","purchased_purges":2,"victory":false,"max_hp_per_floor":[80,80,80,80,85,85,85,85,85,88,88,88,88,88,88,88,88],"card_choices":[{"not_picked":["Disarm","Clash"],"picked":"Rage","floor":1},{"not_picked":["Intimidate","Body Slam"],"picked":"True Grit","floor":2},{"not_picked":["Sword Boomerang","Clothesline"],"picked":"Shrug It Off","floor":3},{"not_picked":["Pommel Strike","Armaments"],"picked":"Shrug It Off","floor":5},{"not_picked":["Flex","Rampage"],"picked":"Feed","floor":7},{"not_picked":["Clothesline","Rupture"],"picked":"Sword Boomerang","floor":10},{"not_picked":["Carnage","Cleave","Shockwave"],"picked":"SKIP","floor":13}],"player_experience":538115,"relics_obtained":[{"floor":7,"key":"FossilizedHelix"},{"floor":9,"key":"Shuriken"},{"floor":13,"key":"Whetstone"}],"event_choices":[{"damage_healed":0,"gold_gain":75,"player_choice":"Gather Gold","damage_taken":11,"max_hp_gain":0,"max_hp_loss":0,"event_name":"World of Goop","floor":4,"gold_loss":0}],"is_beta":false,"boss_relics":[],"items_purged_floors":[11,14],"is_endless":false,"potions_floor_spawned":[2,5,7,10],"killed_by":"Hexaghost","ascension_level":9}}