{"host":"w3x3n9s6mrz4xpf0","time":1609934689,"event":{"mods":["BaseMod","Minty Spire (QoL Compilation)","StSLib","SuperFastMode"],"gold_per_floor":[111,111,128,203,203,215,229,241,268,279,279,304,304,331,331,430,430,445,472,472,518,274,274,300,300,345,360,360,371,382,181,181,281,281,291,306,306,306,86,100,115,115,138,138,138,168,468,690,690,690],"floor_reached":51,"playtime":1893,"items_purged":["Decay","Strike_B","Defend_B+1"],"score":1048,"play_id":"138130e8-418c-44d6-8054-6c1c5ef338db","local_time":"20210106210449","is_ascension_mode":true,"campfire_choices":[{"data":"Defragment","floor":11,"key":"SMITH"},{"floor":13,"key":"REST"},{"data":"Dualcast","floor":15,"key":"SMITH"},{"floor":23,"key":"REST"},{"floor":25,"key":"REST"},{"data":"Buffer","floor":28,"key":"SMITH"},{"data":"Multi-Cast","floor":32,"key":"SMITH"},{"floor":45,"key":"REST"},{"floor":49,"key":"RECALL"}],"circlet_count":0,"master_deck":["Defend_B+1","Defend_B+1","Defend_B+1","Zap+1","Dualcast+1","Chill+1","Multi-Cast+1","Go for the Eyes+1","Undo+1","Defragment+1","Gash+1","Tempest+1","Buffer+1","Glacier+1","Gash+1","Melter+1","Compile Driver+1","Ball Lightning+1","Echo Form+1","Coolheaded+1"],"relics":["Busted Crown","Regal Pillow","Bag of Preparation","Nunchaku","SacredBark","Red Mask","Tiny Chest","Membership Card","CaptainsWheel","Anchor","Lee\u0027s Waffle","Lantern","Empty Cage","Mark of the Bloom","TheAbacus","PreservedInsect","Ornamental Fan","Juzu Bracelet","Blue Candle"],"acts_visited":["Exordium","TheCity","TheBeyond"],"potions_floor_usage":[16,18,19,24,24,33,50,50,50],"damage_taken":[{"damage":2,"enemies":"2 Louse","floor":1,"turns":3},{"damage":9,"enemies":"Small Slimes","floor":3,"turns":5},{"damage":3,"enemies":"Jaw Worm","floor":6,"turns":4},{"damage":14,"enemies":"Lots of Slimes","floor":7,"turns":6},{"damage":7,"enemies":"3 Louse","floor":8,"turns":2},{"damage":5,"enemies":"Large Slime","floor":10,"turns":7},{"damage":15,"enemies":"3 Sentries","floor":12,"turns":9},{"damage":2,"enemies":"Lagavulin","floor":14,"turns":7},{"damage":6,"enemies":"The Guardian","floor":16,"turns":9},{"damage":12,"enemies":"2 Thieves","floor":18,"turns":3},{"damage":54,"enemies":"Masked Bandits","floor":19,"turns":6},{"damage":38,"enemies":"Gremlin Leader","floor":24,"turns":8},{"damage":0,"enemies":"3 Byrds","floor":27,"turns":4},{"damage":18,"enemies":"Snecko","floor":29,"turns":5},{"damage":4,"enemies":"Cultist and Chosen","floor":30,"turns":5},{"damage":0,"enemies":"Champ","floor":33,"turns":16},{"damage":0,"enemies":"3 Darklings","floor":35,"turns":7},{"damage":0,"enemies":"3 Shapes","floor":36,"turns":4},{"damage":0,"enemies":"Sphere and 2 Shapes","floor":40,"turns":5},{"damage":0,"enemies":"Spire Growth","floor":41,"turns":5},{"damage":0,"enemies":"Nemesis","floor":46,"turns":7},{"damage":0,"enemies":"Donu and Deca","floor":50,"turns":8}],"seed_played":"3704135386222932333","potions_obtained":[{"floor":1,"key":"DuplicationPotion"},{"floor":7,"key":"AttackPotion"},{"floor":8,"key":"SteroidPotion"},{"floor":12,"key":"ColorlessPotion"},{"floor":19,"key":"ColorlessPotion"},{"floor":24,"key":"SteroidPotion"},{"floor":27,"key":"DuplicationPotion"},{"floor":35,"key":"DuplicationPotion"},{"floor":40,"key":"FocusPotion"},{"floor":44,"key":"PowerPotion"}],"is_trial":false,"path_per_floor":["M","?","M","?","?","M","M","M","T","M","R","E","R","E","R","B",null,"M","?","?","T","$","R","E","R","T","M","R","M","M","$","R","B",null,"M","M","?","?","$","M","M","T","T","?","R","E","?","?","R","B",null],"character_chosen":"DEFECT","items_purchased":["Membership Card","LiquidMemories","Gash","Lee\u0027s Waffle","Lantern","TheAbacus","PreservedInsect"],"campfire_rested":4,"item_purchase_floors":[22,22,22,31,31,39,39],"current_hp_per_floor":[73,73,64,53,58,55,41,34,34,29,29,14,53,51,51,45,71,59,5,5,5,5,44,6,45,45,45,45,27,23,87,87,87,87,87,87,87,83,83,83,83,83,83,83,83,83,83,83,83,83],"gold":690,"neow_bonus":"BOSS_RELIC","is_daily":false,"chose_seed":false,"campfire_upgraded":4,"win_rate":0.0,"timestamp":1609934689,"path_taken":["M","?","M","?","?","M","M","M","T","M","R","E","R","E","R","BOSS","M","?","?","?","$","R","E","R","T","?","R","M","M","$","R","BOSS","M","M","?","?","$","M","M","?","T","?","R","E","?","?","R","BOSS"],"items_purchased_type":["Relic","Potion","Card","Relic","Relic","Relic","Relic"],"build_version":"2020-12-22","purchased_purges":3,"victory":true,"max_hp_per_floor":[75,75,75,75,80,80,80,80,80,80,80,80,80,80,80,80,80,80,80,80,80,80,80,80,80,80,80,80,80,80,87,87,87,87,87,87,87,83,83,83,83,83,83,83,83,83,83,83,83,83],"card_choices":[{"not_picked":[],"picked":"Chill","floor":1},{"not_picked":[],"picked":"Go for the Eyes","floor":3},{"not_picked":[],"picked":"Undo","floor":6},{"not_picked":[],"picked":"Defragment","floor":7},{"not_picked":["Leap"],"picked":"SKIP","floor":8},{"not_picked":["Stack"],"picked":"SKIP","floor":10},{"not_picked":[],"picked":"Gash","floor":12},{"not_picked":[],"picked":"Tempest","floor":14},{"not_picked":[],"picked":"Buffer","floor":16},{"not_picked":["Cold Snap+1"],"picked":"SKIP","floor":18},{"not_picked":[],"picked":"Glacier","floor":19},{"not_picked":[],"picked":"Melter","floor":24},{"not_picked":[],"picked":"Compile Driver+1","floor":27},{"not_picked":["Heatsinks"],"picked":"SKIP","floor":29},{"not_picked":[],"picked":"Ball Lightning+1","floor":30},{"not_picked":[],"picked":"Echo Form","floor":33},{"not_picked":["Skim"],"picked":"SKIP","floor":35},{"not_picked":["Chill+1"],"picked":"SKIP","floor":36},{"not_picked":["Rip and Tear"],"picked":"SKIP","floor":40},{"not_picked":[],"picked":"Coolheaded+1","floor":41},{"not_picked":["Doom and Gloom+1"],"picked":"SKIP","floor":46}],"player_experience":111426,"relics_obtained":[{"floor":9,"key":"Regal Pillow"},{"floor":12,"key":"Bag of Preparation"},{"floor":14,"key":"Nunchaku"},{"floor":19,"key":"Red Mask"},{"floor":21,"key":"Tiny Chest"},{"floor":24,"key":"CaptainsWheel"},{"floor":26,"key":"Anchor"},{"floor":42,"key":"Ornamental Fan"},{"floor":43,"key":"Juzu Bracelet"},{"floor":46,"key":"Blue Candle"}],"event_choices":[{"damage_healed":0,"gold_gain":0,"cards_transformed":["Strike_B"],"player_choice":"Change","damage_taken":0,"max_hp_gain":0,"max_hp_loss":0,"event_name":"Living Wall","floor":2,"gold_loss":0,"cards_obtained":["Multi-Cast"]},{"damage_healed":0,"gold_gain":75,"player_choice":"Gather Gold","damage_taken":11,"max_hp_gain":0,"max_hp_loss":0,"event_name":"World of Goop","floor":4,"gold_loss":0},{"damage_healed":0,"gold_gain":0,"player_choice":"Donut","damage_taken":0,"max_hp_gain":5,"max_hp_loss":0,"event_name":"Big Fish","floor":5,"gold_loss":0},{"damage_healed":0,"gold_gain":0,"player_choice":"Fought Bandits","damage_taken":0,"max_hp_gain":0,"max_hp_loss":0,"event_name":"Masked Bandits","floor":19,"gold_loss":0},{"damage_healed":0,"gold_gain":0,"player_choice":"Smashed Altar","damage_taken":0,"max_hp_gain":0,"max_hp_loss":0,"event_name":"Forgotten Altar","floor":20,"gold_loss":0,"cards_obtained":["Decay"]},{"damage_healed":0,"gold_gain":0,"player_choice":"Upgrade","damage_taken":0,"relics_obtained":["Mark of the Bloom"],"max_hp_gain":0,"max_hp_loss":0,"event_name":"MindBloom","floor":37,"gold_loss":0,"cards_upgraded":["Defend_B","Defend_B","Defend_B","Defend_B","Zap","Chill","Go for the Eyes","Undo","Gash","Tempest","Glacier","Gash","Melter","Echo Form"]},{"damage_healed":0,"gold_gain":0,"player_choice":"Max HP","damage_taken":0,"max_hp_gain":0,"max_hp_loss":4,"event_name":"Winding Halls","floor":38,"gold_loss":0},{"damage_healed":0,"gold_gain":0,"player_choice":"Got Potions","damage_taken":0,"max_hp_gain":0,"max_hp_loss":0,"event_name":"Lab","floor":44,"gold_loss":0},{"damage_healed":0,"gold_gain":300,"player_choice":"Gold","damage_taken":0,"max_hp_gain":0,"max_hp_loss":0,"event_name":"Wheel of Change","floor":47,"gold_loss":0},{"damage_healed":0,"gold_gain":222,"player_choice":"Wore Mask","damage_taken":0,"max_hp_gain":0,"max_hp_loss":0,"event_name":"Tomb of Lord Red Mask","floor":48,"gold_loss":0}],"is_beta":false,"boss_relics":[{"not_picked":["Fusion Hammer","Runic Pyramid"],"picked":"SacredBark"},{"not_picked":["Coffee Dripper","Tiny House"],"picked":"Empty Cage"}],"items_purged_floors":[22,31,39],"is_endless":false,"potions_floor_spawned":[1,7,8,12,14,19,24,27,35,40,41,46],"ascension_level":5}}