{"host":"8qkhzo0jjkmvsb7l","time":1609942751,"event":{"mods":["BaseMod","Conspire","Downfall","Marisa????????","Minty Spire (QoL Compilation)","Replay The Spire","StSLib"],"gold_per_floor":[0,16,29,59,44,61,61,264,281,299,299,352,387,398,416,513,513,513,525,375,387,487,487,487,505,505,525,553,279,297,317,329,432,432,357,377,396,409,421,421,421,452,452,452,502,521,521,521,553,581,618,622],"floor_reached":53,"playtime":3961,"items_purged":["Guardian:Strike_Guardian"],"score":862,"play_id":"83b81165-39ab-42ba-95a1-24d6b4a1a98f","local_time":"20210106171911","is_ascension_mode":true,"campfire_choices":[{"floor":11.0,"key":"REST"},{"data":"Guardian:SpikerProtocol","floor":23.0,"key":"SMITH"},{"data":"Guardian:SphericShield","floor":40,"key":"SMITH"},{"floor":47,"key":"REST"}],"circlet_count":1,"master_deck":["Guardian:CurlUp","Guardian:TwinSlam","Guardian:TimeBomb","Guardian:Incinerate","Guardian:Planning","Guardian:SpikerProtocol+1","Guardian:TemporalShield","Guardian:StasisField","Guardian:BronzeOrb","Guardian:SphericShield+1","Ghostly","Guardian:ExploitGems","Guardian:DonusPower","Guardian:Orbwalk","J.A.X.","Guardian:PolyBeam+1","Guardian:Gem_Blue","Guardian:BronzeArmor+1","Guardian:SpikerProtocol+1","Madness","Guardian:EvasiveProtocol","Guardian:ShieldSpikes+1","Guardian:RollAttack+1","Guardian:Suspension+1","Guardian:Gem_Crimson","Guardian:Gem_White","Guardian:TemporalStrike+1"],"relics":["Guardian:ModeShifterPlus","Peace Pipe","ReplayTheSpireMod:TigerMarble","Circlet","Replay:Mystery Machine","Eternal Feather","MutagenicStrength","Guardian:PickAxe","Ornamental Fan","Replay:Grab Bag","conspire:SeveredTorchhead","Busted Crown","Pandora\u0027s Box","Replay:Drink Me","downfall:HeartBlessingGreen","Garlic","Pen Nib","Prayer Wheel","Replay:Bandana"],"acts_visited":["Exordium","TheCity","TheBeyond"],"potions_floor_usage":[39,52,52,52],"damage_taken":[{"damage":0.0,"enemies":"Small Slimes","floor":2.0,"turns":4.0},{"damage":3.0,"enemies":"2 Louse","floor":3.0,"turns":4.0},{"damage":19.0,"enemies":"conspire:MimicChest","floor":4.0,"turns":5.0},{"damage":5.0,"enemies":"downfall:FleeingMerchant","floor":5.0,"turns":4.0},{"damage":0.0,"enemies":"conspire:RoseBush","floor":6.0,"turns":3.0},{"damage":7.0,"enemies":"Blue Slaver","floor":9.0,"turns":3.0},{"damage":1.0,"enemies":"conspire:2 RoseBushes","floor":10.0,"turns":4.0},{"damage":2.0,"enemies":"Lagavulin","floor":13.0,"turns":5.0},{"damage":0.0,"enemies":"Exordium Wildlife","floor":14.0,"turns":3.0},{"damage":0.0,"enemies":"3 Louse","floor":15.0,"turns":2.0},{"damage":19.0,"enemies":"downfall:Silent","floor":16.0,"turns":10.0},{"damage":0.0,"enemies":"conspire:FuzzyDice","floor":19.0,"turns":4.0},{"damage":0.0,"enemies":"3 Byrds","floor":21.0,"turns":4.0},{"damage":2.0,"enemies":"downfall:Augmenter","floor":22.0,"turns":8.0},{"damage":3.0,"enemies":"3 Cultists","floor":25.0,"turns":4.0},{"damage":17.0,"enemies":"Cultist and Chosen","floor":27.0,"turns":6.0},{"damage":6.0,"enemies":"Replay:Snechameleon","floor":28.0,"turns":6.0},{"damage":0.0,"enemies":"downfall:FleeingMerchant","floor":29.0,"turns":4.0},{"damage":3.0,"enemies":"Shelled Parasite and Fungi","floor":30.0,"turns":6.0},{"damage":3.0,"enemies":"Snake Plant","floor":31.0,"turns":3.0},{"damage":6.0,"enemies":"3 Cultists","floor":32.0,"turns":6.0},{"damage":31.0,"enemies":"downfall:Watcher","floor":33.0,"turns":10.0},{"damage":3.0,"enemies":"Orb Walker","floor":36.0,"turns":3.0},{"damage":1.0,"enemies":"3 Shapes","floor":37.0,"turns":4.0},{"damage":12,"enemies":"Spire Growth","floor":38,"turns":5},{"damage":16,"enemies":"3 Darklings","floor":39,"turns":4},{"damage":10,"enemies":"Nemesis","floor":42,"turns":7},{"damage":22,"enemies":"Mind Bloom Boss Battle","floor":45,"turns":8},{"damage":3,"enemies":"Writhing Mass","floor":46,"turns":5},{"damage":6,"enemies":"Reptomancer","floor":49,"turns":7},{"damage":0,"enemies":"Sphere and 2 Shapes","floor":50,"turns":5},{"damage":3,"enemies":"Maw","floor":51,"turns":6},{"damage":9,"enemies":"downfall:Defect","floor":52,"turns":7}],"seed_played":"-2352223870264268469","potions_obtained":[{"floor":1.0,"key":"ColorlessPotion"},{"floor":1.0,"key":"Regen Potion"},{"floor":2.0,"key":"DistilledChaos"},{"floor":13.0,"key":"Weak Potion"},{"floor":15.0,"key":"AttackPotion"},{"floor":37,"key":"CultistPotion"},{"floor":45,"key":"PowerPotion"}],"is_trial":false,"path_per_floor":["R","M","M","?","$","M","T","?","M","M","R","T","E","M","M","B",null,"R","M","?","M","?","R","T","M","R","M","E","$","M","M","M","B",null,"R","M","M","M","M","R","T","E","PTL","PTL","?","M","R","?","E","M","M","B",null],"character_chosen":"GUARDIAN","items_purchased":["Madness","AttackPotion","Dexterity Potion"],"campfire_rested":2,"item_purchase_floors":[29,29,29],"current_hp_per_floor":[80,80,77,58,54,55,55,55,48,47,71,71,80,80,80,61,82,82,82,82,82,80,82,82,82,82,68,62,62,60,57,51,20,63,63,63,62,50,34,49,49,40,40,40,18,15,46,46,40,40,37,28],"gold":622,"neow_bonus":"ONE_RARE_RELIC","is_daily":false,"chose_seed":false,"campfire_upgraded":2,"win_rate":0.0,"timestamp":1609942751,"path_taken":["R","M","M","?","$","M","T","?","M","M","R","?","E","M","M","BOSS","R","M","?","M","?","R","T","M","R","M","E","?","M","?","M","BOSS","R","M","M","M","M","R","T","E","PTL","PTL","?","M","R","?","E","M","M","BOSS"],"items_purchased_type":["Card","Potion","Potion"],"build_version":"2020-12-22","purchased_purges":1,"victory":true,"max_hp_per_floor":[80,80,80,80,81,82,82,82,82,82,82,82,82,82,82,82,82,82,82,82,82,82,82,82,82,82,82,82,82,83,83,83,83,63,63,63,63,63,63,63,63,64,64,64,64,64,64,64,64,64,64,64],"card_choices":[{"not_picked":["Guardian:Gem_Lightblue","Guardian:TemporalStrike"],"picked":"Guardian:TimeBomb","floor":2.0},{"not_picked":["Guardian:Harden","Guardian:ShieldCharger"],"picked":"Guardian:Gem_White","floor":3.0},{"not_picked":["Guardian:TemporalShield","Guardian:Repulse"],"picked":"Guardian:Incinerate","floor":4.0},{"not_picked":["Guardian:PrimingBeam","Guardian:Recover"],"picked":"Guardian:Planning","floor":5.0},{"not_picked":["Guardian:ShieldCharger","Guardian:AncientConstruct"],"picked":"Guardian:SpikerProtocol","floor":6.0},{"not_picked":["Guardian:FloatingOrbs","Guardian:Recover"],"picked":"Guardian:Gem_Blue","floor":8.0},{"not_picked":["Guardian:TimeBomb","Guardian:FloatingOrbs"],"picked":"Guardian:TemporalShield","floor":9.0},{"not_picked":["Guardian:WalkerClaw","Guardian:Incinerate"],"picked":"Guardian:StasisField","floor":10.0},{"not_picked":["Guardian:TemporalShield","Guardian:Gem_Crimson"],"picked":"Guardian:BronzeOrb","floor":13.0},{"not_picked":["Guardian:BronzeOrb","Guardian:Planning","Guardian:ChargeCore"],"picked":"SKIP","floor":14.0},{"not_picked":["Guardian:Repulse","Guardian:ShieldCharger","Guardian:BronzeOrb"],"picked":"SKIP","floor":15.0},{"not_picked":["Guardian:Gem_Green","Guardian:Gem_White"],"picked":"Guardian:Gem_Cyan","floor":19.0},{"not_picked":["Guardian:Gem_Cyan","Guardian:Gem_Blue"],"picked":"Guardian:ExploitGems","floor":21.0},{"not_picked":[],"picked":"J.A.X.","floor":22.0},{"not_picked":["Guardian:Harden","Guardian:PiercingHide"],"picked":"Guardian:Gem_Cyan","floor":22.0},{"not_picked":["Guardian:Harden","Guardian:Reroute"],"picked":"Guardian:PolyBeam+1","floor":25.0},{"not_picked":["Guardian:Recover","Guardian:MultiBeam"],"picked":"Guardian:BronzeArmor+1","floor":27.0},{"not_picked":["Guardian:RollAttack","Guardian:Repulse","Guardian:GuardianWhirl+1"],"picked":"SKIP","floor":28.0},{"not_picked":["Guardian:TimeCapacitor","Guardian:PrimingBeam"],"picked":"Guardian:SpikerProtocol+1","floor":29.0},{"not_picked":["Guardian:CrystalBeam+1","Guardian:Incinerate+1","Guardian:PiercingHide"],"picked":"SKIP","floor":30.0},{"not_picked":["Guardian:TemporalStrike+1","Guardian:CrystalBeam"],"picked":"Guardian:EvasiveProtocol","floor":31.0},{"not_picked":["Guardian:ChargeUp+1","Guardian:Harden+1"],"picked":"Guardian:ShieldSpikes+1","floor":32.0},{"not_picked":["Guardian:FierceBash","Guardian:AncientConstruct"],"picked":"Guardian:Gem_Synthetic","floor":33.0},{"not_picked":["Guardian:MultiBeam+1"],"picked":"SKIP","floor":36.0},{"not_picked":[],"picked":"Guardian:RollAttack+1","floor":37},{"not_picked":["Guardian:Gem_Blue"],"picked":"SKIP","floor":38},{"not_picked":[],"picked":"Guardian:Suspension+1","floor":39},{"not_picked":["Guardian:Gem_Fragmented"],"picked":"SKIP","floor":42},{"not_picked":["Guardian:RollAttack+1"],"picked":"SKIP","floor":46},{"not_picked":["Guardian:ShieldCharger"],"picked":"SKIP","floor":46},{"not_picked":["Guardian:Orbwalk+1"],"picked":"SKIP","floor":49},{"not_picked":[],"picked":"Guardian:TemporalStrike+1","floor":50},{"not_picked":["Guardian:GuardianWhirl"],"picked":"SKIP","floor":50},{"not_picked":["Guardian:Gem_Lightblue"],"picked":"SKIP","floor":51},{"not_picked":["Guardian:RollAttack"],"picked":"SKIP","floor":51}],"player_experience":221447,"relics_obtained":[{"floor":4.0,"key":"ReplayTheSpireMod:TigerMarble"},{"floor":7.0,"key":"Dead Branch"},{"floor":12.0,"key":"Replay:Mystery Machine"},{"floor":13.0,"key":"Eternal Feather"},{"floor":22.0,"key":"MutagenicStrength"},{"floor":24.0,"key":"Guardian:PickAxe"},{"floor":28.0,"key":"Ornamental Fan"},{"floor":41,"key":"Garlic"},{"floor":42,"key":"Pen Nib"},{"floor":45,"key":"Prayer Wheel"},{"floor":49,"key":"Replay:Bandana"}],"event_choices":[],"is_beta":false,"boss_relics":[{"not_picked":["Replay:Bronze Core","Philosopher\u0027s Stone"],"picked":"Guardian:ModeShifterPlus"},{"not_picked":["SacredBark","SlaversCollar"],"picked":"Replay:Grab Bag"},{"not_picked":["Coffee Dripper","Velvet Choker"],"picked":"conspire:SeveredTorchhead"},{"not_picked":["Cursed Key","Fusion Hammer"],"picked":"Busted Crown"},{"not_picked":["Runic Pyramid","Kintsugi"],"picked":"Pandora\u0027s Box"},{"not_picked":["ReplayTheSpireMod:Onyx Gauntlets","Abe\u0027s Treasure"],"picked":"Replay:Drink Me"}],"items_purged_floors":[29],"is_endless":false,"potions_floor_spawned":[2,3,13,15,30,31,32,33,37,45,49,50,51],"ascension_level":1}}