{"host":"s41rn2jhghpwfrvz","time":1609914918,"event":{"mods":["BaseMod","Minty Spire (QoL Compilation)","Quick Restart","Relic Stats","SuperFastMode"],"gold_per_floor":[110,160,170,222,297,322,322,353,379,407,417,430,430,464,464,539,539,568,586,586,586,600,631,645,437,437,468,498,527,542,542,542,619,619,638,663,688,716,741,773,799,831,905,920,934,969,969,581,581,581,581,581,581,18,46,46],"floor_reached":57,"playtime":1605,"items_purged":["Gash","Crippling Poison+1","Beam Cell"],"score":4033,"play_id":"3b995eb3-ba73-42a0-9e87-de1c67a5dc63","local_time":"20210106083518","daily_mods":["SealedDeck","Diverse","DeadlyEvents"],"is_ascension_mode":true,"campfire_choices":[{"data":"Skim","floor":7,"key":"SMITH"},{"data":"Shrug It Off","floor":13,"key":"SMITH"},{"data":"Escape Plan","floor":15,"key":"SMITH"},{"floor":32,"key":"RECALL"}],"circlet_count":0,"master_deck":["AscendersBane","Caltrops","Recycle+1","Shrug It Off+1","Skim+1","Gash+1","Gash+1","Escape Plan+1","Backflip","Panacea"],"relics":["Burning Blood","Smiling Mask","Pantograph","White Beast Statue","War Paint","CeramicFish","Dream Catcher","Fusion Hammer","MutagenicStrength","Kunai","ClockworkSouvenir","Potion Belt","Centennial Puzzle","Anchor","Akabeko","Coffee Dripper","Incense Burner","Bag of Marbles","Gremlin Horn","Omamori","Nunchaku","MealTicket","Regal Pillow","The Courier","Whetstone","Bird Faced Urn","Mango","Strawberry","Lantern","TungstenRod"],"acts_visited":["Exordium","TheCity","TheBeyond","TheEnding"],"potions_floor_usage":[45,56,56,56,56],"damage_taken":[{"damage":0,"enemies":"Small Slimes","floor":1,"turns":2},{"damage":0,"enemies":"Cultist","floor":3,"turns":3},{"damage":18,"enemies":"3 Sentries","floor":6,"turns":6},{"damage":6,"enemies":"Gremlin Nob","floor":8,"turns":3},{"damage":8,"enemies":"Lagavulin","floor":10,"turns":4},{"damage":0,"enemies":"2 Louse","floor":11,"turns":2},{"damage":0,"enemies":"Large Slime","floor":12,"turns":3},{"damage":24,"enemies":"3 Sentries","floor":14,"turns":6},{"damage":0,"enemies":"The Guardian","floor":16,"turns":6},{"damage":10,"enemies":"Shell Parasite","floor":18,"turns":2},{"damage":11,"enemies":"2 Thieves","floor":19,"turns":2},{"damage":0,"enemies":"3 Cultists","floor":22,"turns":3},{"damage":0,"enemies":"Gremlin Leader","floor":23,"turns":2},{"damage":0,"enemies":"Centurion and Healer","floor":24,"turns":2},{"damage":0,"enemies":"Book of Stabbing","floor":27,"turns":2},{"damage":0,"enemies":"Gremlin Leader","floor":28,"turns":2},{"damage":0,"enemies":"Book of Stabbing","floor":29,"turns":2},{"damage":0,"enemies":"Cultist and Chosen","floor":30,"turns":3},{"damage":0,"enemies":"Collector","floor":33,"turns":3},{"damage":6,"enemies":"Orb Walker","floor":35,"turns":2},{"damage":0,"enemies":"Mind Bloom Boss Battle","floor":36,"turns":3},{"damage":0,"enemies":"Giant Head","floor":38,"turns":3},{"damage":0,"enemies":"Reptomancer","floor":40,"turns":2},{"damage":0,"enemies":"Giant Head","floor":41,"turns":2},{"damage":0,"enemies":"Reptomancer","floor":42,"turns":2},{"damage":0,"enemies":"3 Darklings","floor":44,"turns":1},{"damage":0,"enemies":"Spire Growth","floor":45,"turns":2},{"damage":37,"enemies":"Nemesis","floor":46,"turns":5},{"damage":4,"enemies":"Time Eater","floor":50,"turns":5},{"damage":0,"enemies":"Awakened One","floor":51,"turns":3},{"damage":0,"enemies":"Shield and Spear","floor":55,"turns":1},{"damage":7,"enemies":"The Heart","floor":56,"turns":5}],"seed_played":"107366288643307006","potions_obtained":[{"floor":1,"key":"PowerPotion"},{"floor":3,"key":"AttackPotion"},{"floor":12,"key":"SpeedPotion"},{"floor":22,"key":"SpeedPotion"},{"floor":27,"key":"Block Potion"},{"floor":28,"key":"Weak Potion"},{"floor":44,"key":"Fruit Juice"},{"floor":45,"key":"Dexterity Potion"},{"floor":46,"key":"PowerPotion"}],"is_trial":true,"path_per_floor":["M","?","M","T","?","E","R","E","T","E","M","M","R","E","R","B",null,"M","M","?","?","M","E","M","$","T","E","E","E","M","T","R","B",null,"M","?","T","E","T","E","E","E","T","M","M","E","R","$","R","B","B",null,"R","$","E","B",null],"character_chosen":"IRONCLAD","items_purchased":["ClockworkSouvenir","Bird Faced Urn","Panacea","Mango","Strawberry","Lantern"],"campfire_rested":0,"item_purchase_floors":[25,48,48,54,54,54],"current_hp_per_floor":[74,67,73,73,62,50,50,50,50,48,54,60,60,42,42,73,75,71,66,66,66,72,75,75,75,75,75,75,75,75,75,75,75,75,75,75,75,75,75,75,75,75,75,75,80,49,49,64,64,80,80,80,80,101,101,100],"gold":46,"neow_bonus":"","is_daily":false,"chose_seed":false,"campfire_upgraded":3,"win_rate":0.0,"timestamp":1609914918,"path_taken":["M","?","?","?","?","E","R","E","T","E","M","M","R","E","R","BOSS","M","M","?","?","M","E","M","?","T","E","?","E","?","?","R","BOSS","M","?","?","?","?","E","?","E","T","M","M","E","R","?","R","BOSS","BOSS","R","$","E","BOSS"],"items_purchased_type":["Relic","Relic","Card","Relic","Relic","Relic"],"build_version":"2020-12-22","purchased_purges":3,"victory":true,"max_hp_per_floor":[75,75,75,75,75,75,75,75,75,75,75,75,75,75,75,75,75,75,75,75,75,75,75,75,75,75,75,75,75,75,75,75,75,75,75,75,75,75,75,75,75,75,75,75,80,80,80,80,80,80,80,80,80,101,101,101],"relic_stats":{"Regal Pillow":0,"Gremlin Horn":[13,13],"counters":[32,94],"CeramicFish":27,"Whetstone":["Gash","Gash"],"War Paint":["Crippling Poison","Recycle"],"Smiling Mask":105,"Burning Blood":97,"Dream Catcher":0,"Centennial Puzzle":[12],"Nunchaku":[17],"Pantograph":41,"Bird Faced Urn":[0],"MealTicket":15,"Kunai":[82],"obtain_stats":[{"Regal Pillow":42,"Lantern":54,"Gremlin Horn":38,"CeramicFish":10,"Mango":54,"Incense Burner":36,"Whetstone":46,"Smiling Mask":4,"Burning Blood":0,"ClockworkSouvenir":25,"Dream Catcher":14,"Centennial Puzzle":27,"Nunchaku":40,"Pantograph":6,"Strawberry":54,"MealTicket":41,"Fusion Hammer":17,"Kunai":23,"Potion Belt":26,"The Courier":43,"Omamori":39,"War Paint":9,"White Beast Statue":8,"Akabeko":29,"Anchor":28,"MutagenicStrength":20,"Bird Faced Urn":48,"Coffee Dripper":34,"Bag of Marbles":37,"TungstenRod":55},{"Regal Pillow":25,"Lantern":30,"Gremlin Horn":22,"CeramicFish":5,"Mango":30,"Incense Burner":21,"Whetstone":28,"Smiling Mask":2,"Burning Blood":0,"ClockworkSouvenir":14,"Dream Catcher":8,"Centennial Puzzle":15,"Nunchaku":23,"Pantograph":3,"Strawberry":30,"MealTicket":24,"Fusion Hammer":9,"Kunai":13,"Potion Belt":14,"The Courier":25,"Omamori":22,"War Paint":4,"White Beast Statue":4,"Akabeko":17,"Anchor":16,"MutagenicStrength":11,"Bird Faced Urn":28,"Coffee Dripper":19,"Bag of Marbles":21,"TungstenRod":31},{"Regal Pillow":72,"Lantern":88,"Gremlin Horn":66,"CeramicFish":18,"Mango":88,"Incense Burner":63,"Whetstone":80,"Smiling Mask":5,"Burning Blood":0,"ClockworkSouvenir":46,"Dream Catcher":29,"Centennial Puzzle":48,"Nunchaku":68,"Pantograph":11,"Strawberry":88,"MealTicket":70,"Fusion Hammer":35,"Kunai":44,"Potion Belt":46,"The Courier":72,"Omamori":66,"War Paint":14,"White Beast Statue":14,"Akabeko":52,"Anchor":50,"MutagenicStrength":39,"Bird Faced Urn":80,"Coffee Dripper":58,"Bag of Marbles":63,"TungstenRod":89}],"TungstenRod":7},"card_choices":[{"not_picked":["Reflex","Heavy Blade","Concentrate"],"picked":"SKIP","floor":1},{"not_picked":["Perseverance","Slice","Underhanded Strike"],"picked":"SKIP","floor":3},{"not_picked":["WindmillStrike","EmptyBody","Twin Strike"],"picked":"SKIP","floor":6},{"not_picked":["Steam","Noxious Fumes","Turbo"],"picked":"SKIP","floor":8},{"not_picked":["Inflame","Adaptation","Streamline"],"picked":"SKIP","floor":10},{"not_picked":["Buffer","Consecrate","Skewer"],"picked":"SKIP","floor":11},{"not_picked":["Adaptation","Warcry","Reckless Charge"],"picked":"SKIP","floor":12},{"not_picked":["Stack","Shrug It Off"],"picked":"Escape Plan","floor":14},{"not_picked":["Conserve Battery","Rampage"],"picked":"Backflip","floor":18},{"not_picked":["Hello World","Wireheading","Reinforced Body"],"picked":"SKIP","floor":19},{"not_picked":["ThirdEye","Coolheaded","Swivel"],"picked":"SKIP","floor":22},{"not_picked":["Demon Form","Streamline","Genetic Algorithm"],"picked":"SKIP","floor":23},{"not_picked":["Dagger Spray","Eviscerate","EmptyFist"],"picked":"SKIP","floor":24},{"not_picked":["Tempest","Armaments","Glacier"],"picked":"SKIP","floor":27},{"not_picked":["Evaluate","Rebound","Well Laid Plans"],"picked":"SKIP","floor":28},{"not_picked":["Protect","Chaos","FlyingSleeves"],"picked":"SKIP","floor":29},{"not_picked":["Twin Strike","Clash","Headbutt"],"picked":"SKIP","floor":30},{"not_picked":["Evaluate","Turbo","Ball Lightning+1"],"picked":"SKIP","floor":35},{"not_picked":["FlyingSleeves+1","Feel No Pain+1","Capacitor+1"],"picked":"SKIP","floor":38},{"not_picked":["Conserve Battery","Juggernaut","WheelKick"],"picked":"SKIP","floor":40},{"not_picked":["SandsOfTime","Nirvana","Perseverance"],"picked":"SKIP","floor":41},{"not_picked":["Prostrate","Riddle With Holes+1","Study"],"picked":"SKIP","floor":42},{"not_picked":["Bane","Evaluate+1","Doom and Gloom"],"picked":"SKIP","floor":44},{"not_picked":["Heatsinks+1","Swivel+1","Pommel Strike"],"picked":"SKIP","floor":45},{"not_picked":["Dash","Crescendo","Tactician"],"picked":"SKIP","floor":46},{"not_picked":["Poisoned Stab","Second Wind","Spot Weakness"],"picked":"SKIP","floor":55}],"player_experience":1654380,"relics_obtained":[{"floor":4,"key":"Smiling Mask"},{"floor":6,"key":"Pantograph"},{"floor":8,"key":"White Beast Statue"},{"floor":9,"key":"War Paint"},{"floor":10,"key":"CeramicFish"},{"floor":14,"key":"Dream Catcher"},{"floor":23,"key":"Kunai"},{"floor":26,"key":"Potion Belt"},{"floor":27,"key":"Centennial Puzzle"},{"floor":28,"key":"Anchor"},{"floor":29,"key":"Akabeko"},{"floor":36,"key":"Incense Burner"},{"floor":37,"key":"Bag of Marbles"},{"floor":38,"key":"Gremlin Horn"},{"floor":39,"key":"Omamori"},{"floor":40,"key":"Nunchaku"},{"floor":41,"key":"MealTicket"},{"floor":42,"key":"Regal Pillow"},{"floor":43,"key":"The Courier"},{"floor":46,"key":"Whetstone"},{"floor":55,"key":"TungstenRod"}],"event_choices":[{"damage_healed":0,"gold_gain":50,"player_choice":"Touch","damage_taken":7,"max_hp_gain":0,"max_hp_loss":0,"event_name":"FaceTrader","floor":2,"gold_loss":0},{"damage_healed":0,"gold_gain":75,"player_choice":"Gather Gold","damage_taken":11,"max_hp_gain":0,"max_hp_loss":0,"event_name":"World of Goop","floor":5,"gold_loss":0},{"damage_healed":0,"gold_gain":0,"player_choice":"Inject Mutagens","damage_taken":0,"relics_obtained":["MutagenicStrength"],"max_hp_gain":0,"max_hp_loss":0,"event_name":"Drug Dealer","floor":20,"gold_loss":0},{"cards_removed":["Endless Agony"],"damage_healed":0,"gold_gain":0,"player_choice":"Elegance","damage_taken":0,"max_hp_gain":0,"max_hp_loss":0,"event_name":"Back to Basics","floor":21,"gold_loss":0},{"damage_healed":0,"gold_gain":0,"player_choice":"Fight","damage_taken":0,"max_hp_gain":0,"max_hp_loss":0,"event_name":"MindBloom","floor":36,"gold_loss":0}],"is_beta":false,"boss_relics":[{"not_picked":["Snecko Eye","Ectoplasm"],"picked":"Fusion Hammer"},{"not_picked":["SlaversCollar","Sozu"],"picked":"Coffee Dripper"}],"items_purged_floors":[25,48,54],"is_endless":false,"potions_floor_spawned":[1,3,6,10,11,12,14,16,18,19,22,23,24,27,28,29,30,33,35,36,38,40,41,42,44,45,46,55],"ascension_level":20}}