{"host":"g1wmg2w41xhsnw8g","time":1609896472,"event":{"mods":["2.2 Compatiblity","Act Like it!","BaseMod","Better Altar","Better Match","Better Note","Better Sensory Stone","Better Skull","Better Third Choice","BetterRewards","Booster Modes","CapriCore","Colored Map","Colored Powertips","Curses Come First","Defuse TimeMaze Blight","Displayed Cursed Tome","Evolution","Friendly Minions","GifTheSpireLib","Googly Eyes","Infinite Spire","Minty Spire (QoL Compilation)","Railgun Mod","Red Circlet Mod","Relic Sorter","Robot Space Explorer","Shop Mod","Spicy Shops","Spikes Relics","StSLib","The Sage","Transform Curses","Wandering Minibosses","????"],"gold_per_floor":[110,110,210,226,226,114,142,175,175,203,203,84,98,118,118,243,243,267,267,283,283,1042,1042,1042],"floor_reached":23,"playtime":1200,"items_purged":[],"score":284,"play_id":"d298ce3a-4c31-4700-992c-2a7af134261f","local_time":"20210105202752","daily_mods":["SealedDeck","Specialized","Heirloom","Elite Swarm"],"is_ascension_mode":true,"campfire_choices":[{"data":"TheRailgun:Charge","floor":15,"key":"SMITH"}],"circlet_count":0,"master_deck":["TheRailgun:Crack","TheRailgun:Crack","TheRailgun:Crack","TheRailgun:Crack","TheRailgun:Thunderjolt","TheRailgun:Iron_Dust_Shield","TheRailgun:Static","TheRailgun:Positive_Field","TheRailgun:Pull","TheRailgun:Sister_Noise","TheRailgun:Heroinism","TheRailgun:Oneesama","TheRailgun:Lightningbolt","TheRailgun:Judgement_Officer","TheRailgun:Zap","TheRailgun:Recharge","TheRailgun:Gekota_Phone","TheRailgun:Level_6","Injury","TheRailgun:Battery_Pack","TheRailgun:Charge+1","TheRailgun:Railgun","TheRailgun:Negative_Field"],"relics":["Cracked Core","EVO:Axolotl","Shovel","infinitespire:Cubic Diamond","MerchantsRug","Akabeko","infinitespire:Magic Flask","Golden Idol","Tiny Chest","SacredBark","Nloth\u0027s Gift","wanderingMiniBosses:MasterThiefsPresence"],"acts_visited":["Exordium","TheCity"],"potions_floor_usage":[16,23],"damage_taken":[{"damage":12,"enemies":"2 Louse","floor":1,"turns":3},{"damage":0,"enemies":"Small Slimes","floor":4,"turns":2},{"damage":19,"enemies":"The Mushroom Lair","floor":7,"turns":3},{"damage":21,"enemies":"3 Sentries","floor":8,"turns":5},{"damage":15,"enemies":"Gremlin Nob","floor":10,"turns":4},{"damage":0,"enemies":"Cultist","floor":13,"turns":2},{"damage":0,"enemies":"Large Slime","floor":14,"turns":2},{"damage":10,"enemies":"Hexaghost","floor":16,"turns":7},{"damage":10,"enemies":"Chosen","floor":18,"turns":3},{"damage":30,"enemies":"Shell Parasite","floor":20,"turns":3},{"damage":22,"enemies":"Snecko","floor":22,"turns":7},{"damage":27,"enemies":"Book of Stabbing","floor":23,"turns":3}],"seed_played":"-7990650728470020080","potions_obtained":[{"floor":4,"key":"sagemod:Wine"},{"floor":10,"key":"Weak Potion"},{"floor":14,"key":"Block Potion"},{"floor":22,"key":"BlessingOfTheForge"}],"is_trial":true,"path_per_floor":["M","?","?","M","?","R","?","E","T","E","?","R","M","M","R","B",null,"M","?","M","?","M","E"],"character_chosen":"THE_DEFAULT","items_purchased":["MerchantsRug","Tiny Chest"],"campfire_rested":0,"item_purchase_floors":[6,12],"current_hp_per_floor":[64,64,64,64,64,64,45,24,24,19,19,19,19,19,19,9,86,76,76,46,46,24,0,0],"gold":1042,"neow_bonus":"","is_daily":false,"chose_seed":false,"campfire_upgraded":1,"win_rate":0.0,"timestamp":1609896472,"path_taken":["M","?","?","?","?","R","?","E","T","E","?","R","M","M","R","BOSS","M","?","M","?","M","E"],"items_purchased_type":["Relic","Relic"],"build_version":"2020-12-22","purchased_purges":0,"victory":false,"max_hp_per_floor":[76,76,76,76,76,76,76,76,76,86,86,86,86,86,86,86,86,86,86,86,86,86,86,86],"card_choices":[{"not_picked":["TheRailgun:Sister_Noise","TheRailgun:Iron_Dust_Sword","TheRailgun:Crackle"],"picked":"SKIP","floor":1},{"not_picked":["TheRailgun:Coin_Flip","TheRailgun:Zip"],"picked":"TheRailgun:Recharge","floor":4},{"not_picked":["TheRailgun:Crack","TheRailgun:Hypercharge"],"picked":"TheRailgun:Gekota_Phone","floor":7},{"not_picked":["TheRailgun:Circuitous","TheRailgun:Judgement_Officer","TheRailgun:Overload"],"picked":"SKIP","floor":8},{"not_picked":["TheRailgun:Thunder","TheRailgun:Thundervolt"],"picked":"TheRailgun:Level_6","floor":10},{"not_picked":["TheRailgun:Oneesama","TheRailgun:Mental_Out"],"picked":"TheRailgun:Battery_Pack","floor":13},{"not_picked":["TheRailgun:Electrical_Fire","TheRailgun:Magnetic_Movement"],"picked":"TheRailgun:Charge","floor":14},{"not_picked":["TheRailgun:Judgement_Officer","TheRailgun:Thundervolt"],"picked":"TheRailgun:Railgun","floor":16},{"not_picked":["TheRailgun:Taser","TheRailgun:Iron_Dust_Shield","TheRailgun:Scatter_Railgun"],"picked":"SKIP","floor":18},{"not_picked":["TheRailgun:Crackle+1","TheRailgun:Lightningbolt","TheRailgun:Crack"],"picked":"SKIP","floor":20},{"not_picked":["TheRailgun:Thunderbolt","TheRailgun:Gekotamania"],"picked":"TheRailgun:Negative_Field","floor":22}],"player_experience":1064758,"relics_obtained":[{"floor":7,"key":"Odd Mushroom"},{"floor":8,"key":"Akabeko"},{"floor":9,"key":"infinitespire:Magic Flask"},{"floor":10,"key":"Pear"},{"floor":22,"key":"wanderingMiniBosses:MasterThiefsPresence"}],"event_choices":[{"damage_healed":0,"gold_gain":0,"cards_transformed":["TheRailgun:Crack"],"player_choice":"Change","damage_taken":0,"max_hp_gain":0,"max_hp_loss":0,"event_name":"Living Wall","floor":2,"gold_loss":0,"cards_obtained":["TheRailgun:Zap"]},{"damage_healed":0,"gold_gain":100,"player_choice":"Gold","damage_taken":0,"max_hp_gain":0,"max_hp_loss":0,"event_name":"Wheel of Change","floor":3,"gold_loss":0},{"damage_healed":0,"gold_gain":0,"player_choice":"Fought Mushrooms","damage_taken":0,"max_hp_gain":0,"max_hp_loss":0,"event_name":"Mushrooms","floor":7,"gold_loss":0},{"damage_healed":0,"gold_gain":0,"player_choice":"Take Wound","damage_taken":0,"relics_obtained":["Golden Idol"],"max_hp_gain":0,"max_hp_loss":0,"event_name":"Golden Idol","floor":11,"gold_loss":0,"cards_obtained":["Injury"]},{"cards_removed":["TheRailgun:Oneesama"],"damage_healed":0,"gold_gain":0,"player_choice":"Give","damage_taken":0,"max_hp_gain":0,"max_hp_loss":0,"event_name":"betterNote:BetterNote","floor":19,"gold_loss":0,"cards_obtained":["None"]},{"damage_healed":0,"gold_gain":0,"player_choice":"Traded Relic","damage_taken":0,"relics_obtained":["Nloth\u0027s Gift"],"max_hp_gain":0,"max_hp_loss":0,"event_name":"N\u0027loth","floor":21,"relics_lost":["Odd Mushroom"],"gold_loss":0}],"is_beta":false,"boss_relics":[{"not_picked":["CosmicIsotope","Runic Pyramid"],"picked":"SacredBark"}],"items_purged_floors":[],"is_endless":false,"potions_floor_spawned":[4,10,14,22],"killed_by":"Book of Stabbing","ascension_level":1}}