{"host":"i1h39d0gfh5c6uxl","time":1609905464,"event":{"mods":["AchievementEnabler","BaseMod","Colored Map","Colored Powertips","Highlight Path","Minty Spire (QoL Compilation)"],"gold_per_floor":[18,18,34,34,47,80,80,142,219,219,251,265,278,305,305,379,379,392,442,456,506,524,550,550,569,649,699,699,699],"floor_reached":28,"playtime":883,"items_purged":[],"score":545,"play_id":"cec0193c-5182-44d7-a0c3-12f52c97bc2c","local_time":"20210106115744","is_ascension_mode":true,"campfire_choices":[{"data":"Bash","floor":7,"key":"SMITH"},{"data":"Uppercut","floor":10,"key":"SMITH"},{"data":"True Grit","floor":15,"key":"SMITH"},{"floor":24,"key":"REST"}],"circlet_count":0,"master_deck":["AscendersBane","Bash+1","Bludgeon+1","Cleave","Headbutt","Uppercut+1","True Grit+1","Offering","Brutality","Bloodletting","Clothesline","Feed","Iron Wave","Sentinel","Headbutt","Seeing Red","Feed","Shrug It Off","Battle Trance","Impervious"],"relics":["Burning Blood","SsserpentHead","Mango","Pear","Nunchaku","Vajra","Pandora\u0027s Box","Anchor","InkBottle","Enchiridion"],"acts_visited":["Exordium","TheCity"],"potions_floor_usage":[6,11,14,16,28],"damage_taken":[{"damage":1,"enemies":"Cultist","floor":1,"turns":3},{"damage":0,"enemies":"Small Slimes","floor":3,"turns":2},{"damage":5,"enemies":"2 Louse","floor":5,"turns":2},{"damage":3,"enemies":"Gremlin Nob","floor":6,"turns":3},{"damage":12,"enemies":"Looter","floor":8,"turns":3},{"damage":10,"enemies":"3 Sentries","floor":11,"turns":4},{"damage":12,"enemies":"Large Slime","floor":12,"turns":5},{"damage":13,"enemies":"Blue Slaver","floor":13,"turns":2},{"damage":8,"enemies":"Gremlin Nob","floor":14,"turns":3},{"damage":26,"enemies":"The Guardian","floor":16,"turns":10},{"damage":18,"enemies":"2 Thieves","floor":18,"turns":3},{"damage":13,"enemies":"3 Byrds","floor":20,"turns":4},{"damage":14,"enemies":"Snake Plant","floor":22,"turns":2},{"damage":23,"enemies":"Slavers","floor":23,"turns":4},{"damage":21,"enemies":"Chosen and Byrds","floor":25,"turns":4},{"damage":37,"enemies":"Gremlin Leader","floor":28,"turns":5}],"seed_played":"5430678091438010963","potions_obtained":[{"floor":5,"key":"PowerPotion"},{"floor":6,"key":"BlessingOfTheForge"},{"floor":8,"key":"PowerPotion"},{"floor":14,"key":"HeartOfIron"},{"floor":18,"key":"SpeedPotion"},{"floor":25,"key":"DistilledChaos"}],"is_trial":false,"path_per_floor":["M","?","M","?","M","E","R","M","T","R","E","M","M","E","R","B",null,"M","?","M","?","M","E","R","M","T","?","E"],"character_chosen":"IRONCLAD","items_purchased":[],"campfire_rested":1,"item_purchase_floors":[],"current_hp_per_floor":[73,73,75,75,75,89,89,83,93,93,89,83,76,74,74,54,88,76,76,72,72,64,50,81,66,66,45,8,8],"gold":699,"neow_bonus":"THREE_RARE_CARDS","is_daily":false,"chose_seed":false,"campfire_upgraded":3,"win_rate":0.0,"timestamp":1609905464,"path_taken":["M","?","M","?","M","E","R","?","T","R","E","M","M","E","R","BOSS","M","?","M","?","M","E","R","M","T","?","E"],"items_purchased_type":[],"build_version":"2020-12-22","purchased_purges":0,"victory":false,"max_hp_per_floor":[75,75,75,75,75,89,89,89,99,99,99,99,99,99,99,99,99,99,99,102,102,102,105,105,105,105,105,105,105],"card_choices":[{"not_picked":["Reaper","Juggernaut"],"picked":"Bludgeon","floor":0},{"not_picked":["Anger","Shrug It Off"],"picked":"Cleave","floor":1},{"not_picked":["Bloodletting","True Grit"],"picked":"Headbutt","floor":3},{"not_picked":["Sever Soul","Evolve","Heavy Blade"],"picked":"SKIP","floor":5},{"not_picked":["Heavy Blade","Dual Wield","Spot Weakness"],"picked":"SKIP","floor":6},{"not_picked":["Pommel Strike","Body Slam"],"picked":"Uppercut","floor":8},{"not_picked":["Sword Boomerang","Body Slam","Combust"],"picked":"SKIP","floor":11},{"not_picked":["Corruption","Uppercut","Perfected Strike"],"picked":"SKIP","floor":12},{"not_picked":["Hemokinesis","Heavy Blade"],"picked":"True Grit","floor":13},{"not_picked":["Evolve","Body Slam","Bludgeon"],"picked":"SKIP","floor":14},{"not_picked":["Juggernaut","Bludgeon"],"picked":"Offering","floor":16},{"not_picked":["Burning Pact","Warcry","Havoc"],"picked":"SKIP","floor":18},{"not_picked":["Anger","Sword Boomerang"],"picked":"Shrug It Off","floor":20},{"not_picked":["Iron Wave","Anger"],"picked":"Battle Trance","floor":22},{"not_picked":["Reckless Charge","Dual Wield","Spot Weakness"],"picked":"SKIP","floor":23},{"not_picked":["Flex","Wild Strike"],"picked":"Impervious","floor":25}],"player_experience":1315620,"relics_obtained":[{"floor":6,"key":"Mango"},{"floor":9,"key":"Pear"},{"floor":11,"key":"Nunchaku"},{"floor":14,"key":"Vajra"},{"floor":23,"key":"Anchor"},{"floor":26,"key":"InkBottle"},{"floor":27,"key":"Enchiridion"}],"event_choices":[{"damage_healed":0,"gold_gain":0,"player_choice":"Grow","damage_taken":0,"max_hp_gain":0,"max_hp_loss":0,"event_name":"Living Wall","floor":2,"gold_loss":0,"cards_upgraded":["Bludgeon"]},{"damage_healed":0,"gold_gain":0,"player_choice":"Trade","damage_taken":0,"relics_obtained":["SsserpentHead"],"max_hp_gain":0,"max_hp_loss":0,"event_name":"FaceTrader","floor":4,"gold_loss":0},{"damage_healed":0,"gold_gain":0,"player_choice":"Ignored","damage_taken":0,"max_hp_gain":0,"max_hp_loss":0,"event_name":"Vampires","floor":19,"gold_loss":0},{"damage_healed":0,"gold_gain":0,"player_choice":"Ignored","damage_taken":0,"max_hp_gain":0,"max_hp_loss":0,"event_name":"The Mausoleum","floor":21,"gold_loss":0},{"damage_healed":0,"gold_gain":0,"player_choice":"Obtained Book","damage_taken":21,"max_hp_gain":0,"max_hp_loss":0,"event_name":"Cursed Tome","floor":27,"gold_loss":0}],"is_beta":false,"boss_relics":[{"not_picked":["Ectoplasm","Empty Cage"],"picked":"Pandora\u0027s Box"}],"items_purged_floors":[],"is_endless":false,"potions_floor_spawned":[5,6,8,14,18,25],"killed_by":"Gremlin Leader","ascension_level":20}}