{"host":"h4lp0eeso8a0ssq0","time":1609924816,"event":{"mods":["2.2 Compatiblity","AchievementEnabler","BaseMod","CapriCore","Colored Map","Minty Spire (QoL Compilation)","StSLib","SuperFastMode","The Dragon Tamer"],"gold_per_floor":[114,114,125,136,155,184,184,184,207,207,222,222,222,241,241,345,345,360,285,300,81,81,81,81,81],"floor_reached":23,"playtime":1029,"items_purged":[],"score":241,"play_id":"045900fb-fe7f-4d6c-8852-b354dfda11bd","local_time":"20210106182016","is_ascension_mode":false,"metric_token":607,"campfire_choices":[{"data":"DTMod:GearUp","floor":7,"key":"SMITH"},{"data":"DTMod:Dissolve","floor":10,"key":"SMITH"},{"data":"DTMod:CleansingStrike","floor":12,"key":"SMITH"},{"data":"DTMod:Shift","floor":15,"key":"SMITH"}],"dtmod_dragon_data":[0,50,2,-1,4,0],"circlet_count":0,"master_deck":["DTMod:Strike","DTMod:Strike+1","DTMod:DoubleHit","DTMod:TargetDefense","DTMod:TargetDefense+1","DTMod:TargetDefense","DTMod:TargetDefense","DTMod:SwitchingTactic","DTMod:CleansingStrike+1","DTMod:Overwhelm","DTMod:TagTeam","DTMod:GearUp+1","DTMod:Dissolve+1","DTMod:LastStand","DTMod:Shift+1","DTMod:ShadowImage","DTMod:MasterPlan+1","DTMod:Overwhelm","DTMod:Inferno+1"],"relics":["DTMod:MagicStone","Boot","Oddly Smooth Stone","Membership Card"],"acts_visited":["Exordium","TheCity"],"potions_floor_usage":[18],"damage_taken":[{"damage":0.0,"enemies":"Cultist","floor":1.0,"turns":3.0},{"damage":0.0,"enemies":"2 Louse","floor":3.0,"turns":2.0},{"damage":0.0,"enemies":"Small Slimes","floor":4.0,"turns":3.0},{"damage":0.0,"enemies":"2 Fungi Beasts","floor":5.0,"turns":4.0},{"damage":13,"enemies":"Lagavulin","floor":6,"turns":9},{"damage":0,"enemies":"Looter","floor":11,"turns":4},{"damage":0,"enemies":"Lots of Slimes","floor":14,"turns":5},{"damage":0,"enemies":"The Guardian","floor":16,"turns":17},{"damage":0,"enemies":"3 Byrds","floor":18,"turns":10},{"damage":0,"enemies":"Chosen","floor":20,"turns":8},{"damage":1,"enemies":"Gremlin Leader","floor":23,"turns":6}],"seed_played":"5936538997252581426","potions_obtained":[{"floor":2.0,"key":"ColorlessPotion"},{"floor":2.0,"key":"DuplicationPotion"},{"floor":2.0,"key":"SneckoOil"},{"floor":4.0,"key":"Energy Potion"},{"floor":11,"key":"FairyPotion"}],"is_trial":false,"path_per_floor":["M","?","M","M","M","E","R","?","T","R","M","R","?","M","R","B",null,"M","?","M","$","?","E"],"character_chosen":"THE_DT","items_purchased":["Membership Card","DTMod:Inferno"],"campfire_rested":0,"item_purchase_floors":[21,21],"current_hp_per_floor":[45,45,45,45,45,32,32,23,23,23,23,23,23,23,23,23,45,45,45,45,45,45,44,44,44],"gold":81,"neow_bonus":"REMOVE_CARD","is_daily":false,"chose_seed":false,"campfire_upgraded":4,"win_rate":0.0,"timestamp":1609924816,"path_taken":["M","?","?","?","M","E","R","?","T","R","M","R","?","M","R","BOSS","M","?","M","$","?","E"],"items_purchased_type":["Relic","Card"],"build_version":"2020-12-22","purchased_purges":0,"victory":false,"max_hp_per_floor":[45,45,45,45,45,45,45,45,45,45,45,45,45,45,45,45,45,45,45,45,45,45,45,45,45],"card_choices":[{"not_picked":["DTMod:BreakAttack","DTMod:FlameSlash"],"picked":"DTMod:CleansingStrike","floor":1.0},{"not_picked":["DTMod:QuickFly","DTMod:Feint"],"picked":"DTMod:Overwhelm","floor":3.0},{"not_picked":["DTMod:Adaptation","DTMod:ComboAttack"],"picked":"DTMod:TagTeam","floor":4.0},{"not_picked":["DTMod:DarkBreath","DTMod:TagTeam"],"picked":"DTMod:GearUp","floor":5.0},{"not_picked":["DTMod:Hide","DTMod:TagTeam"],"picked":"DTMod:Dissolve","floor":6},{"not_picked":["DTMod:MagicField","DTMod:MasterPlan"],"picked":"DTMod:LastStand","floor":11},{"not_picked":["DTMod:LastStand","DTMod:BreakAttack"],"picked":"DTMod:Shift","floor":14},{"not_picked":["DTMod:Outburst","DTMod:FierySynthesis"],"picked":"DTMod:ShadowImage","floor":16},{"not_picked":["DTMod:Observe","DTMod:BuildUp"],"picked":"DTMod:MasterPlan+1","floor":18},{"not_picked":["DTMod:BurningEnergy","DTMod:BreakAttack"],"picked":"DTMod:Overwhelm","floor":20}],"player_experience":82769,"relics_obtained":[{"floor":6,"key":"Boot"},{"floor":9,"key":"Oddly Smooth Stone"}],"event_choices":[{"damage_healed":0.0,"max_hp_gain":0.0,"max_hp_loss":0.0,"gold_gain":0.0,"event_name":"Lab","player_choice":"Got Potions","floor":2.0,"gold_loss":0.0,"damage_taken":0.0},{"damage_healed":0,"gold_gain":0,"player_choice":"Entered Light","damage_taken":9,"max_hp_gain":0,"max_hp_loss":0,"event_name":"Shining Light","floor":8,"gold_loss":0,"cards_upgraded":["DTMod:Strike","DTMod:TargetDefense"]},{"damage_healed":0,"gold_gain":0,"player_choice":"Ignored","damage_taken":0,"max_hp_gain":0,"max_hp_loss":0,"event_name":"Liars Game","floor":13,"gold_loss":0},{"cards_removed":["DTMod:Strike"],"damage_healed":0,"gold_gain":0,"player_choice":"Gave Gold","damage_taken":0,"max_hp_gain":0,"max_hp_loss":0,"event_name":"Beggar","floor":19,"gold_loss":75},{"damage_healed":0,"gold_gain":0,"player_choice":"Forge","damage_taken":0,"max_hp_gain":0,"max_hp_loss":0,"event_name":"Accursed Blacksmith","floor":22,"gold_loss":0,"cards_upgraded":["DTMod:Inferno"]}],"is_beta":false,"boss_relics":[{"not_picked":["Fusion Hammer","Tiny House"],"picked":"DTMod:MagicStone"}],"items_purged_floors":[],"is_endless":false,"potions_floor_spawned":[4,5,6,11,14],"killed_by":"Gremlin Leader","ascension_level":0}}