{"host":"bxdue9bkfm2khp2x","time":1609950959,"event":{"mods":["ATMod(阿瑾Mod)","Arknights The Spire","Aspiration","BaseMod","Better Vampires","Challenge The Spire","Colored Powertips","Conspire","Decade(王小明)","Dota2Spire","Highlight Path","Marisa（F雨　魔理沙）","Minty Spire (QoL Compilation)","MostiFishMod","Remilia（蕾米莉亚）","Replay The Spire","RumiaBox-露米娅的神秘盒子","Spicy Shops","StSLib","Td1madao Mod","The Alterego","The Cursed","The Servant 0.9.4","WarShipGirlsR/战舰少女R mod","Youmu（魂魄妖梦）","noobMod","vexMod","【功能Mod】混沌之环修复补丁","【遗物卡牌】REMEMod","篝火指南"],"gold_per_floor":[109,122,134,134,134,134,164,164,164,175,175,187,218,218,218,295,295,315,331,343,343,121,151,151,180,180,180,216,232,4,16,16,93,93,104,104,154,154,154,180,255,255,282,316,316,351,351,321,321,333,359],"floor_reached":52,"playtime":4519,"items_purged":["Defend_RM","Strike_RM","Strike_RM","Defend_RM"],"score":1912,"play_id":"1e354293-f209-4c12-bc48-05030118cf50","local_time":"20210107003559","is_ascension_mode":true,"campfire_choices":[{"data":"ScarletImprint","floor":6.0,"key":"SMITH"},{"data":"ScarletImprint","floor":8.0,"key":"SMITH"},{"data":"BatForm","floor":11.0,"key":"SMITH"},{"data":"EternalNight","floor":15.0,"key":"SMITH"},{"data":"CurseOfVladTepes","floor":24.0,"key":"SMITH"},{"data":"Footwork","floor":27.0,"key":"SMITH"},{"data":"ScarletShoot","floor":32.0,"key":"SMITH"},{"data":"AT_Desolate","floor":42,"key":"SMITH"},{"data":"VampireKiss","floor":45,"key":"SMITH"},{"data":"FitfulNightmare","floor":47,"key":"SMITH"},{"data":"QueenOfMidnight","floor":49,"key":"SMITH"}],"circlet_count":0,"master_deck":["AscendersBane","Strike_RM","Defend_RM","Defend_RM","RedMoon","ScarletShoot+1","Footwork+1","AT_Desolate+1","ScarletImprint+1","ScarletImprint+1","BatForm+1","EternalNight+1","CurseOfVladTepes+1","BlasphemousPunishment+1","RedNightlessCastle+1","SuperhumanBloodyKnife+1","EquivalentExchange","VampireKiss+1","FitfulNightmare+1","BloodyMagicSquare","QueenOfMidnight+1"],"relics":["ScarletHat","DaveBox","REME_ComplimentaryCards","ice","AT_ATBox","Membership Card","NeowsBlessing","SynthV:TestCard","Dota2Spire:EyeOfSkadi","Sundial","Dota2Spire:RefresherOrb","RedBat","vexMod:FocusSash","vexMod:MemoryStick","White Beast Statue","Dota2Spire:BlackKingBar","Omamori","Dota2Spire:ShadowBlade","CatCart","AT_RedTearstoneRing","Replay:Bandana"],"acts_visited":["Exordium","TheCity","TheBeyond"],"potions_floor_usage":[50,51],"damage_taken":[{"damage":0.0,"enemies":"Small Slimes","floor":1.0,"turns":1.0},{"damage":0.0,"enemies":"Cultist","floor":2.0,"turns":1.0},{"damage":0.0,"enemies":"2 Louse","floor":3.0,"turns":1.0},{"damage":16.0,"enemies":"3 Sentries","floor":7.0,"turns":16.0},{"damage":0.0,"enemies":"Blue Slaver","floor":10.0,"turns":3.0},{"damage":0.0,"enemies":"Exordium Thugs","floor":12.0,"turns":4.0},{"damage":10.0,"enemies":"Gremlin Nob","floor":13.0,"turns":4.0},{"damage":21.0,"enemies":"Hexaghost","floor":16.0,"turns":13.0},{"damage":22.0,"enemies":"conspire:FuzzyDice","floor":18.0,"turns":8.0},{"damage":10.0,"enemies":"2 Thieves","floor":19.0,"turns":4.0},{"damage":8.0,"enemies":"conspire:HollyBat","floor":20.0,"turns":6.0},{"damage":10.0,"enemies":"REME_1_Revenger","floor":23.0,"turns":3.0},{"damage":12.0,"enemies":"Replay:Snechameleon","floor":25.0,"turns":7.0},{"damage":5.0,"enemies":"Centurion and Healer","floor":29.0,"turns":3.0},{"damage":10.0,"enemies":"Snake Plant","floor":31.0,"turns":2.0},{"damage":15.0,"enemies":"Champ","floor":33.0,"turns":4.0},{"damage":12.0,"enemies":"3 Shapes","floor":35.0,"turns":5.0},{"damage":18.0,"enemies":"3 Darklings","floor":37.0,"turns":3.0},{"damage":11.0,"enemies":"Nemesis","floor":40.0,"turns":3.0},{"damage":6.0,"enemies":"Orin","floor":41.0,"turns":6.0},{"damage":10,"enemies":"Giant Head","floor":44,"turns":4},{"damage":18,"enemies":"Sphere and 2 Shapes","floor":46,"turns":3},{"damage":63,"enemies":"conspire:OrnateMirror","floor":50,"turns":5},{"damage":28,"enemies":"Donu and Deca","floor":51,"turns":4}],"seed_played":"-5121640054941971028","potions_obtained":[{"floor":1.0,"key":"Dexterity Potion"},{"floor":2.0,"key":"Block Potion"},{"floor":3.0,"key":"Adrenaline Potion"},{"floor":12.0,"key":"SpeedPotion"},{"floor":13.0,"key":"BlessingOfTheForge"},{"floor":18.0,"key":"Strength Potion"},{"floor":19.0,"key":"Swift Potion"},{"floor":29.0,"key":"LifebloodPotion"},{"floor":31.0,"key":"Energy Potion"},{"floor":33.0,"key":"REME_GoldPotion"},{"floor":37.0,"key":"REME_GoldPotion"},{"floor":41,"key":"Energy Potion"}],"is_trial":false,"path_per_floor":["M","M","M","?","?","R","E","R","T","M","R","M","E","?","R","B",null,"M","M","M","?","$","E","R","E","T","R","?","M","$","M","R","B",null,"M","?","M","?","?","E","?","R","T","E","R","M","R","?","R","B","B",null],"character_chosen":"REMILIA","items_purchased":["RedBat","Omamori","Fruit Juice"],"campfire_rested":0,"item_purchase_floors":[22,30,30],"current_hp_per_floor":[63,63,63,63,63,63,54,54,54,54,54,54,45,41,41,30,64,42,32,30,85,85,75,75,63,63,63,29,26,31,22,22,44,79,69,64,46,46,46,42,42,42,42,85,85,69,69,69,69,60,64],"gold":359,"neow_bonus":"THREE_ENEMY_KILL","is_daily":false,"chose_seed":false,"campfire_upgraded":11,"win_rate":0.0,"timestamp":1609950959,"path_taken":["M","M","M","?","?","R","E","R","T","M","R","?","E","?","R","BOSS","M","M","?","?","$","E","R","E","T","R","?","?","$","M","R","BOSS","M","?","M","?","?","E","?","R","T","E","R","M","R","?","R","BOSS","BOSS"],"items_purchased_type":["Relic","Relic","Potion"],"build_version":"2020-12-22","purchased_purges":4,"victory":true,"max_hp_per_floor":[70,70,70,70,70,70,75,75,75,75,75,75,75,75,75,75,75,75,75,75,85,85,85,85,85,85,85,85,85,90,90,90,90,90,90,90,90,90,85,85,85,85,85,85,85,85,85,85,85,85,85],"card_choices":[{"not_picked":["BloodHunter","ReincarnationDial"],"picked":"ScarletImprint","floor":1.0},{"not_picked":["BlasphemousPunishment","BadLadyScramble","DiffusionOfMisfortune","HunterOfTheNight","UnstableMagic"],"picked":"SKIP","floor":2.0},{"not_picked":["Septette","DiffusionOfMisfortune","Stigmanizer","UnderTheZenith","ScarletDevilSign"],"picked":"SKIP","floor":3.0},{"not_picked":["Stigmanizer","GlobalNightmare","FavorOfDestiny","ChainGang"],"picked":"ScarletImprint","floor":7.0},{"not_picked":["StarOfDavid","ScarletImprint","EndlessAdversity","RedRainbow"],"picked":"BatForm","floor":10.0},{"not_picked":["ScarletGensokyo","EndlessAdversity","UltimateOffering","UnderTheZenith"],"picked":"EternalNight","floor":12.0},{"not_picked":["ScarletDream","UnstableMagic","SuperhumanBloodyKnife","CharismaGuard"],"picked":"CurseOfVladTepes","floor":13.0},{"not_picked":["VampireFantasy","StarOfDavid","UnderTheZenith","BloodyTrap"],"picked":"BlasphemousPunishment+1","floor":18.0},{"not_picked":["BloodHunter","StarOfDavid","FavorOfDestiny","RedRainbow","ScarletGensokyo"],"picked":"SKIP","floor":19.0},{"not_picked":["CharismaGuard","UnderTheZenith","BloodAndWine","BloodHunter","MastersStateliness"],"picked":"SKIP","floor":20.0},{"not_picked":["Stigmanizer","Ultimatum","BombardNight","BloodRain"],"picked":"VampireFantasy","floor":23.0},{"not_picked":["StarOfDavid","UnderTheZenith+1","BlasphemousPunishment","BombardNight","ScarletGensokyo"],"picked":"SKIP","floor":25.0},{"not_picked":["ScarletDevil","MastersStateliness","EndlessAdversity","DemonKingCradle"],"picked":"RedNightlessCastle+1","floor":28.0},{"not_picked":["EndlessAdversity","UltimateOffering","MastersStateliness","ChainGang"],"picked":"SuperhumanBloodyKnife+1","floor":29.0},{"not_picked":["TwelveNightmare","FavorOfDestiny","UltimateOffering","MastersStateliness","DevilSight"],"picked":"SKIP","floor":31.0},{"not_picked":["BloodySeventeenLaser","ChaoticDestiny","BloodyHallows","QueenOfMidnight"],"picked":"EquivalentExchange","floor":33.0},{"not_picked":["RedRainbow","ScarletSymphony","CharismaGuard+1","ScarletImprint","Ultimatum"],"picked":"SKIP","floor":35.0},{"not_picked":["BlasphemousPunishment","UnstableMagic","AfternoonTea","RedMagic","HunterOfTheNight"],"picked":"SKIP","floor":37.0},{"not_picked":["RedMagic+1","FavorOfDestiny+1","HellCatastrophe","ScarletImprint+1","AfternoonTea+1"],"picked":"SKIP","floor":40.0},{"not_picked":["EndlessAdversity","RedRainbow","LeisurelyOfLord+1","EmergencyRegeneration"],"picked":"VampireKiss","floor":41},{"not_picked":["ScarletNetherworld","ScarletDevilSign+1","BlasphemousPunishment","VampireKiss","SuperhumanBloodyKnife"],"picked":"SKIP","floor":44},{"not_picked":["FavorOfDestiny","Stigmanizer","ScarletDevil","CharismaGuard"],"picked":"FitfulNightmare","floor":46},{"not_picked":[],"picked":"BloodyMagicSquare","floor":48},{"not_picked":[],"picked":"QueenOfMidnight","floor":48}],"player_experience":1464547,"relics_obtained":[{"floor":1.0,"key":"SynthV:TestCard"},{"floor":7.0,"key":"Dota2Spire:EyeOfSkadi"},{"floor":9.0,"key":"Sundial"},{"floor":23.0,"key":"vexMod:FocusSash"},{"floor":25.0,"key":"vexMod:MemoryStick"},{"floor":26.0,"key":"White Beast Statue"},{"floor":28.0,"key":"Dota2Spire:BlackKingBar"},{"floor":40.0,"key":"Dota2Spire:ShadowBlade"},{"floor":41,"key":"CatCart"},{"floor":43,"key":"AT_RedTearstoneRing"},{"floor":44,"key":"Replay:Bandana"}],"event_choices":[{"damage_healed":0.0,"max_hp_gain":0.0,"max_hp_loss":0.0,"gold_gain":0.0,"event_name":"Lab","player_choice":"Got Potions","floor":5.0,"gold_loss":0.0,"damage_taken":0.0},{"damage_healed":0.0,"max_hp_gain":0.0,"max_hp_loss":0.0,"gold_gain":0.0,"event_name":"The Woman in Blue","player_choice":"Bought 0 Potions","floor":14.0,"gold_loss":0.0,"damage_taken":0.0},{"damage_healed":0.0,"max_hp_gain":0.0,"max_hp_loss":0.0,"gold_gain":0.0,"event_name":"conspire:Investor","player_choice":"Leave","floor":36.0,"gold_loss":0.0,"damage_taken":0.0},{"cards_removed":["VampireFantasy"],"damage_healed":0.0,"max_hp_gain":0.0,"max_hp_loss":0.0,"gold_gain":0.0,"event_name":"Falling","player_choice":"Removed Skill","floor":38.0,"gold_loss":0.0,"damage_taken":0.0},{"damage_healed":0.0,"max_hp_gain":0.0,"max_hp_loss":5.0,"gold_gain":0.0,"event_name":"Winding Halls","player_choice":"Max HP","floor":39.0,"gold_loss":0.0,"damage_taken":0.0},{"damage_healed":0.0,"max_hp_gain":0.0,"max_hp_loss":0.0,"gold_gain":0.0,"event_name":"OrinTheCat","player_choice":"Fight","floor":41.0,"gold_loss":0.0,"damage_taken":0.0}],"is_beta":false,"boss_relics":[{"not_picked":["SoulBox","vexMod:EndlessSickness"],"picked":"Dota2Spire:RefresherOrb"},{"not_picked":["GuanYuAspect","ChewingGum","Runic Dome"]}],"items_purged_floors":[22,22,30,30],"is_endless":false,"potions_floor_spawned":[1,2,3,12,13,18,19,20,29,31,33,35,37,40,41,44,46],"ascension_level":20}}