{"host":"aibqmozag2xz7y1n","time":1609942504,"event":{"mods":["AchievementEnabler","BaseMod","Colored Map","Colored Powertips","Marisa????????","Minty Spire (QoL Compilation)","Rare Cards Sparkle","StSLib","The Servant 0.9.4"],"gold_per_floor":[17,17,28,38,56,56,89,103,103,103,122,122,122,135,135,237,237,248,248,266,266,95,95,95],"floor_reached":23,"playtime":1488,"items_purged":[],"score":193,"play_id":"d38d5b01-4c95-4dc5-abfd-3a5d290bbc0e","local_time":"20210106151504","is_ascension_mode":false,"campfire_choices":[{"data":"Apotheosis","floor":6,"key":"SMITH"},{"data":"WindmillStrike","floor":10,"key":"SMITH"},{"data":"Crescendo","floor":12,"key":"SMITH"},{"floor":15,"key":"REST"}],"circlet_count":0,"master_deck":["Strike_P","Strike_P","Strike_P","Strike_P","Defend_P","Defend_P","Defend_P","Defend_P","Eruption","Vigilance","Apotheosis+1","Crescendo+1","Tantrum","FlurryOfBlows","WindmillStrike+1","DeusExMachina","Consecrate","MentalFortress","Devotion","DeceiveReality+1","ClearTheMind","ThirdEye","FlurryOfBlows"],"relics":["HolyWater","Turnip","Mercury Hourglass","WingedGreaves","Juzu Bracelet"],"acts_visited":["Exordium","TheCity"],"potions_floor_usage":[7,7,18],"damage_taken":[{"damage":0,"enemies":"Cultist","floor":1,"turns":5},{"damage":11,"enemies":"Jaw Worm","floor":3,"turns":4},{"damage":0,"enemies":"Small Slimes","floor":4,"turns":5},{"damage":9,"enemies":"3 Louse","floor":5,"turns":3},{"damage":6,"enemies":"Gremlin Nob","floor":7,"turns":3},{"damage":4,"enemies":"Exordium Thugs","floor":8,"turns":3},{"damage":0,"enemies":"2 Fungi Beasts","floor":11,"turns":3},{"damage":1,"enemies":"Lots of Slimes","floor":14,"turns":2},{"damage":59,"enemies":"Hexaghost","floor":16,"turns":5},{"damage":21,"enemies":"2 Thieves","floor":18,"turns":4},{"damage":10,"enemies":"Chosen","floor":20,"turns":5},{"damage":67,"enemies":"Book of Stabbing","floor":23,"turns":5}],"seed_played":"-2812653750026526425","potions_obtained":[{"floor":1,"key":"Regen Potion"},{"floor":5,"key":"AttackPotion"},{"floor":11,"key":"SpeedPotion"},{"floor":16,"key":"Fire Potion"},{"floor":20,"key":"FairyPotion"}],"is_trial":false,"path_per_floor":["M","$","M","M","M","R","E","M","T","R","M","R","?","M","R","B",null,"M","?","M","?","$","E"],"character_chosen":"WATCHER","items_purchased":["Juzu Bracelet","FlurryOfBlows"],"campfire_rested":1,"item_purchase_floors":[22,22],"current_hp_per_floor":[72,72,61,61,52,52,51,47,47,47,47,47,47,46,67,8,72,51,51,41,41,41,0,0],"gold":95,"neow_bonus":"RANDOM_COLORLESS_2","is_daily":false,"chose_seed":false,"campfire_upgraded":3,"win_rate":0.0,"timestamp":1609942504,"path_taken":["M","?","M","M","M","R","E","M","T","R","M","R","?","?","R","BOSS","M","?","M","?","$","E"],"items_purchased_type":["Relic","Card"],"build_version":"2020-12-22","purchased_purges":0,"victory":false,"max_hp_per_floor":[72,72,72,72,72,72,72,72,72,72,72,72,72,72,72,72,72,72,72,72,72,72,72,72],"card_choices":[{"not_picked":["Master of Strategy","Secret Technique"],"picked":"Apotheosis","floor":0},{"not_picked":["SashWhip","EmptyFist"],"picked":"Crescendo","floor":1},{"not_picked":["EmptyBody","JustLucky"],"picked":"WaveOfTheHand","floor":3},{"not_picked":["FlurryOfBlows","Nirvana"],"picked":"Tantrum","floor":4},{"not_picked":["Evaluate","ForeignInfluence"],"picked":"FlurryOfBlows","floor":5},{"not_picked":["Meditate","Crescendo"],"picked":"WindmillStrike","floor":7},{"not_picked":["EmptyFist","SashWhip"],"picked":"DeusExMachina","floor":8},{"not_picked":["Meditate","WaveOfTheHand"],"picked":"Consecrate","floor":11},{"not_picked":["Study","JustLucky"],"picked":"MentalFortress","floor":14},{"not_picked":["Omniscience","SpiritShield"],"picked":"Devotion","floor":16},{"not_picked":["CrushJoints","Sanctity"],"picked":"DeceiveReality+1","floor":18},{"not_picked":["FlyingSleeves+1","Nirvana+1"],"picked":"ThirdEye","floor":20}],"player_experience":214557,"relics_obtained":[{"floor":7,"key":"Turnip"},{"floor":9,"key":"Mercury Hourglass"}],"event_choices":[{"damage_healed":0,"gold_gain":0,"player_choice":"Gave Potion","damage_taken":0,"relics_obtained":["WingedGreaves"],"max_hp_gain":0,"max_hp_loss":0,"event_name":"WeMeetAgain","floor":13,"gold_loss":0},{"damage_healed":0,"gold_gain":0,"player_choice":"Read","damage_taken":0,"max_hp_gain":0,"max_hp_loss":0,"event_name":"The Library","floor":19,"gold_loss":0,"cards_obtained":["ClearTheMind"]},{"cards_removed":["WaveOfTheHand"],"damage_healed":0,"gold_gain":0,"player_choice":"Purged","damage_taken":0,"max_hp_gain":0,"max_hp_loss":0,"event_name":"Purifier","floor":21,"gold_loss":0}],"is_beta":false,"boss_relics":[{"not_picked":["Empty Cage","VioletLotus"],"picked":"HolyWater"}],"items_purged_floors":[],"is_endless":false,"potions_floor_spawned":[1,5,11,16,20],"killed_by":"Book of Stabbing","ascension_level":0}}