{"host":"uv231blk40vjdojr","time":1609953856,"event":{"mods":["BaseMod","Minty Spire (QoL Compilation)","Relic Stats"],"gold_per_floor":[112,125,67,217,68,68,101,115,139,174,189,189,189,201,201,273,273,292,24,41,41,52,52,52],"floor_reached":23,"playtime":897,"items_purged":["Doubt","Reflex+1"],"score":407,"play_id":"a8aeb5a3-52d8-4817-80b8-504d2d7b68c1","local_time":"20210106182416","is_ascension_mode":true,"campfire_choices":[{"data":"Bouncing Flask","floor":6.0,"key":"SMITH"},{"data":"Poisoned Stab","floor":12.0,"key":"SMITH"},{"data":"Malaise","floor":15.0,"key":"SMITH"}],"circlet_count":0,"master_deck":["AscendersBane","Strike_G+1","Strike_G+1","Strike_G+1","Defend_G","Defend_G","Defend_G","Defend_G","Survivor","Neutralize","Bane","Poisoned Stab+1","Dagger Spray","Bouncing Flask+1","Malaise+1","Backflip+1","Caltrops","Bullet Time","Venomology+1","All Out Attack+1","Footwork"],"relics":["Ring of the Snake","NeowsBlessing","Happy Flower","Whetstone","Mango","Astrolabe","PreservedInsect"],"acts_visited":["Exordium","TheCity"],"potions_floor_usage":[23],"damage_taken":[{"damage":0.0,"enemies":"2 Louse","floor":1.0,"turns":1.0},{"damage":0.0,"enemies":"Small Slimes","floor":2.0,"turns":1.0},{"damage":0.0,"enemies":"3 Sentries","floor":7.0,"turns":1.0},{"damage":1.0,"enemies":"Jaw Worm","floor":8.0,"turns":2.0},{"damage":11.0,"enemies":"Gremlin Nob","floor":10.0,"turns":3.0},{"damage":0.0,"enemies":"Looter","floor":11.0,"turns":2.0},{"damage":3.0,"enemies":"Exordium Thugs","floor":14.0,"turns":3.0},{"damage":6.0,"enemies":"Hexaghost","floor":16.0,"turns":7.0},{"damage":9.0,"enemies":"Spheric Guardian","floor":18.0,"turns":4.0},{"damage":4.0,"enemies":"3 Byrds","floor":20.0,"turns":4.0},{"damage":18.0,"enemies":"Centurion and Healer","floor":22.0,"turns":5.0},{"damage":36,"enemies":"Gremlin Leader","floor":23,"turns":4}],"seed_played":"-4108517483277935106","potions_obtained":[{"floor":1.0,"key":"EntropicBrew"},{"floor":2.0,"key":"EntropicBrew"},{"floor":14.0,"key":"ColorlessPotion"}],"is_trial":false,"path_per_floor":["M","M","$","?","$","R","E","M","T","E","M","R","?","M","R","B",null,"M","$","M","?","M","E"],"character_chosen":"THE_SILENT","items_purchased":["Dagger Spray","Bouncing Flask","PreservedInsect"],"campfire_rested":0,"item_purchase_floors":[3,5,19],"current_hp_per_floor":[59,59,59,59,59,59,59,58,58,61,61,61,37,34,34,28,67,58,58,54,54,36,0,0],"gold":52,"neow_bonus":"THREE_ENEMY_KILL","is_daily":false,"chose_seed":false,"campfire_upgraded":3,"win_rate":0.0,"timestamp":1609953856,"path_taken":["M","M","$","?","$","R","E","M","T","E","M","R","?","M","R","BOSS","M","$","M","?","M","E"],"items_purchased_type":["Card","Card","Relic"],"build_version":"2020-12-22","purchased_purges":2,"victory":false,"max_hp_per_floor":[66,66,66,66,66,66,66,66,66,80,80,80,80,80,80,80,80,80,80,80,80,80,80,80],"relic_stats":{"Happy Flower":[11],"counters":[12,37],"Astrolabe":["Reflex","Venomology","All Out Attack"],"PreservedInsect":48,"Whetstone":["Strike_G","Strike_G"],"obtain_stats":[{"NeowsBlessing":0,"Happy Flower":7,"Astrolabe":17,"Mango":10,"PreservedInsect":19,"Whetstone":9,"Ring of the Snake":0},{"NeowsBlessing":0,"Happy Flower":3,"Astrolabe":8,"Mango":5,"PreservedInsect":9,"Whetstone":4,"Ring of the Snake":0},{"NeowsBlessing":0,"Happy Flower":3,"Astrolabe":20,"Mango":8,"PreservedInsect":24,"Whetstone":5,"Ring of the Snake":0}],"Ring of the Snake":[24]},"card_choices":[{"not_picked":["Tactician","Flechettes"],"picked":"Bane","floor":1.0},{"not_picked":["Bane","Acrobatics"],"picked":"Poisoned Stab","floor":2.0},{"not_picked":["Expertise","Deflect","Slice"],"picked":"SKIP","floor":7.0},{"not_picked":["Bouncing Flask","Acrobatics"],"picked":"Malaise","floor":8.0},{"not_picked":["Leg Sweep","Finisher"],"picked":"Backflip","floor":10.0},{"not_picked":["Accuracy","Cloak And Dagger","Concentrate"],"picked":"SKIP","floor":11.0},{"not_picked":["Dagger Spray","Dagger Throw"],"picked":"Caltrops","floor":14.0},{"not_picked":["Wraith Form v2","Envenom"],"picked":"Bullet Time","floor":16.0},{"not_picked":["Calculated Gamble","Well Laid Plans"],"picked":"Footwork","floor":18.0},{"not_picked":["Acrobatics+1","Sucker Punch","Underhanded Strike"],"picked":"SKIP","floor":20.0},{"not_picked":["Deflect","Quick Slash","Deadly Poison"],"picked":"SKIP","floor":22.0}],"player_experience":587752,"relics_obtained":[{"floor":7.0,"key":"Happy Flower"},{"floor":9.0,"key":"Whetstone"},{"floor":10.0,"key":"Mango"}],"event_choices":[{"damage_healed":0.0,"max_hp_gain":0.0,"max_hp_loss":0.0,"gold_gain":150.0,"event_name":"Liars Game","player_choice":"AGREE","floor":4.0,"gold_loss":0.0,"damage_taken":0.0,"cards_obtained":["Doubt"]},{"damage_healed":0.0,"max_hp_gain":0.0,"max_hp_loss":0.0,"gold_gain":0.0,"event_name":"Shining Light","player_choice":"Entered Light","floor":13.0,"gold_loss":0.0,"damage_taken":24.0,"cards_upgraded":["Backflip","Strike_G"]},{"damage_healed":0.0,"max_hp_gain":0.0,"max_hp_loss":0.0,"gold_gain":0.0,"event_name":"Vampires","player_choice":"Ignored","floor":21.0,"gold_loss":0.0,"damage_taken":0.0}],"is_beta":false,"boss_relics":[{"not_picked":["SlaversCollar","Snecko Eye"],"picked":"Astrolabe"}],"items_purged_floors":[5,19],"is_endless":false,"potions_floor_spawned":[1,2,8,14,18],"killed_by":"Gremlin Leader","ascension_level":16}}