{"host":"hve1dyh1ly81yl9f","time":1609947436,"event":{"mods":["BaseMod","Colored Map","DeckTracker","Highlight Path","Keyboard Shortcuts","Minty Spire (QoL Compilation)","Permanent Neow","StSLib","SuperFastMode"],"gold_per_floor":[118,136,37,49,124,153,153,165,215,215,215],"floor_reached":10,"playtime":368,"items_purged":["Regret"],"score":68,"play_id":"933ce03b-0e23-4581-9140-97a9a4a9b238","local_time":"20210107003716","is_ascension_mode":false,"campfire_choices":[{"floor":7,"key":"REST"}],"circlet_count":0,"master_deck":["Strike_B","Strike_B","Strike_B","Strike_B","Defend_B","Defend_B","Defend_B","Defend_B","Zap","Dualcast","Core Surge","Compile Driver","Cold Snap","Cold Snap","Cold Snap","Defragment","Ball Lightning"],"relics":["Cracked Core","Eternal Feather","Boot"],"acts_visited":["Exordium"],"potions_floor_usage":[],"damage_taken":[{"damage":7.0,"enemies":"Jaw Worm","floor":1.0,"turns":4.0},{"damage":8.0,"enemies":"Cultist","floor":2.0,"turns":3.0},{"damage":7.0,"enemies":"2 Louse","floor":4.0,"turns":2.0},{"damage":19,"enemies":"Lagavulin","floor":6,"turns":6},{"damage":4,"enemies":"Looter","floor":8,"turns":3},{"damage":16,"enemies":"3 Sentries","floor":10,"turns":3}],"seed_played":"-2794013963348878846","potions_obtained":[{"floor":4.0,"key":"FearPotion"},{"floor":8,"key":"EntropicBrew"}],"is_trial":false,"path_per_floor":["M","M","$","M","?","E","R","M","T","E"],"character_chosen":"DEFECT","items_purchased":["Cold Snap"],"campfire_rested":1,"item_purchase_floors":[3],"current_hp_per_floor":[68,60,60,53,42,23,54,50,50,34,34],"gold":215,"neow_bonus":"THREE_RARE_CARDS","is_daily":false,"chose_seed":false,"campfire_upgraded":0,"win_rate":0.0,"timestamp":1609947436,"path_taken":["M","M","$","M","?","E","R","M","T","E"],"items_purchased_type":["Card"],"build_version":"2020-12-22","purchased_purges":1,"victory":false,"max_hp_per_floor":[75,75,75,75,75,75,75,75,75,75,75],"card_choices":[{"not_picked":["Machine Learning","Amplify"],"picked":"Core Surge","floor":0.0},{"not_picked":["Stack","Beam Cell"],"picked":"Compile Driver","floor":1.0},{"not_picked":["Compile Driver","Sweeping Beam"],"picked":"Cold Snap","floor":2.0},{"not_picked":["Hello World","Barrage"],"picked":"Cold Snap","floor":4.0},{"not_picked":["Chill","Force Field"],"picked":"Defragment","floor":6},{"not_picked":["Chaos","Barrage"],"picked":"Ball Lightning","floor":8}],"player_experience":278212,"relics_obtained":[{"floor":6,"key":"Eternal Feather"},{"floor":9,"key":"Boot"}],"event_choices":[{"damage_healed":0.0,"max_hp_gain":0.0,"max_hp_loss":0.0,"gold_gain":75.0,"event_name":"World of Goop","player_choice":"Gather Gold","floor":5.0,"gold_loss":0.0,"damage_taken":11.0}],"is_beta":false,"boss_relics":[],"items_purged_floors":[3],"is_endless":false,"potions_floor_spawned":[4,8],"killed_by":"3 Sentries","ascension_level":0}}