{"host":"u0qetpmu4y58k1tf","time":1609942118,"event":{"mods":["AchievementEnabler","BaseMod","Colored Map","Colored Powertips","Hermit","Marisa£¨Ùöéë¡¡Øª×âÞÞ£©","Minty Spire (QoL Compilation)","Replay The Spire","StSLib","SuperFastMode","The Bug Knight","The Cursed","The Hierophant","The Runesmith"],"gold_per_floor":[117,135,135,60,60,87,116,116,116,128,78,78,113,147,147,244,244,257,257,257,273,293,322,322,322,348,383,482,515,515,529,529,633,633,645,645,645,665,14,47,58,69,93,93,112,112,112,125,125,125,125,125,0,28,28],"floor_reached":56,"playtime":3846,"items_purged":["Strike_P","Strike_P","Defend_P"],"score":1116,"play_id":"b48e97e9-38c8-4ec2-b4d0-f09d809c4b54","local_time":"20210106230838","is_ascension_mode":false,"campfire_choices":[{"data":"Eruption","floor":8.0,"key":"SMITH"},{"data":"SignatureMove","floor":12.0,"key":"SMITH"},{"floor":15,"key":"DIG"},{"floor":25,"key":"REST"},{"floor":44,"key":"RECALL"},{"data":"Prostrate","floor":47,"key":"SMITH"},{"data":"Omniscience","floor":49,"key":"SMITH"},{"data":"Pray","floor":52,"key":"SMITH"}],"circlet_count":0,"master_deck":["Defend_P","Defend_P","Defend_P","Eruption+1","Vigilance","SignatureMove+1","Evaluate","Omniscience+1","Brilliance","Prostrate+1","Pray+1","Establishment+1","Worship+1","EmptyMind+1","Scrawl","ReplayTheSpireMod:Brewmster","ClearTheMind+1","ReplayTheSpireMod:Private Reserves","ReplayTheSpireMod:Brewmster","ClearTheMind+1","Prostrate+1"],"relics":["PureWater","NeowsBlessing","Gremlin Horn","WingedGreaves","Pantograph","Bag of Marbles","HollowMod:PaleOreRelic","Letter Opener","ReplayFunnel","SlaversCollar","WarpedTongs","Runesmith:AutoHammer","Dream Catcher","Lantern","Replay:Towering Pillar of Hats","Runesmith:Nanobots","Empty Cage","Potion Belt","Bag of Preparation","Toy Ornithopter","Eternal Feather"],"acts_visited":["Exordium","TheCity","TheBeyond","TheEnding"],"potions_floor_usage":[13,14,22,22,22,29,33,33,38,38,38,40,40,40,41,42,42,45,45,45,48,48,48,48,50,50,50,50,50,50,50,50,50,50,50,50,50,55,55,55,55,55,55,55,55,55,55,55,55,55],"damage_taken":[{"damage":0.0,"enemies":"Cultist","floor":1.0,"turns":1.0},{"damage":0.0,"enemies":"Jaw Worm","floor":2.0,"turns":1.0},{"damage":0.0,"enemies":"3 Sentries","floor":6.0,"turns":1.0},{"damage":16.0,"enemies":"Lagavulin","floor":7.0,"turns":6.0},{"damage":0.0,"enemies":"2 Louse","floor":10.0,"turns":1.0},{"damage":5,"enemies":"3 Sentries","floor":13,"turns":6},{"damage":8,"enemies":"Gremlin Nob","floor":14,"turns":4},{"damage":0,"enemies":"Slime Boss","floor":16,"turns":5},{"damage":28,"enemies":"Spheric Guardian","floor":18,"turns":7},{"damage":21,"enemies":"Shell Parasite","floor":21,"turns":5},{"damage":0,"enemies":"Snake Plant","floor":22,"turns":2},{"damage":6,"enemies":"Replay:Snechameleon","floor":23,"turns":3},{"damage":22,"enemies":"Gremlin Leader","floor":29,"turns":4},{"damage":1,"enemies":"Shelled Parasite and Fungi","floor":31,"turns":3},{"damage":31,"enemies":"Automaton","floor":33,"turns":4},{"damage":17,"enemies":"3 Darklings","floor":35,"turns":4},{"damage":7,"enemies":"Orb Walker","floor":38,"turns":3},{"damage":2,"enemies":"HollowMod:StalkingDevout","floor":40,"turns":4},{"damage":10,"enemies":"Maw","floor":41,"turns":5},{"damage":7,"enemies":"4 Shapes","floor":42,"turns":3},{"damage":0,"enemies":"Sphere and 2 Shapes","floor":45,"turns":3},{"damage":10,"enemies":"4 Shapes","floor":48,"turns":3},{"damage":1,"enemies":"Replay:Hell Engine","floor":50,"turns":5},{"damage":0,"enemies":"Shield and Spear","floor":54,"turns":2},{"damage":176,"enemies":"The Heart","floor":55,"turns":7}],"seed_played":"-7927796394153363123","potions_obtained":[{"floor":6.0,"key":"SpeedPotion"},{"floor":7.0,"key":"SpeedPotion"},{"floor":10.0,"key":"BlessingOfTheForge"},{"floor":14,"key":"Swift Potion"},{"floor":16,"key":"BottledMiracle"},{"floor":18,"key":"Strength Potion"},{"floor":23,"key":"DistilledChaos"},{"floor":29,"key":"PowerPotion"},{"floor":32,"key":"DuplicationPotion"},{"floor":32,"key":"FairyPotion"},{"floor":33,"key":"AttackPotion"},{"floor":35,"key":"SkillPotion"},{"floor":45,"key":"Toxic Potion"}],"is_trial":false,"path_per_floor":["M","M","?","$","?","E","E","R","T","M","?","R","E","E","R_BF","B",null,"M","?","?","M","M","E","T","R","T","?","?","E","?","M","R_BF","B",null,"M","?","?","M","$","E","M","M","T","R","M","$","R","M","R","B",null,"R","$","E","B",null],"character_chosen":"WATCHER","items_purchased":["Potion Belt","Bag of Preparation","ReplayTheSpireMod:Private Reserves","ReplayTheSpireMod:Brewmster"],"campfire_rested":1,"item_purchase_floors":[39,39,39,39],"current_hp_per_floor":[72,72,60,60,60,60,44,44,44,44,44,44,39,31,31,56,72,44,44,44,23,23,17,17,38,38,38,38,16,16,15,15,9,72,55,55,55,48,48,46,41,44,44,44,59,59,59,67,67,72,72,72,72,72,40],"gold":28,"neow_bonus":"THREE_ENEMY_KILL","is_daily":false,"chose_seed":false,"campfire_upgraded":5,"win_rate":0.0,"timestamp":1609942118,"path_taken":["M","?","?","$","?","E","E","R","T","?","?","R","E","E","R_BF","BOSS","M","?","?","M","?","E","?","R","T","?","?","E","?","M","R_BF","BOSS","M","?","?","M","$","E","M","M","T","R","M","$","R","?","R","BOSS","R","$","E","BOSS"],"items_purchased_type":["Relic","Relic","Card","Card"],"build_version":"2020-12-22","purchased_purges":3,"victory":true,"max_hp_per_floor":[72,72,72,72,72,72,72,72,72,72,72,72,72,72,72,72,72,72,72,72,72,72,72,72,72,72,72,72,72,72,72,72,72,72,72,72,72,72,72,72,72,72,72,72,72,72,72,72,72,72,72,72,72,72,72],"card_choices":[{"not_picked":["EmptyBody","Replay:ManipulateFuture"],"picked":"SignatureMove","floor":1.0},{"not_picked":["Crescendo","Swivel"],"picked":"Evaluate","floor":2.0},{"not_picked":["JustLucky","FollowUp","Replay:DivineShield"],"picked":"SKIP","floor":6.0},{"not_picked":["Replay:ManipulateFuture","Halt"],"picked":"Brilliance","floor":7.0},{"not_picked":["Evaluate","FlurryOfBlows"],"picked":"Prostrate","floor":10.0},{"not_picked":["Replay:AtTheReady","FlyingSleeves"],"picked":"Pray","floor":13},{"not_picked":["EmptyBody","Evaluate","Halt"],"picked":"SKIP","floor":14},{"not_picked":["Omniscience","Replay:AllIn"],"picked":"Establishment","floor":16},{"not_picked":["LikeWater","Replay:AtTheReady"],"picked":"Worship+1","floor":18},{"not_picked":["Replay:AtTheReady+1","ThirdEye","Evaluate"],"picked":"SKIP","floor":21},{"not_picked":["CrushJoints+1","Swivel","PathToVictory+1"],"picked":"SKIP","floor":22},{"not_picked":["Halt+1","Fasting2","Crescendo"],"picked":"SKIP","floor":23},{"not_picked":["BowlingBash","FollowUp"],"picked":"EmptyMind+1","floor":27},{"not_picked":["DeceiveReality","Establishment","SignatureMove"],"picked":"SKIP","floor":29},{"not_picked":["Halt","FlyingSleeves","Replay:BluntJabs"],"picked":"SKIP","floor":31},{"not_picked":["Vault","LessonLearned"],"picked":"Scrawl","floor":33},{"not_picked":["Meditate","Replay:BluntJabs+1","EmptyMind"],"picked":"SKIP","floor":35},{"not_picked":["Secret Weapon","Replay:Sssssssssshield"],"picked":"ReplayTheSpireMod:Brewmster","floor":36},{"not_picked":["Adaptation","FollowUp"],"picked":"ClearTheMind+1","floor":38},{"not_picked":["Halt+1","Replay:ManipulateFuture+1"],"picked":"ClearTheMind+1","floor":40},{"not_picked":["Replay:BluntJabs+1","FlyingSleeves","BowlingBash"],"picked":"SKIP","floor":41},{"not_picked":["Replay:ManipulateFuture","CrushJoints+1","ClearTheMind"],"picked":"SKIP","floor":42},{"not_picked":["PathToVictory","Judgement","FollowUp"],"picked":"SKIP","floor":45},{"not_picked":["WheelKick","FlyingSleeves"],"picked":"Prostrate+1","floor":48},{"not_picked":["SashWhip+1","Meditate+1","Replay:BluntJabs"],"picked":"SKIP","floor":54}],"player_experience":21454,"relics_obtained":[{"floor":6.0,"key":"WingedGreaves"},{"floor":7.0,"key":"Pantograph"},{"floor":9.0,"key":"Bag of Marbles"},{"floor":13,"key":"HollowMod:PaleOreRelic"},{"floor":14,"key":"Letter Opener"},{"floor":15,"key":"ReplayFunnel"},{"floor":23,"key":"Runesmith:AutoHammer"},{"floor":24,"key":"Dream Catcher"},{"floor":26,"key":"Lantern"},{"floor":27,"key":"Replay:Towering Pillar of Hats"},{"floor":29,"key":"Runesmith:Nanobots"},{"floor":40,"key":"Toy Ornithopter"},{"floor":54,"key":"Eternal Feather"}],"event_choices":[{"damage_healed":0.0,"max_hp_gain":0.0,"max_hp_loss":0.0,"gold_gain":0.0,"event_name":"Scrap Ooze","player_choice":"Success","floor":3.0,"gold_loss":0.0,"damage_taken":12.0,"relics_obtained":["Gremlin Horn"]},{"damage_healed":0.0,"max_hp_gain":0.0,"max_hp_loss":0.0,"gold_gain":0.0,"cards_transformed":["Strike_P"],"event_name":"Transmorgrifier","player_choice":"Transformed","floor":5.0,"gold_loss":0.0,"damage_taken":0.0,"cards_obtained":["Omniscience"]},{"cards_removed":["Strike_P"],"damage_healed":0.0,"max_hp_gain":0.0,"max_hp_loss":0.0,"gold_gain":0.0,"event_name":"The Cleric","player_choice":"Card Removal","floor":11.0,"gold_loss":50.0,"damage_taken":0.0},{"damage_healed":0,"gold_gain":0,"player_choice":"Ignored","damage_taken":0,"max_hp_gain":0,"max_hp_loss":0,"event_name":"Ghosts","floor":19,"gold_loss":0},{"damage_healed":0,"gold_gain":0,"player_choice":"Rummage","damage_taken":0,"relics_obtained":["WarpedTongs"],"max_hp_gain":0,"max_hp_loss":0,"event_name":"Accursed Blacksmith","floor":20,"gold_loss":0,"cards_obtained":["Pain"]},{"damage_healed":0,"gold_gain":99,"player_choice":"Stole From Cult","damage_taken":0,"max_hp_gain":0,"max_hp_loss":0,"event_name":"Nest","floor":28,"gold_loss":0},{"damage_healed":0,"gold_gain":0,"player_choice":"Memory 1","damage_taken":0,"max_hp_gain":0,"max_hp_loss":0,"event_name":"SensoryStone","floor":36,"gold_loss":0},{"damage_healed":0,"gold_gain":0,"player_choice":"Upgraded","damage_taken":0,"max_hp_gain":0,"max_hp_loss":0,"event_name":"Upgrade Shrine","floor":37,"gold_loss":0,"cards_upgraded":["Establishment"]}],"is_beta":false,"boss_relics":[{"not_picked":["Runic Pyramid","Ectoplasm"],"picked":"SlaversCollar"},{"not_picked":["Cursed Key","HolyWater"],"picked":"Empty Cage"}],"items_purged_floors":[4,39,53],"is_endless":false,"potions_floor_spawned":[6,7,10,14,16,18,23,29,33,35,45],"ascension_level":0}}