{"host":"ur405gpummdrt5xj","time":1609915462,"event":{"mods":["BaseMod","Colored Map","Minty Spire (QoL Compilation)","Quick Restart"],"gold_per_floor":[110,110,122,47,61,90,90,122,146,46,66,99,115,15,15,117,117,133,149,29,29,29,57,57,83,107,107,139,165,47,47,47,47,47],"floor_reached":33,"playtime":1308,"items_purged":["Strike_P","Defend_P","Strike_P","Strike_P"],"score":463,"play_id":"0caee623-4fcd-4fd0-8f58-2da230461dde","local_time":"20210105224422","is_ascension_mode":true,"campfire_choices":[{"data":"Eruption","floor":7.0,"key":"SMITH"},{"floor":15.0,"key":"REST"},{"floor":24,"key":"REST"},{"floor":32,"key":"REST"}],"circlet_count":0,"master_deck":["Strike_P","Defend_P","Eruption+1","Vigilance","EmptyFist","Devotion","CutThroughFate","Blasphemy+1","EmptyFist"],"relics":["PureWater","NeowsBlessing","Centennial Puzzle","Orichalcum","Lantern","The Courier","Sozu","Bag of Marbles","Nunchaku","Juzu Bracelet","Dead Branch","Vajra","HandDrill"],"acts_visited":["Exordium","TheCity"],"potions_floor_usage":[25,25],"damage_taken":[{"damage":0.0,"enemies":"Jaw Worm","floor":1.0,"turns":1.0},{"damage":0.0,"enemies":"Cultist","floor":3.0,"turns":1.0},{"damage":0.0,"enemies":"2 Louse","floor":5.0,"turns":1.0},{"damage":7.0,"enemies":"3 Sentries","floor":6.0,"turns":4.0},{"damage":2.0,"enemies":"Gremlin Nob","floor":8.0,"turns":3.0},{"damage":6.0,"enemies":"Red Slaver","floor":11.0,"turns":2.0},{"damage":17.0,"enemies":"Lagavulin","floor":12.0,"turns":5.0},{"damage":0.0,"enemies":"Exordium Thugs","floor":13.0,"turns":4.0},{"damage":2.0,"enemies":"Slime Boss","floor":16.0,"turns":9.0},{"damage":0,"enemies":"Spheric Guardian","floor":18,"turns":3},{"damage":10,"enemies":"2 Thieves","floor":19,"turns":3},{"damage":18,"enemies":"Slavers","floor":23,"turns":6},{"damage":8,"enemies":"Book of Stabbing","floor":25,"turns":2},{"damage":24,"enemies":"Gremlin Leader","floor":28,"turns":5},{"damage":49,"enemies":"Champ","floor":33,"turns":7}],"seed_played":"4007449961767071693","potions_obtained":[{"floor":3.0,"key":"ColorlessPotion"},{"floor":5.0,"key":"AttackPotion"},{"floor":16.0,"key":"BlessingOfTheForge"}],"is_trial":false,"path_per_floor":["M","?","M","$","M","E","R","E","T","$","M","E","M","$","R","B",null,"M","M","$","?","?","E","R","E","T","?","E","T","$","?","R","B"],"character_chosen":"WATCHER","items_purchased":["HandDrill"],"campfire_rested":3,"item_purchase_floors":[30],"current_hp_per_floor":[65,65,65,65,65,58,58,56,56,56,50,33,33,33,54,52,67,67,57,57,57,57,39,60,52,52,52,28,28,28,28,49,0,0],"gold":47,"neow_bonus":"THREE_ENEMY_KILL","is_daily":false,"chose_seed":false,"campfire_upgraded":1,"win_rate":0.0,"timestamp":1609915462,"path_taken":["M","?","M","$","?","E","R","E","T","?","M","E","M","?","R","BOSS","M","M","$","?","?","E","R","E","T","?","E","?","?","?","R","BOSS"],"items_purchased_type":["Relic"],"build_version":"2020-12-22","purchased_purges":4,"victory":false,"max_hp_per_floor":[72,72,72,72,72,72,72,72,72,72,72,72,72,72,72,72,72,72,72,72,72,72,72,72,72,72,72,72,72,72,72,72,72,72],"card_choices":[{"not_picked":["FlurryOfBlows","FlyingSleeves"],"picked":"EmptyFist","floor":1.0},{"not_picked":["EmptyFist","Meditate","EmptyMind"],"picked":"SKIP","floor":3.0},{"not_picked":["Worship","ForeignInfluence","FollowUp"],"picked":"SKIP","floor":5.0},{"not_picked":["LikeWater","EmptyFist","DeceiveReality"],"picked":"SKIP","floor":6.0},{"not_picked":["Prostrate","EmptyMind","CarveReality"],"picked":"SKIP","floor":8.0},{"not_picked":["WheelKick","WindmillStrike","Meditate"],"picked":"SKIP","floor":11.0},{"not_picked":["Wireheading","Consecrate"],"picked":"Devotion","floor":12.0},{"not_picked":["Indignation","Crescendo"],"picked":"CutThroughFate","floor":13.0},{"not_picked":["Devotion","Omniscience"],"picked":"Blasphemy","floor":16.0},{"not_picked":["Crescendo+1","BowlingBash","ClearTheMind"],"picked":"SKIP","floor":18},{"not_picked":["Halt","BowlingBash","Swivel"],"picked":"SKIP","floor":19},{"not_picked":["Vengeance","Wireheading"],"picked":"EmptyFist","floor":23},{"not_picked":["BowlingBash","Vengeance","Sanctity"],"picked":"SKIP","floor":25},{"not_picked":["Weave","Alpha","LikeWater+1"],"picked":"SKIP","floor":28}],"player_experience":529790,"relics_obtained":[{"floor":6.0,"key":"Centennial Puzzle"},{"floor":8.0,"key":"Orichalcum"},{"floor":9.0,"key":"Lantern"},{"floor":12.0,"key":"The Courier"},{"floor":23,"key":"Bag of Marbles"},{"floor":25,"key":"Nunchaku"},{"floor":26,"key":"Juzu Bracelet"},{"floor":28,"key":"Dead Branch"},{"floor":29,"key":"Vajra"}],"event_choices":[{"cards_removed":["Defend_P"],"damage_healed":0.0,"max_hp_gain":0.0,"max_hp_loss":0.0,"gold_gain":0.0,"event_name":"Purifier","player_choice":"Purged","floor":2.0,"gold_loss":0.0,"damage_taken":0.0},{"damage_healed":0,"gold_gain":0,"player_choice":"Ignored","damage_taken":0,"max_hp_gain":0,"max_hp_loss":0,"event_name":"Vampires","floor":21,"gold_loss":0},{"cards_removed":["Defend_P"],"damage_healed":0,"gold_gain":0,"player_choice":"Purged","damage_taken":0,"max_hp_gain":0,"max_hp_loss":0,"event_name":"Purifier","floor":22,"gold_loss":0},{"damage_healed":0,"gold_gain":0,"player_choice":"Ignored","damage_taken":0,"max_hp_gain":0,"max_hp_loss":0,"event_name":"N\u0027loth","floor":27,"gold_loss":0},{"damage_healed":0,"gold_gain":0,"player_choice":"Upgraded","damage_taken":0,"max_hp_gain":0,"max_hp_loss":0,"event_name":"Upgrade Shrine","floor":31,"gold_loss":0,"cards_upgraded":["Blasphemy"]}],"is_beta":false,"boss_relics":[{"not_picked":["Astrolabe","Busted Crown"],"picked":"Sozu"}],"items_purged_floors":[4,10,14,20],"is_endless":false,"potions_floor_spawned":[3,5,16,19,25],"killed_by":"Champ","ascension_level":9}}