{"host":"kh6fvhxn285ncg0o","time":1609957609,"event":{"mods":["Act Like it!","BaseMod","Colored Map","Friendly Minions","Keyboard Shortcuts","Minty Spire (QoL Compilation)","Quick Restart","Relic Stats","StSLib","SuperFastMode"],"gold_per_floor":[361,374,374,60,135,135,169,169,194,194,45,60,74,91,91,165,165,177,177,195,245,245,245,245,245],"floor_reached":24,"playtime":417,"items_purged":["Strike_R"],"score":388,"play_id":"88356a96-79ff-46a9-94d6-8f9dbe876b43","local_time":"20210107032649","is_ascension_mode":true,"campfire_choices":[{"floor":6.0,"key":"REST"},{"floor":8.0,"key":"REST"},{"data":"Blood for Blood","floor":15,"key":"SMITH"},{"data":"Offering","floor":23,"key":"SMITH"}],"circlet_count":0,"master_deck":["AscendersBane","Strike_R+1","Defend_R","Defend_R","Defend_R","Defend_R","Bash+1","Evolve","Blood for Blood+1","Hemokinesis","Disarm","Offering+1","Dual Wield","Necronomicurse","Power Through"],"relics":["Burning Blood","Bronze Scales","Oddly Smooth Stone","MealTicket","Pen Nib","Empty Cage","Necronomicon"],"acts_visited":["Exordium","TheCity"],"potions_floor_usage":[24],"damage_taken":[{"damage":11.0,"enemies":"Jaw Worm","floor":1.0,"turns":5.0},{"damage":3.0,"enemies":"2 Louse","floor":2.0,"turns":5.0},{"damage":35.0,"enemies":"Gremlin Nob","floor":7.0,"turns":4.0},{"damage":4.0,"enemies":"Small Slimes","floor":12.0,"turns":3.0},{"damage":2.0,"enemies":"Blue Slaver","floor":13.0,"turns":4.0},{"damage":4,"enemies":"Exordium Wildlife","floor":14,"turns":4},{"damage":31,"enemies":"Hexaghost","floor":16,"turns":7},{"damage":10,"enemies":"Spheric Guardian","floor":18,"turns":3},{"damage":13,"enemies":"2 Thieves","floor":20,"turns":3},{"damage":30,"enemies":"Gremlin Leader","floor":24,"turns":4}],"seed_played":"8061555180986335404","potions_obtained":[{"floor":1.0,"key":"PowerPotion"},{"floor":13,"key":"Strength Potion"},{"floor":16,"key":"SpeedPotion"}],"is_trial":false,"path_per_floor":["M","M","?","$","?","R","E","R","T","?","$","M","M","M","R","B",null,"M","?","M","?","?","R","E"],"character_chosen":"IRONCLAD","items_purchased":["Bronze Scales","Oddly Smooth Stone","Evolve"],"campfire_rested":2,"item_purchase_floors":[4,4,11],"current_hp_per_floor":[63,66,46,46,35,55,26,46,46,39,54,56,60,62,62,37,60,56,35,28,28,28,28,0,0],"gold":245,"neow_bonus":"TWO_FIFTY_GOLD","is_daily":false,"chose_seed":false,"campfire_upgraded":2,"win_rate":0.0,"timestamp":1609957609,"path_taken":["M","M","?","$","?","R","E","R","T","?","?","M","M","?","R","BOSS","M","?","M","?","?","R","E"],"items_purchased_type":["Relic","Relic","Card"],"build_version":"2020-12-22","purchased_purges":1,"victory":false,"max_hp_per_floor":[68,68,68,68,68,68,68,68,68,68,68,68,68,68,68,68,68,68,68,68,68,68,68,68,68],"relic_stats":{"counters":[10,42],"Bronze Scales":[79],"MealTicket":15,"Pen Nib":[4],"Necronomicon":[4],"obtain_stats":[{"Bronze Scales":4,"Oddly Smooth Stone":4,"MealTicket":7,"Pen Nib":9,"Necronomicon":19,"Empty Cage":17,"Burning Blood":0},{"Bronze Scales":2,"Oddly Smooth Stone":2,"MealTicket":3,"Pen Nib":3,"Necronomicon":8,"Empty Cage":7,"Burning Blood":0},{"Bronze Scales":10,"Oddly Smooth Stone":10,"MealTicket":14,"Pen Nib":14,"Necronomicon":35,"Empty Cage":32,"Burning Blood":0}],"Burning Blood":54},"card_choices":[{"not_picked":["Warcry","Clash","Iron Wave"],"picked":"SKIP","floor":7.0},{"not_picked":["Rupture","Inflame"],"picked":"Blood for Blood","floor":12.0},{"not_picked":["Anger","Impervious"],"picked":"Hemokinesis","floor":13},{"not_picked":["Seeing Red","Rage"],"picked":"Disarm","floor":14},{"not_picked":["Double Tap","Impervious"],"picked":"Offering","floor":16},{"not_picked":["Sword Boomerang","Pommel Strike"],"picked":"Dual Wield","floor":18},{"not_picked":["Pommel Strike","Rampage","Bloodletting"],"picked":"SKIP","floor":20}],"player_experience":3382818,"relics_obtained":[{"floor":7.0,"key":"MealTicket"},{"floor":9.0,"key":"Pen Nib"},{"floor":19,"key":"Necronomicon"}],"event_choices":[{"damage_healed":0.0,"max_hp_gain":0.0,"max_hp_loss":0.0,"gold_gain":0.0,"event_name":"Shining Light","player_choice":"Entered Light","floor":3.0,"gold_loss":0.0,"damage_taken":20.0,"cards_upgraded":["Strike_R","Bash"]},{"damage_healed":0.0,"max_hp_gain":0.0,"max_hp_loss":0.0,"gold_gain":75.0,"event_name":"World of Goop","player_choice":"Gather Gold","floor":5.0,"gold_loss":0.0,"damage_taken":11.0},{"cards_removed":["Strike_R"],"damage_healed":0.0,"max_hp_gain":0.0,"max_hp_loss":0.0,"gold_gain":0.0,"event_name":"Golden Wing","player_choice":"Card Removal","floor":10.0,"gold_loss":0.0,"damage_taken":7.0},{"damage_healed":0,"gold_gain":0,"player_choice":"Obtained Book","damage_taken":21,"max_hp_gain":0,"max_hp_loss":0,"event_name":"Cursed Tome","floor":19,"gold_loss":0},{"damage_healed":0,"gold_gain":50,"player_choice":"Stole From Cult","damage_taken":0,"max_hp_gain":0,"max_hp_loss":0,"event_name":"Nest","floor":21,"gold_loss":0},{"damage_healed":0,"gold_gain":0,"player_choice":"Read","damage_taken":0,"max_hp_gain":0,"max_hp_loss":0,"event_name":"The Library","floor":22,"gold_loss":0,"cards_obtained":["Power Through"]}],"is_beta":false,"boss_relics":[{"not_picked":["Calling Bell","Tiny House"],"picked":"Empty Cage"}],"items_purged_floors":[11],"is_endless":false,"potions_floor_spawned":[1,13,16,20],"killed_by":"Gremlin Leader","ascension_level":20}}