{"host":"6p0attdrtjqaih7v","time":1609896518,"event":{"mods":["2.2 Compatiblity","AchievementEnabler","Bard","BaseMod","Better Skull","Better Third Choice","Colored Powertips","Hermit","Highlight Path","Jorbs\u0027s Wanderer Trilogy","Key Reminder","Minty Spire (QoL Compilation)","Permanent Neow","Quick Restart","Random Character Button","Relic Stats","Replay The Spire","StSLib","The Construct"],"gold_per_floor":[113,113,55,71,144,172,172,172,195,221,221,240,275,286,286,357,357,370,370,370,33,45,78,96,123,149,149,175,201,241,268,268,352,352,379,379,396,396,447,447,489,489,489,489,489,355,382,348,348,355,355,355,15,52,59,59],"floor_reached":55,"playtime":2815,"items_purged":["hermit:Strike_Hermit","Normality","hermit:Headshot"],"score":1788,"play_id":"c220756a-2597-4b1b-9b42-b2d2a53dcd93","local_time":"20210105202838","is_ascension_mode":true,"campfire_choices":[{"data":"Rage","floor":7,"key":"SMITH"},{"data":"hermit:Midnight","floor":11,"key":"SMITH"},{"data":"hermit:EternalForm","floor":15,"key":"SMITH"},{"data":"hermit:Roughhouse","floor":27,"key":"SMITH"},{"floor":32,"key":"REST"},{"floor":40,"key":"REST"},{"data":"hermit:Magnum","floor":42,"key":"SMITH"},{"floor":44,"key":"REST"},{"floor":49,"key":"RECALL"},{"data":"hermit:Determination","floor":52,"key":"SMITH"}],"circlet_count":0,"master_deck":["AscendersBane","hermit:Defend_Hermit","hermit:Defend_Hermit+1","hermit:Defend_Hermit+1","hermit:Snapshot","hermit:Covet","hermit:PistolWhip","Rage+1","hermit:Midnight+1","hermit:Determination+1","hermit:Spite","hermit:HeroicBravado","hermit:PistolWhip","hermit:EternalForm+1","hermit:Roughhouse+1","hermit:PistolWhip+1","hermit:EternalForm+1","hermit:Magnum+1","hermit:Feint+1","hermit:Scavenge+1","hermit:NoHoldsBarred+1","hermit:Dive","hermit:Determination+1","Dramatic Entrance","hermit:Feint+1","hermit:Spite","hermit:HeroicBravado","hermit:Roughhouse+1","hermit:Deadeye","hermit:Deadeye"],"relics":["Runic Pyramid","Pet Ghost","Boot","Divine Protection","Juzu Bracelet","Shuriken","Replay:WaspNest","Velvet Choker","Membership Card","Bottled Tornado","Nunchaku","Centennial Puzzle","Blue Doll","Anchor","Counterbalance","Replay:Drink Me","Replay:Towering Pillar of Hats","Bag of Preparation","Bronze Scales","Akabeko","DollysMirror","Bird Faced Urn","Simple Rune"],"acts_visited":["Exordium","TheCity","TheBeyond","TheEnding"],"potions_floor_usage":[6,16,30,33,37,55,55],"damage_taken":[{"damage":1,"enemies":"Small Slimes","floor":1,"turns":3},{"damage":0,"enemies":"Jaw Worm","floor":4,"turns":2},{"damage":2,"enemies":"3 Sentries","floor":6,"turns":8},{"damage":2,"enemies":"Replay:BlueRogue","floor":10,"turns":4},{"damage":0,"enemies":"Cultist","floor":12,"turns":3},{"damage":0,"enemies":"Lagavulin","floor":13,"turns":6},{"damage":0,"enemies":"2 Fungi Beasts","floor":14,"turns":3},{"damage":1,"enemies":"Slime Boss","floor":16,"turns":7},{"damage":0,"enemies":"Spheric Guardian","floor":18,"turns":4},{"damage":0,"enemies":"2 Thieves","floor":22,"turns":3},{"damage":3,"enemies":"Gremlin Leader","floor":23,"turns":5},{"damage":14,"enemies":"Centurion and Healer","floor":24,"turns":4},{"damage":6,"enemies":"Slavers","floor":25,"turns":6},{"damage":1,"enemies":"Gremlin Leader","floor":28,"turns":4},{"damage":0,"enemies":"Shelled Parasite and Fungi","floor":29,"turns":3},{"damage":9,"enemies":"Book of Stabbing","floor":30,"turns":4},{"damage":0,"enemies":"Snake Plant","floor":31,"turns":3},{"damage":0,"enemies":"Automaton","floor":33,"turns":8},{"damage":0,"enemies":"3 Shapes","floor":35,"turns":3},{"damage":0,"enemies":"Orb Walker","floor":37,"turns":2},{"damage":20,"enemies":"2 Orb Walkers","floor":39,"turns":4},{"damage":1,"enemies":"Reptomancer","floor":41,"turns":4},{"damage":0,"enemies":"Nemesis","floor":47,"turns":3},{"damage":0,"enemies":"Donu and Deca","floor":50,"turns":7},{"damage":9,"enemies":"Shield and Spear","floor":54,"turns":5},{"damage":55,"enemies":"The Heart","floor":55,"turns":3}],"seed_played":"-5790453831307356389","potions_obtained":[{"floor":1,"key":"Dexterity Potion"},{"floor":6,"key":"Explosive Potion"},{"floor":12,"key":"SkillPotion"},{"floor":24,"key":"GamblersBrew"},{"floor":30,"key":"Fire Potion"},{"floor":33,"key":"Adrenaline Potion"},{"floor":37,"key":"FearPotion"}],"is_trial":false,"path_per_floor":["M","?","$","M","?","E","R","?","T","E","R","M","E","M","R","B",null,"M","?","?","$","M","E","M","E","T","R","E","M","E","M","R","B",null,"M","?","M","?","?","R","E","R","T","R","?","$","E","$","R","B",null,"R","$","E","B"],"character_chosen":"HERMIT","items_purchased":["hermit:Headshot","Membership Card","Bottled Tornado","Bronze Scales","hermit:HeroicBravado","DollysMirror","Bird Faced Urn","hermit:Deadeye"],"campfire_rested":3,"item_purchase_floors":[3,21,21,46,48,53,53,53],"current_hp_per_floor":[63,46,46,46,46,44,44,44,44,42,42,42,42,42,42,41,64,64,64,64,64,64,61,47,41,41,41,40,40,31,31,52,52,54,54,44,44,44,24,40,39,39,39,54,54,54,54,54,54,54,54,54,54,46,0,0],"gold":59,"neow_bonus":"BOSS_RELIC","is_daily":false,"chose_seed":false,"campfire_upgraded":6,"win_rate":0.0,"timestamp":1609896518,"path_taken":["M","?","$","M","?","E","R","?","T","E","R","M","E","M","R","BOSS","M","?","?","$","M","E","M","E","T","R","E","M","E","M","R","BOSS","M","?","M","?","?","R","E","R","T","R","?","$","E","$","R","BOSS","R","$","E","BOSS"],"items_purchased_type":["Card","Relic","Relic","Relic","Card","Relic","Relic","Card"],"build_version":"2020-12-22","purchased_purges":3,"victory":false,"max_hp_per_floor":[71,71,71,71,71,71,71,71,71,71,71,71,71,71,71,71,71,71,71,71,71,71,71,71,71,71,71,71,71,71,71,71,71,54,54,54,54,54,54,54,54,54,54,54,54,54,54,54,54,54,54,54,54,54,54,54],"relic_stats":{"Nunchaku":[15],"Centennial Puzzle":[18],"counters":[26,111],"Shuriken":[54],"Bronze Scales":[90],"Bird Faced Urn":[9],"Juzu Bracelet":2,"Bag of Preparation":[8],"Boot":[19],"obtain_stats":[{"Divine Protection":6,"Blue Doll":26,"Juzu Bracelet":9,"Bag of Preparation":41,"Bottled Tornado":21,"Boot":5,"Pet Ghost":2,"Nunchaku":23,"Centennial Puzzle":25,"DollysMirror":53,"Replay:Drink Me":34,"Runic Pyramid":0,"Replay:Towering Pillar of Hats":39,"Counterbalance":30,"Velvet Choker":17,"Replay:WaspNest":13,"Akabeko":47,"keyreminder:keyreminder":30,"Anchor":28,"Shuriken":10,"Bronze Scales":46,"Bird Faced Urn":53,"Simple Rune":54,"Membership Card":21,"hermit:Momento":0},{"Divine Protection":3,"Blue Doll":13,"Juzu Bracelet":3,"Bag of Preparation":22,"Bottled Tornado":9,"Boot":2,"Pet Ghost":1,"Nunchaku":11,"Centennial Puzzle":13,"DollysMirror":24,"Replay:Drink Me":18,"Runic Pyramid":0,"Replay:Towering Pillar of Hats":21,"Counterbalance":16,"Velvet Choker":8,"Replay:WaspNest":6,"Akabeko":23,"keyreminder:keyreminder":16,"Anchor":14,"Shuriken":4,"Bronze Scales":22,"Bird Faced Urn":24,"Simple Rune":25,"Membership Card":9,"hermit:Momento":0},{"Divine Protection":13,"Blue Doll":58,"Juzu Bracelet":13,"Bag of Preparation":93,"Bottled Tornado":40,"Boot":5,"Pet Ghost":3,"Nunchaku":48,"Centennial Puzzle":58,"DollysMirror":103,"Replay:Drink Me":80,"Runic Pyramid":0,"Replay:Towering Pillar of Hats":89,"Counterbalance":69,"Velvet Choker":36,"Replay:WaspNest":26,"Akabeko":96,"keyreminder:keyreminder":69,"Anchor":62,"Shuriken":17,"Bronze Scales":93,"Bird Faced Urn":103,"Simple Rune":108,"Membership Card":40,"hermit:Momento":0}]},"card_choices":[{"not_picked":["hermit:Brawl","hermit:Manifest"],"picked":"hermit:PistolWhip","floor":1},{"not_picked":["hermit:WideOpen","hermit:HighCaliber"],"picked":"hermit:Midnight","floor":4},{"not_picked":["hermit:ItchyTrigger","hermit:DeadMansHand"],"picked":"hermit:Determination","floor":5},{"not_picked":["hermit:Snipe","hermit:BodyArmor","hermit:Manifest"],"picked":"SKIP","floor":6},{"not_picked":["hermit:Misfire","hermit:Cheat"],"picked":"hermit:HeroicBravado","floor":10},{"not_picked":["hermit:Roulette","hermit:Showdown"],"picked":"hermit:PistolWhip","floor":12},{"not_picked":["hermit:Combo","hermit:Ricochet"],"picked":"hermit:EternalForm","floor":13},{"not_picked":["hermit:Quickdraw","hermit:Cheat","hermit:ShadowCloak"],"picked":"SKIP","floor":14},{"not_picked":["hermit:FinalCanter","hermit:DeadOrAlive"],"picked":"hermit:Roughhouse","floor":16},{"not_picked":["hermit:EyeOfTheStorm","hermit:TakeCover"],"picked":"hermit:PistolWhip+1","floor":18},{"not_picked":["hermit:Coalescence","hermit:TrackingShot","hermit:HighCaliber"],"picked":"SKIP","floor":22},{"not_picked":["hermit:Manifest","hermit:Spite"],"picked":"hermit:Magnum","floor":23},{"not_picked":["hermit:HighCaliber","hermit:Misfire"],"picked":"hermit:Feint+1","floor":24},{"not_picked":["hermit:Grudge","hermit:Misfire"],"picked":"hermit:Scavenge+1","floor":25},{"not_picked":["hermit:LoneWolf","hermit:Showdown","hermit:CalledShot"],"picked":"SKIP","floor":28},{"not_picked":["hermit:Headshot","hermit:Roulette","hermit:TrackingShot"],"picked":"SKIP","floor":29},{"not_picked":["hermit:Roughhouse","hermit:Manifest"],"picked":"hermit:NoHoldsBarred","floor":30},{"not_picked":["hermit:DeadMansHand","hermit:HighCaliber"],"picked":"hermit:Dive","floor":31},{"not_picked":["hermit:Manifest","hermit:Glare"],"picked":"hermit:Determination+1","floor":35},{"not_picked":["ReplayTheSpireMod:Private Reserves","Transmutation"],"picked":"Dramatic Entrance","floor":36},{"not_picked":["hermit:Snipe","hermit:GoldenBullet"],"picked":"hermit:Feint+1","floor":37},{"not_picked":["hermit:Manifest","hermit:Snipe"],"picked":"hermit:Spite","floor":41},{"not_picked":["hermit:BigShot","hermit:Glare","hermit:Maintenance"],"picked":"SKIP","floor":47},{"not_picked":["hermit:FullyLoaded+1","hermit:GoldenBullet","hermit:BodyArmor"],"picked":"SKIP","floor":54}],"player_experience":946543,"relics_obtained":[{"floor":5,"key":"Boot"},{"floor":6,"key":"Divine Protection"},{"floor":9,"key":"Juzu Bracelet"},{"floor":10,"key":"Shuriken"},{"floor":13,"key":"Replay:WaspNest"},{"floor":23,"key":"Nunchaku"},{"floor":25,"key":"Centennial Puzzle"},{"floor":26,"key":"Blue Doll"},{"floor":28,"key":"Anchor"},{"floor":30,"key":"Counterbalance"},{"floor":39,"key":"Replay:Towering Pillar of Hats"},{"floor":41,"key":"Bag of Preparation"},{"floor":47,"key":"Akabeko"},{"floor":54,"key":"Simple Rune"}],"event_choices":[{"damage_healed":0,"gold_gain":0,"cards_transformed":["hermit:Strike_Hermit"],"player_choice":"Change","damage_taken":0,"max_hp_gain":0,"max_hp_loss":0,"event_name":"Living Wall","floor":8,"gold_loss":0,"cards_obtained":["hermit:Spite"]},{"damage_healed":0,"gold_gain":0,"player_choice":"Copied","damage_taken":0,"max_hp_gain":0,"max_hp_loss":0,"event_name":"Duplicator","floor":19,"gold_loss":0,"cards_obtained":["hermit:EternalForm"]},{"damage_healed":0,"gold_gain":0,"player_choice":"Ignored","damage_taken":0,"max_hp_gain":0,"max_hp_loss":0,"event_name":"Vampires","floor":20,"gold_loss":0},{"damage_healed":0,"gold_gain":0,"player_choice":"Memory 3","damage_taken":10,"max_hp_gain":0,"max_hp_loss":0,"event_name":"SensoryStone","floor":36,"gold_loss":0},{"damage_healed":0,"gold_gain":0,"player_choice":"Forge","damage_taken":0,"max_hp_gain":0,"max_hp_loss":0,"event_name":"Accursed Blacksmith","floor":38,"gold_loss":0,"cards_upgraded":["hermit:NoHoldsBarred"]},{"damage_healed":0,"gold_gain":0,"player_choice":"Fight","damage_taken":0,"max_hp_gain":0,"max_hp_loss":0,"event_name":"Mysterious Sphere","floor":39,"gold_loss":0}],"is_beta":false,"boss_relics":[{"not_picked":["Cursed Key","Fusion Hammer"],"picked":"Velvet Choker"},{"not_picked":["Calling Bell","Replay:Wanted Poster"],"picked":"Replay:Drink Me"}],"items_purged_floors":[21,46,53],"is_endless":false,"potions_floor_spawned":[1,6,12,14,24,25,30,31,33,35,37,54],"killed_by":"The Heart","ascension_level":19}}