{"host":"j4g6ia6asvpyu2b0","time":1609970439,"event":{"mods":["BaseMod","Colored Map","Minty Spire (QoL Compilation)","Permanent Neow","Quick Restart","Relic Stats","StSLib","Unceasing Turn Reminder"],"gold_per_floor":[117,77,97,107,124,124,135,151,151,151,167,202,202,234,234,337,337,355,355,355],"floor_reached":19,"playtime":598,"items_purged":[],"score":277,"play_id":"4dea5e05-6f1f-42cf-9d27-f0fe2fb213ce","local_time":"20210106150039","is_ascension_mode":true,"campfire_choices":[{"data":"Eruption","floor":6.0,"key":"SMITH"},{"data":"Omniscience","floor":10.0,"key":"SMITH"},{"data":"TalkToTheHand","floor":13.0,"key":"SMITH"},{"data":"CutThroughFate","floor":15.0,"key":"SMITH"}],"circlet_count":0,"master_deck":["Eruption+1","Vigilance","PathToVictory","Wallop","CutThroughFate+1","Wallop","Omniscience+1","FlurryOfBlows","FollowUp","TalkToTheHand+1","EmptyFist","Vault","PathToVictory","ConjureBlade","DeceiveReality","Halt","Alpha","Omniscience","SandsOfTime","DevaForm","ClearTheMind"],"relics":["Velvet Choker","Boot","StrikeDummy","Pandora\u0027s Box"],"acts_visited":["Exordium","TheCity"],"potions_floor_usage":[],"damage_taken":[{"damage":0.0,"enemies":"2 Louse","floor":1.0,"turns":2.0},{"damage":0.0,"enemies":"Cultist","floor":3.0,"turns":3.0},{"damage":0.0,"enemies":"Jaw Worm","floor":4.0,"turns":2.0},{"damage":3.0,"enemies":"Blue Slaver","floor":5.0,"turns":4.0},{"damage":0.0,"enemies":"3 Louse","floor":7.0,"turns":2.0},{"damage":0.0,"enemies":"2 Fungi Beasts","floor":8.0,"turns":3.0},{"damage":0.0,"enemies":"Exordium Wildlife","floor":11.0,"turns":2.0},{"damage":0.0,"enemies":"Gremlin Nob","floor":12.0,"turns":2.0},{"damage":0.0,"enemies":"3 Sentries","floor":14.0,"turns":4.0},{"damage":30,"enemies":"Hexaghost","floor":16,"turns":6},{"damage":0,"enemies":"Chosen","floor":18,"turns":3},{"damage":0,"enemies":"3 Byrds","floor":19,"turns":1}],"seed_played":"-4283776922834250640","potions_obtained":[{"floor":2.0,"key":"LiquidBronze"},{"floor":2.0,"key":"FearPotion"},{"floor":2.0,"key":"Fire Potion"},{"floor":4.0,"key":"Regen Potion"},{"floor":7.0,"key":"SteroidPotion"},{"floor":8.0,"key":"Ambrosia"},{"floor":14.0,"key":"Swift Potion"},{"floor":16,"key":"Energy Potion"}],"is_trial":false,"path_per_floor":["M","?","M","M","M","R","M","M","T","R","M","E","R","E","R","B",null,"M","M"],"character_chosen":"WATCHER","items_purchased":[],"campfire_rested":0,"item_purchase_floors":[],"current_hp_per_floor":[72,72,72,72,69,69,69,69,69,69,69,69,69,69,69,39,72,72,72,72],"gold":355,"neow_bonus":"BOSS_RELIC","is_daily":false,"chose_seed":false,"campfire_upgraded":4,"win_rate":0.0,"timestamp":1609970439,"path_taken":["M","?","M","M","?","R","M","M","T","R","M","E","R","E","R","BOSS","M","M"],"items_purchased_type":[],"build_version":"2020-12-22","purchased_purges":0,"victory":false,"max_hp_per_floor":[72,72,72,72,72,72,72,72,72,72,72,72,72,72,72,72,72,72,72,72],"relic_stats":{"counters":[12,34],"Pandora\u0027s Box":["PathToVictory","ConjureBlade","DeceiveReality","Halt","Alpha","Omniscience","SandsOfTime","DevaForm"],"Boot":[3],"obtain_stats":[{"Velvet Choker":0,"Pandora\u0027s Box":17,"PureWater":0,"Boot":12,"StrikeDummy":14},{"Velvet Choker":0,"Pandora\u0027s Box":10,"PureWater":0,"Boot":8,"StrikeDummy":9},{"Velvet Choker":0,"Pandora\u0027s Box":30,"PureWater":0,"Boot":20,"StrikeDummy":24}]},"card_choices":[{"not_picked":["FlyingSleeves","JustLucky"],"picked":"PathToVictory","floor":1.0},{"not_picked":["FlyingSleeves","DeceiveReality"],"picked":"Wallop","floor":3.0},{"not_picked":["Study","FlurryOfBlows"],"picked":"CutThroughFate","floor":4.0},{"not_picked":["Halt","FollowUp"],"picked":"Wallop","floor":5.0},{"not_picked":["Prostrate","Meditate"],"picked":"Omniscience","floor":7.0},{"not_picked":["EmptyFist","Protect"],"picked":"FlurryOfBlows","floor":8.0},{"not_picked":["Protect","Perseverance"],"picked":"FollowUp","floor":11.0},{"not_picked":["PathToVictory","ThirdEye"],"picked":"TalkToTheHand","floor":12.0},{"not_picked":["Halt","BowlingBash"],"picked":"EmptyFist","floor":14.0},{"not_picked":["Establishment","Judgement"],"picked":"Vault","floor":16},{"not_picked":["ForeignInfluence","CutThroughFate"],"picked":"ClearTheMind","floor":18}],"player_experience":738371,"relics_obtained":[{"floor":12.0,"key":"Boot"},{"floor":14.0,"key":"StrikeDummy"}],"event_choices":[{"damage_healed":0.0,"max_hp_gain":0.0,"max_hp_loss":0.0,"gold_gain":0.0,"event_name":"The Woman in Blue","player_choice":"Bought 3 Potions","floor":2.0,"gold_loss":0.0,"damage_taken":0.0}],"is_beta":false,"boss_relics":[{"not_picked":["VioletLotus","Snecko Eye"],"picked":"Pandora\u0027s Box"}],"items_purged_floors":[],"is_endless":false,"potions_floor_spawned":[4,5,7,8,12,14,16,18],"killed_by":"3 Byrds","ascension_level":4}}