{"host":"Ceyx","time":1609947666,"event":{"mods":["BaseMod","Beaked The Cultist","BetterRewards","Conspire","Downfall","Hermit","Lobotomy","Minty Spire (QoL Compilation)","Shop Mod","StSLib","The Jungle","The Poker Player"],"gold_per_floor":[115,115,115,129,153,188,188,188,214,237,271,271,310,310,310,438,438,454,454,454,475,495,495,594,621,671,470,489,520,534,568,568,693,693,716,716,779,779,451,494,494,538,538,576,576,619,17,38,38,38],"floor_reached":51,"playtime":4829,"items_purged":[],"score":908,"play_id":"3d5e1194-41e7-41f9-8b86-d45efd28f5ff","local_time":"20210106224106","is_ascension_mode":true,"metric_token":786,"campfire_choices":[{"data":"PokerPlayerMod:Mulligan","floor":7.0,"key":"SMITH"},{"floor":12.0,"key":"REST"},{"data":"PokerPlayerMod:StackedDeck","floor":15.0,"key":"SMITH"},{"data":"PokerPlayerMod:Duplicate","floor":23.0,"key":"SMITH"},{"data":"PokerPlayerMod:Harden","floor":32.0,"key":"SMITH"},{"data":"PokerPlayerMod:GamblerForm","floor":45.0,"key":"SMITH"},{"data":"PokerPlayerMod:Promotion","floor":49.0,"key":"SMITH"}],"circlet_count":0,"master_deck":["PokerPlayerMod:Diamond2","PokerPlayerMod:Diamond3","PokerPlayerMod:Diamond4","PokerPlayerMod:Diamond5","PokerPlayerMod:Spade2","PokerPlayerMod:Spade3","PokerPlayerMod:Spade4","PokerPlayerMod:Club2","PokerPlayerMod:Heart2","PokerPlayerMod:TrumpStrike+1","PokerPlayerMod:BadJoker","PokerPlayerMod:Mulligan+1","PokerPlayerMod:StackedDeck+1","PokerPlayerMod:Heart4","PokerPlayerMod:Duplicate+1","PokerPlayerMod:ClubDance+1","PokerPlayerMod:ThinkingTime+1","PokerPlayerMod:Harden+1","PokerPlayerMod:HotShotCut","PokerPlayerMod:HeartStrike","PokerPlayerMod:Diamond8","PokerPlayerMod:CloakAndDiamond","PokerPlayerMod:Club5","PokerPlayerMod:RoyalStrike","PokerPlayerMod:GamblerForm+1","PokerPlayerMod:ClubShade","PokerPlayerMod:Promotion+1","PokerPlayerMod:Diamond6","Chrysalis","PokerPlayerMod:HeartStrike","PokerPlayerMod:CardBurn","Blind","PokerPlayerMod:Manipulation+1"],"relics":["PokerPlayerMod:DeckCase","Golden Idol","conspire:TopHat","Boot","conspire:DeflatedDodgeball","Eternal Feather","Tiny Chest","Busted Crown","War Paint","PreservedInsect","Calipers","WingedGreaves","Empty Cage","conspire:GiftBox","conspire:Flyswatter","conspire:DecoderRing","Mercury Hourglass","PokerPlayerMod:Splitter","Pear","Vajra","Potion Belt"],"acts_visited":["Exordium","TheCity","TheBeyond"],"potions_floor_usage":[50,50,50,50],"damage_taken":[{"damage":0.0,"enemies":"Cultist","floor":1.0,"turns":1.0},{"damage":0.0,"enemies":"2 Louse","floor":4.0,"turns":1.0},{"damage":0.0,"enemies":"Small Slimes","floor":5.0,"turns":1.0},{"damage":0.0,"enemies":"Gremlin Nob","floor":6.0,"turns":3.0},{"damage":0.0,"enemies":"Looter","floor":10.0,"turns":1.0},{"damage":26.0,"enemies":"Lagavulin","floor":11.0,"turns":4.0},{"damage":29.0,"enemies":"3 Sentries","floor":13.0,"turns":5.0},{"damage":34.0,"enemies":"Hexaghost","floor":16.0,"turns":9.0},{"damage":15.0,"enemies":"3 Byrds","floor":18.0,"turns":3.0},{"damage":2.0,"enemies":"Chosen","floor":21.0,"turns":4.0},{"damage":53.0,"enemies":"Shelled Parasite and Fungi","floor":22.0,"turns":8.0},{"damage":16.0,"enemies":"Snecko","floor":28.0,"turns":4.0},{"damage":10.0,"enemies":"Book of Stabbing","floor":29.0,"turns":3.0},{"damage":0.0,"enemies":"Snake Plant","floor":30.0,"turns":3.0},{"damage":10.0,"enemies":"conspire:Head Lice","floor":31.0,"turns":6.0},{"damage":33.0,"enemies":"conspire:MysteriousRune","floor":33.0,"turns":7.0},{"damage":18.0,"enemies":"3 Shapes","floor":35.0,"turns":4.0},{"damage":0.0,"enemies":"Mind Bloom Boss Battle","floor":37.0,"turns":4.0},{"damage":38.0,"enemies":"Nemesis","floor":40.0,"turns":5.0},{"damage":41.0,"enemies":"beaked:SuperParasite","floor":42.0,"turns":7.0},{"damage":23.0,"enemies":"Nemesis","floor":44.0,"turns":4.0},{"damage":7.0,"enemies":"Giant Head","floor":46.0,"turns":7.0},{"damage":22.0,"enemies":"3 Darklings","floor":48.0,"turns":5.0},{"damage":127,"enemies":"Donu and Deca","floor":50,"turns":10}],"seed_played":"-285939424601801790","potions_obtained":[{"floor":4.0,"key":"Energy Potion"},{"floor":5.0,"key":"conspire:TimeTravelPotion"},{"floor":6.0,"key":"SkillPotion"},{"floor":13.0,"key":"SteroidPotion"},{"floor":18.0,"key":"FearPotion"},{"floor":21.0,"key":"Strength Potion"},{"floor":33.0,"key":"Fire Potion"},{"floor":35.0,"key":"Guardian:BlockOnCardUsePotion"},{"floor":44.0,"key":"Fire Potion"},{"floor":48.0,"key":"ColorlessPotion"}],"is_trial":false,"path_per_floor":["M","?","?","M","M","E","R","?","T","M","E","R","E","?","R","B",null,"M","?","?","M","M","R","?","T","T","$","M","E","M","E","R","B",null,"M","?","?","$","$","E","T","E","T","E","R","E","$","M","R","B",null],"character_chosen":"THE_POKER_PLAYER","items_purchased":["PokerPlayerMod:HeartStrike","PokerPlayerMod:Diamond8","PokerPlayerMod:CloakAndDiamond","conspire:Flyswatter","PokerPlayerMod:ClubShade","Chrysalis","PokerPlayerMod:HeartStrike","PokerPlayerMod:CardBurn","Regen Potion","Dexterity Potion","Fruit Juice","Blind"],"campfire_rested":1,"item_purchase_floors":[27,27,27,39,39,47,47,47,47,47,47,47],"current_hp_per_floor":[52,39,39,52,52,52,52,52,52,52,26,41,17,17,26,2,52,37,37,37,44,15,27,27,27,27,27,16,14,26,27,42,25,52,51,51,52,52,52,41,41,35,45,33,48,62,62,65,67,12],"gold":38,"neow_bonus":"ONE_RANDOM_RARE_CARD","is_daily":false,"chose_seed":false,"campfire_upgraded":6,"win_rate":0.0,"timestamp":1609947666,"path_taken":["M","?","?","M","?","E","R","?","T","M","E","R","E","?","R","BOSS","M","?","?","M","M","R","?","?","T","$","M","E","M","E","R","BOSS","M","?","?","?","$","E","?","E","T","E","R","E","$","M","R","BOSS"],"items_purchased_type":["Card","Card","Card","Relic","Card","Card","Card","Card","Potion","Potion","Potion","Card"],"build_version":"2020-12-18","purchased_purges":0,"victory":true,"max_hp_per_floor":[52,52,52,52,52,52,52,52,52,52,52,52,52,52,52,52,52,52,52,52,52,52,52,52,52,52,52,52,52,52,52,52,52,52,52,52,52,52,52,52,52,52,62,62,62,62,62,67,67,67],"card_choices":[{"not_picked":["PokerPlayerMod:Spade2","PokerPlayerMod:Overdeal"],"picked":"PokerPlayerMod:Heart4","floor":1.0},{"not_picked":["PokerPlayerMod:Heart4","PokerPlayerMod:Diamond2","PokerPlayerMod:Diamond3"],"picked":"SKIP","floor":4.0},{"not_picked":["PokerPlayerMod:Spade6","PokerPlayerMod:Spade3","PokerPlayerMod:ClubStrike"],"picked":"SKIP","floor":5.0},{"not_picked":["PokerPlayerMod:Diamond4","PokerPlayerMod:Diamond3","PokerPlayerMod:Harden"],"picked":"SKIP","floor":6.0},{"not_picked":["PokerPlayerMod:Trickery","PokerPlayerMod:Diamond2","PokerPlayerMod:Club1"],"picked":"SKIP","floor":10.0},{"not_picked":["PokerPlayerMod:Diamond3","PokerPlayerMod:Spade2","PokerPlayerMod:Diamond1"],"picked":"SKIP","floor":11.0},{"not_picked":["PokerPlayerMod:JackOfSpades","PokerPlayerMod:Harden","PokerPlayerMod:Diamond2"],"picked":"SKIP","floor":13.0},{"not_picked":["PokerPlayerMod:Spade9","PokerPlayerMod:StackedDeck"],"picked":"PokerPlayerMod:Duplicate","floor":16.0},{"not_picked":[],"picked":"PokerPlayerMod:ClubDance","floor":18.0},{"not_picked":["PokerPlayerMod:DartThrow"],"picked":"SKIP","floor":21.0},{"not_picked":["PokerPlayerMod:SpadeStrike"],"picked":"SKIP","floor":22.0},{"not_picked":[],"picked":"PokerPlayerMod:Club5","floor":28.0},{"not_picked":["PokerPlayerMod:Sharpen"],"picked":"SKIP","floor":29.0},{"not_picked":["PokerPlayerMod:HotShotCut"],"picked":"SKIP","floor":30.0},{"not_picked":["PokerPlayerMod:Diamond2"],"picked":"SKIP","floor":31.0},{"not_picked":[],"picked":"PokerPlayerMod:RoyalStrike","floor":33.0},{"not_picked":["PokerPlayerMod:ClubsClub"],"picked":"SKIP","floor":35.0},{"not_picked":[],"picked":"PokerPlayerMod:GamblerForm","floor":37.0},{"not_picked":[],"picked":"PokerPlayerMod:Promotion","floor":40.0},{"not_picked":[],"picked":"PokerPlayerMod:Diamond6","floor":42.0},{"not_picked":["PokerPlayerMod:DamnStraight"],"picked":"SKIP","floor":44.0},{"not_picked":["PokerPlayerMod:Diamond3"],"picked":"SKIP","floor":46.0},{"not_picked":[],"picked":"PokerPlayerMod:Manipulation+1","floor":48.0}],"player_experience":538687,"relics_obtained":[{"floor":6.0,"key":"conspire:TopHat"},{"floor":9.0,"key":"Boot"},{"floor":11.0,"key":"conspire:DeflatedDodgeball"},{"floor":13.0,"key":"Eternal Feather"},{"floor":25.0,"key":"War Paint"},{"floor":26.0,"key":"PreservedInsect"},{"floor":29.0,"key":"Calipers"},{"floor":31.0,"key":"WingedGreaves"},{"floor":37.0,"key":"conspire:GiftBox"},{"floor":40.0,"key":"conspire:DecoderRing"},{"floor":41.0,"key":"Mercury Hourglass"},{"floor":42.0,"key":"PokerPlayerMod:Splitter"},{"floor":43.0,"key":"Pear"},{"floor":44.0,"key":"Vajra"},{"floor":46.0,"key":"Potion Belt"}],"event_choices":[{"damage_healed":0.0,"max_hp_gain":0.0,"max_hp_loss":0.0,"gold_gain":0.0,"event_name":"Golden Idol","player_choice":"Take Damage","floor":2.0,"gold_loss":0.0,"damage_taken":13.0,"relics_obtained":["Golden Idol"]},{"damage_healed":0.0,"max_hp_gain":0.0,"max_hp_loss":0.0,"gold_gain":0.0,"event_name":"Upgrade Shrine","player_choice":"Upgraded","floor":3.0,"gold_loss":0.0,"damage_taken":0.0,"cards_upgraded":["PokerPlayerMod:TrumpStrike"]},{"damage_healed":0.0,"max_hp_gain":0.0,"max_hp_loss":0.0,"gold_gain":0.0,"event_name":"conspire:LoneGhost","player_choice":"Disagree","floor":8.0,"gold_loss":0.0,"damage_taken":0.0},{"damage_healed":0.0,"max_hp_gain":0.0,"max_hp_loss":0.0,"gold_gain":0.0,"event_name":"Big Fish","player_choice":"Box","floor":14.0,"gold_loss":0.0,"damage_taken":0.0,"relics_obtained":["Tiny Chest"],"cards_obtained":["Regret"]},{"damage_healed":0.0,"max_hp_gain":0.0,"max_hp_loss":0.0,"gold_gain":0.0,"event_name":"PokerPlayerMod:Vampires","player_choice":"Think Hard","floor":19.0,"gold_loss":0.0,"damage_taken":0.0,"cards_obtained":["PokerPlayerMod:ThinkingTime"]},{"damage_healed":0.0,"max_hp_gain":0.0,"max_hp_loss":0.0,"gold_gain":0.0,"cards_transformed":["PokerPlayerMod:Diamond1","PokerPlayerMod:Spade1"],"event_name":"Drug Dealer","player_choice":"Became Test Subject","floor":20.0,"gold_loss":0.0,"damage_taken":0.0,"cards_obtained":["PokerPlayerMod:Harden","PokerPlayerMod:HotShotCut"]},{"damage_healed":0.0,"max_hp_gain":0.0,"max_hp_loss":0.0,"gold_gain":99.0,"event_name":"Nest","player_choice":"Stole From Cult","floor":24.0,"gold_loss":0.0,"damage_taken":0.0},{"damage_healed":0.0,"max_hp_gain":0.0,"max_hp_loss":0.0,"gold_gain":0.0,"event_name":"conspire:Investor","player_choice":"Leave","floor":36.0,"gold_loss":0.0,"damage_taken":0.0},{"damage_healed":0.0,"max_hp_gain":0.0,"max_hp_loss":0.0,"gold_gain":0.0,"event_name":"MindBloom","player_choice":"Fight","floor":37.0,"gold_loss":0.0,"damage_taken":0.0}],"is_beta":true,"boss_relics":[{"not_picked":["Philosopher\u0027s Stone","Coffee Dripper"],"picked":"Busted Crown"},{"not_picked":["Tiny House","beaked:MawFillet"],"picked":"Empty Cage"}],"items_purged_floors":[],"is_endless":false,"potions_floor_spawned":[4,5,6,13,18,21,33,35,44,48],"ascension_level":1}}