{"host":"ravx05nawt015nhw","time":1609912974,"event":{"mods":["Astrologer","BaseMod","Hermit","Minty Spire (QoL Compilation)","StSLib","The Cursed"],"gold_per_floor":[111,111,123,138,138,173,188,219,242,242,1,26,26,101,101,232,232,202,55,55,55,55,55,55,55,55,55,55,55,55,55,55,55,55],"floor_reached":33,"playtime":1428,"items_purged":[],"score":295,"play_id":"f3e31fb8-12c3-460e-a8ed-f21208ea2054","local_time":"20210105220254","is_ascension_mode":false,"campfire_choices":[{"data":"hermit:TakeCover","floor":10,"key":"SMITH"},{"data":"hermit:PistolWhip","floor":13,"key":"SMITH"},{"data":"hermit:NoHoldsBarred","floor":15,"key":"SMITH"},{"data":"hermit:OverwhelmingPower","floor":28,"key":"SMITH"},{"floor":32,"key":"REST"}],"circlet_count":0,"master_deck":["hermit:Strike_Hermit","hermit:Strike_Hermit","hermit:Strike_Hermit","hermit:Strike_Hermit","hermit:Defend_Hermit","hermit:Defend_Hermit+1","hermit:Defend_Hermit","hermit:Defend_Hermit","hermit:Snapshot+1","hermit:Covet+1","hermit:CursedWeapon+1","hermit:NoHoldsBarred+1","hermit:TakeCover+1","Injury","hermit:Headshot","hermit:Feint","hermit:PistolWhip+1","hermit:OverwhelmingPower+1","hermit:PistolWhip","hermit:BigShot","Shame","hermit:Snipe","hermit:Manifest","hermit:Feint"],"relics":["hermit:Momento","Golden Idol","The Courier","Blood Vial","Boot","Lee\u0027s Waffle","War Paint","Ectoplasm","MealTicket","Nunchaku","Tiny Chest","Akabeko","Turnip","Letter Opener"],"acts_visited":["Exordium","TheCity"],"potions_floor_usage":[6,6,7,16,27,33,33,33],"damage_taken":[{"damage":0,"enemies":"2 Louse","floor":1,"turns":3},{"damage":5,"enemies":"Small Slimes","floor":3,"turns":3},{"damage":3,"enemies":"Jaw Worm","floor":4,"turns":2},{"damage":6,"enemies":"3 Sentries","floor":6,"turns":6},{"damage":2,"enemies":"Large Slime","floor":7,"turns":3},{"damage":16,"enemies":"Gremlin Nob","floor":8,"turns":4},{"damage":11,"enemies":"Gremlin Gang","floor":12,"turns":4},{"damage":12,"enemies":"Slime Boss","floor":16,"turns":9},{"damage":22,"enemies":"2 Thieves","floor":18,"turns":3},{"damage":2,"enemies":"3 Byrds","floor":22,"turns":4},{"damage":29,"enemies":"Book of Stabbing","floor":23,"turns":4},{"damage":22,"enemies":"Gremlin Leader","floor":25,"turns":3},{"damage":15,"enemies":"Shelled Parasite and Fungi","floor":27,"turns":3},{"damage":2,"enemies":"Snake Plant","floor":30,"turns":2},{"damage":9,"enemies":"Snecko","floor":31,"turns":5},{"damage":50,"enemies":"Automaton","floor":33,"turns":6}],"seed_played":"3813307353911237927","potions_obtained":[{"floor":1,"key":"Strength Potion"},{"floor":3,"key":"DuplicationPotion"},{"floor":6,"key":"FearPotion"},{"floor":12,"key":"SteroidPotion"},{"floor":22,"key":"Dexterity Potion"},{"floor":25,"key":"EssenceOfSteel"},{"floor":30,"key":"Fire Potion"},{"floor":31,"key":"Fire Potion"}],"is_trial":false,"path_per_floor":["M","?","M","M","?","E","M","E","T","R","$","M","R","?","R","B",null,"M","$","?","$","M","E","?","E","T","M","R","?","M","M","R","B"],"character_chosen":"HERMIT","items_purchased":["Lee\u0027s Waffle","War Paint","hermit:BigShot","MealTicket"],"campfire_rested":1,"item_purchase_floors":[11,11,19,19],"current_hp_per_floor":[82,66,61,58,58,52,50,34,34,34,89,78,78,67,67,57,89,67,67,67,82,82,55,55,35,35,22,22,16,16,9,35,0,0],"gold":55,"neow_bonus":"TEN_PERCENT_HP_BONUS","is_daily":false,"chose_seed":false,"campfire_upgraded":4,"win_rate":0.0,"timestamp":1609912974,"path_taken":["M","?","M","M","?","E","M","E","T","R","$","M","R","?","R","BOSS","M","$","?","?","M","E","?","E","T","M","R","?","?","M","R","BOSS"],"items_purchased_type":["Relic","Relic","Card","Relic"],"build_version":"2020-12-22","purchased_purges":0,"victory":false,"max_hp_per_floor":[82,82,82,82,82,82,82,82,82,82,89,89,89,89,89,89,89,89,89,89,89,89,89,89,89,89,89,89,89,89,89,89,89,89],"card_choices":[{"not_picked":["hermit:Headshot","hermit:Manifest"],"picked":"hermit:CursedWeapon","floor":1},{"not_picked":["hermit:Desperado","hermit:Manifest"],"picked":"hermit:NoHoldsBarred","floor":3},{"not_picked":["hermit:TakeAim","hermit:Maintenance"],"picked":"hermit:TakeCover","floor":4},{"not_picked":["hermit:Scavenge","hermit:Desperado"],"picked":"hermit:Headshot","floor":6},{"not_picked":["hermit:HoleUp","hermit:Headshot"],"picked":"hermit:Feint","floor":7},{"not_picked":["hermit:Grudge","hermit:WideOpen"],"picked":"hermit:PistolWhip","floor":8},{"not_picked":["hermit:DeadMansHand","hermit:TakeCover","hermit:NoHoldsBarred"],"picked":"SKIP","floor":12},{"not_picked":["hermit:RoundhouseKick","hermit:FatalDesire"],"picked":"hermit:OverwhelmingPower","floor":16},{"not_picked":["hermit:Dive","hermit:Misfire"],"picked":"hermit:PistolWhip","floor":18},{"not_picked":["hermit:TrackingShot","hermit:Desperado"],"picked":"hermit:Snipe","floor":22},{"not_picked":["hermit:NoHoldsBarred+1","hermit:Glare","hermit:ItchyTrigger"],"picked":"SKIP","floor":23},{"not_picked":["hermit:WideOpen","hermit:FinalCanter"],"picked":"hermit:Manifest","floor":25},{"not_picked":["hermit:BodyArmor","hermit:CursedWeapon"],"picked":"hermit:Feint","floor":27},{"not_picked":["hermit:Brawl","hermit:DeadMansHand","hermit:Feint"],"picked":"SKIP","floor":30},{"not_picked":["hermit:Vantage","hermit:Determination+1","hermit:DeadMansHand"],"picked":"SKIP","floor":31}],"player_experience":1070617,"relics_obtained":[{"floor":6,"key":"The Courier"},{"floor":8,"key":"Blood Vial"},{"floor":9,"key":"Boot"},{"floor":23,"key":"Tiny Chest"},{"floor":25,"key":"Turnip"},{"floor":26,"key":"Letter Opener"}],"event_choices":[{"damage_healed":0,"gold_gain":0,"player_choice":"Entered Light","damage_taken":16,"max_hp_gain":0,"max_hp_loss":0,"event_name":"Shining Light","floor":2,"gold_loss":0,"cards_upgraded":["hermit:CursedWeapon","hermit:Snapshot"]},{"damage_healed":0,"gold_gain":0,"player_choice":"Take Wound","damage_taken":0,"relics_obtained":["Golden Idol"],"max_hp_gain":0,"max_hp_loss":0,"event_name":"Golden Idol","floor":5,"gold_loss":0,"cards_obtained":["Injury"]},{"damage_healed":0,"gold_gain":75,"player_choice":"Gather Gold","damage_taken":11,"max_hp_gain":0,"max_hp_loss":0,"event_name":"World of Goop","floor":14,"gold_loss":0},{"damage_healed":0,"gold_gain":0,"player_choice":"Stole Relic","damage_taken":0,"relics_obtained":["Nunchaku"],"max_hp_gain":0,"max_hp_loss":0,"event_name":"Addict","floor":20,"gold_loss":0,"cards_obtained":["Shame"]},{"damage_healed":0,"gold_gain":0,"player_choice":"Opened","damage_taken":0,"relics_obtained":["Akabeko"],"max_hp_gain":0,"max_hp_loss":0,"event_name":"The Mausoleum","floor":24,"gold_loss":0},{"damage_healed":0,"gold_gain":0,"player_choice":"","damage_taken":6,"max_hp_gain":0,"max_hp_loss":0,"event_name":"Knowing Skull","floor":29,"potions_obtained":[],"gold_loss":0,"cards_obtained":[]}],"is_beta":false,"boss_relics":[{"not_picked":["Tiny House","Black Star"],"picked":"Ectoplasm"}],"items_purged_floors":[],"is_endless":false,"potions_floor_spawned":[1,3,6,12,22,25,30,31],"killed_by":"Automaton","ascension_level":0}}