{"host":"i09pxcjttd31eh4q","time":1609933712,"event":{"mods":["AchievementEnabler","BaseMod","Colored Map","Keyboard Shortcuts","Minty Spire (QoL Compilation)","StSLib","SuperFastMode"],"gold_per_floor":[113,128,128,128,53,53,84,99,99,114,128,154,173,173,173],"floor_reached":14,"playtime":280,"items_purged":["Strike_P"],"score":304,"play_id":"50cbae7d-7b62-4cf0-ba15-61140f231c7b","local_time":"20210106204832","is_ascension_mode":true,"campfire_choices":[{"data":"Eruption","floor":6.0,"key":"SMITH"}],"circlet_count":0,"master_deck":["AscendersBane","Strike_P","Strike_P+1","Strike_P","Defend_P","Defend_P","Defend_P","Defend_P","Eruption+1","Vigilance","EmptyMind","WheelKick+1","Indignation","Wallop","EmptyFist"],"relics":["PureWater","NeowsBlessing","InkBottle","Peace Pipe","Pen Nib","Whetstone","Prayer Wheel"],"acts_visited":["Exordium"],"potions_floor_usage":[14,14],"damage_taken":[{"damage":5.0,"enemies":"Small Slimes","floor":1.0,"turns":2.0},{"damage":0.0,"enemies":"2 Louse","floor":2.0,"turns":1.0},{"damage":0.0,"enemies":"Lagavulin","floor":7.0,"turns":3.0},{"damage":0.0,"enemies":"Cultist","floor":8.0,"turns":2.0},{"damage":10.0,"enemies":"Gremlin Gang","floor":10.0,"turns":4.0},{"damage":8.0,"enemies":"Exordium Thugs","floor":11.0,"turns":4.0},{"damage":0.0,"enemies":"Gremlin Nob","floor":12.0,"turns":2.0},{"damage":9.0,"enemies":"Lots of Slimes","floor":13.0,"turns":4.0},{"damage":7,"enemies":"3 Sentries","floor":14,"turns":4}],"seed_played":"-6739259740492200193","potions_obtained":[{"floor":2.0,"key":"Energy Potion"},{"floor":10.0,"key":"Fire Potion"},{"floor":12.0,"key":"SneckoOil"}],"is_trial":false,"path_per_floor":["M","M","?","?","$","R","E","M","T","M","M","E","M","E"],"character_chosen":"WATCHER","items_purchased":[],"campfire_rested":0,"item_purchase_floors":[],"current_hp_per_floor":[56,56,45,45,45,45,45,45,45,35,27,27,18,11,11],"gold":173,"neow_bonus":"THREE_ENEMY_KILL","is_daily":false,"chose_seed":false,"campfire_upgraded":1,"win_rate":0.0,"timestamp":1609933712,"path_taken":["M","M","?","?","$","R","E","M","T","M","M","E","?","E"],"items_purchased_type":[],"build_version":"2020-12-22","purchased_purges":1,"victory":false,"max_hp_per_floor":[68,68,68,68,68,68,68,68,68,68,68,68,68,68,68],"card_choices":[{"not_picked":["Halt","Prostrate"],"picked":"EmptyMind","floor":1.0},{"not_picked":["Halt","JustLucky"],"picked":"WheelKick","floor":2.0},{"not_picked":["Weave","Crescendo"],"picked":"Indignation","floor":7.0},{"not_picked":["FlurryOfBlows","Wireheading","Nirvana"],"picked":"SKIP","floor":8.0},{"not_picked":["SashWhip","ThirdEye","EmptyBody"],"picked":"SKIP","floor":10.0},{"not_picked":["Indignation","Vengeance"],"picked":"Wallop","floor":11.0},{"not_picked":["Fasting2","Weave","DeceiveReality"],"picked":"SKIP","floor":12.0},{"not_picked":["Indignation","Prostrate"],"picked":"EmptyFist","floor":13.0},{"not_picked":["Brilliance","SandsOfTime","BowlingBash"],"picked":"SKIP","floor":13.0}],"player_experience":834100,"relics_obtained":[{"floor":4.0,"key":"Peace Pipe"},{"floor":7.0,"key":"Pen Nib"},{"floor":9.0,"key":"Whetstone"},{"floor":12.0,"key":"Prayer Wheel"}],"event_choices":[{"damage_healed":0.0,"max_hp_gain":0.0,"max_hp_loss":0.0,"gold_gain":0.0,"event_name":"Scrap Ooze","player_choice":"Success","floor":3.0,"gold_loss":0.0,"damage_taken":11.0,"relics_obtained":["InkBottle"]},{"damage_healed":0.0,"max_hp_gain":0.0,"max_hp_loss":0.0,"gold_gain":0.0,"event_name":"Wheel of Change","player_choice":"Relic","floor":4.0,"gold_loss":0.0,"damage_taken":0.0}],"is_beta":false,"boss_relics":[],"items_purged_floors":[5],"is_endless":false,"potions_floor_spawned":[2,10,12,13],"killed_by":"3 Sentries","ascension_level":20}}