{"host":"2i0myh7fqij2ti1z","time":1609911531,"event":{"mods":["Aspiration","BaseMod","Better Third Choice","Colored Powertips","FoggyMod","Highlight Path","Minty Spire (QoL Compilation)","Permanent Neow","Quick Restart","Random Character Button","Random Character Mod","Relic Sorter","Replay The Spire","Shop Mod","Spicy Shops","StSLib","Transform Curses","Wandering Minibosses","vexMod"],"gold_per_floor":[114,114,64,12,27,27,2,77,77,8699,8699,8699,7968,7998,7998,8098,8098,8113,8154,8354,8354,8354,8354,8379,8379,8438,8438,7076,7076,7106,7106,7106,7224,7224,7239,7239,6614,6623,6657,6657,5532,0,10009,10077,10077,9127,9127,9175,9175,9212],"floor_reached":51,"playtime":1967,"items_purged":["Strike_P","Defend_P","Indignation","Doubt","ReplayTheSpireMod:Restless Dread","Shame"],"score":823,"play_id":"993a8a75-de3c-40c9-8084-6b99b90941dc","local_time":"20210106133851","daily_mods":["Cursed Run","Uncertain Future","Binary"],"is_ascension_mode":false,"campfire_choices":[{"data":"Eruption","floor":6,"key":"SMITH"},{"data":"Omniscience","floor":11,"key":"SMITH"},{"data":"Defend_P","floor":15,"key":"PURGE"},{"data":"Delirium","floor":23,"key":"PURGE"},{"data":"Spreading Infection","floor":32,"key":"PURGE"},{"data":"Amnesia","floor":45,"key":"PURGE"},{"data":"Shame","floor":47,"key":"PURGE"},{"data":"Strike_P","floor":49,"key":"PURGE"}],"circlet_count":0,"master_deck":["Strike_P","Strike_P","Eruption+1","Vigilance+1","Alpha+1","Tantrum+1","Fasting2+1","Omniscience+1","Setup+1","ConjureBlade","Clumsy","DevaForm+1","Omniscience+1","Trip","ReplayTheSpireMod:Faulty Equipment","Apotheosis+1","Clumsy","Looming Evil"],"relics":["Cursed Key","Darkstone Periapt","Du-Vu Doll","Omamori","Sling","Iron Hammer","Replay:Bottled Snecko","Peace Pipe","ReplayTheSpireMod:Lightbulb","White Beast Statue","MealTicket","Lee\u0027s Waffle","vexMod:PaidLearning","Replay:Wax Seal","HornCleat","ReplayTheSpireMod:TigerMarble","Bag of Preparation","Centennial Puzzle","Replay:Ancient Bell","Juzu Bracelet","Replay:Accelerometer","Replay:Purple Gloves","aspiration:StickyExplosives_weak","CeramicFish","MutagenicStrength","Blue Doll","PrismaticShard","StoneCalendar","Question Card","Gremlin Food","Oddly Smooth Stone","Chemical X","DollysMirror","aspiration:HummingbirdHeart","Fusion Hammer","wanderingMiniBosses:AbyssPearl","aspiration:FetidBarrel","Guide Book","TheAbacus","Ring of Fury","Ring of Misfortune","Toy Ornithopter","Divine Protection","Replay:Bandana","OrangePellets","Pet Ghost","Blood Vial","Red Mask","aspiration:ChemicalBlood","FossilizedHelix","Frozen Eye","vexMod:Cooldron","Pen Nib","vexMod:MemoryStick","aspiration:HiddenCompartment","Orichalcum"],"acts_visited":["Exordium","TheCity","TheBeyond"],"potions_floor_usage":[14,33],"damage_taken":[{"damage":0,"enemies":"Small Slimes","floor":1,"turns":2},{"damage":2,"enemies":"2 Louse","floor":5,"turns":3},{"damage":0,"enemies":"Gremlin Nob","floor":14,"turns":1},{"damage":33,"enemies":"Fading Forest","floor":16,"turns":8},{"damage":0,"enemies":"2 Thieves","floor":18,"turns":1},{"damage":0,"enemies":"Book of Stabbing","floor":30,"turns":1},{"damage":1,"enemies":"Collector","floor":33,"turns":3},{"damage":0,"enemies":"3 Darklings","floor":35,"turns":4},{"damage":0,"enemies":"Mind Bloom Boss Battle","floor":44,"turns":1},{"damage":0,"enemies":"R_Hoarder","floor":48,"turns":5},{"damage":0,"enemies":"Replay:Hell Engine","floor":50,"turns":3}],"seed_played":"-5218424555718163201","potions_obtained":[{"floor":5,"key":"StancePotion"},{"floor":14,"key":"Elixir"},{"floor":16,"key":"Strength Potion"},{"floor":18,"key":"Cursed Concoction"},{"floor":33,"key":"SmokeBomb"},{"floor":44,"key":"FairyPotion"}],"is_trial":false,"path_per_floor":["M","?","?","?","M","R","?","T","T","$","R","?","$","E","R","B",null,"M","?","?","?","?","R","T","?","T","?","$","?","E","?","R","B",null,"M","?","$","?","T","?","$","?","T","?","R","$","R","E","R","B",null],"character_chosen":"WATCHER","items_purchased":["Peace Pipe","ReplayTheSpireMod:Lightbulb","White Beast Statue","MealTicket","Tantrum+1","Fasting2","Lee\u0027s Waffle","vexMod:PaidLearning","Omniscience","HornCleat","ReplayTheSpireMod:TigerMarble","Bag of Preparation","Indignation","StoneCalendar","Question Card","Gremlin Food","Oddly Smooth Stone","Chemical X","DollysMirror","Trip","aspiration:FetidBarrel","Guide Book","TheAbacus","Divine Protection","Replay:Bandana","OrangePellets","Pet Ghost","Blood Vial","FairyPotion","Frozen Eye","vexMod:Cooldron","Pen Nib","vexMod:MemoryStick","aspiration:HiddenCompartment"],"campfire_rested":0,"item_purchase_floors":[10,10,10,10,10,10,10,10,10,13,13,13,13,28,28,28,28,28,28,28,37,37,37,41,41,41,41,41,41,46,46,46,46,46],"current_hp_per_floor":[72,72,72,72,70,70,70,70,70,85,85,58,73,73,73,46,109,109,82,82,82,93,93,99,99,105,97,112,112,112,87,87,92,132,132,132,132,138,144,144,144,144,150,150,150,150,150,150,150,156],"gold":9212,"neow_bonus":"","is_daily":true,"chose_seed":false,"campfire_upgraded":2,"win_rate":0.0,"timestamp":1609911531,"path_taken":["M","?","?","?","?","R","?","?","T","?","R","?","$","E","R","BOSS","M","?","?","?","?","R","?","?","T","?","$","?","E","?","R","BOSS","M","?","?","?","?","?","$","?","T","?","R","?","R","E","R","BOSS"],"items_purchased_type":["Relic","Relic","Relic","Relic","Card","Card","Relic","Relic","Card","Relic","Relic","Relic","Card","Relic","Relic","Relic","Relic","Relic","Relic","Card","Relic","Relic","Relic","Relic","Relic","Relic","Relic","Relic","Potion","Relic","Relic","Relic","Relic","Relic"],"build_version":"2020-12-22","purchased_purges":6,"victory":true,"max_hp_per_floor":[72,72,72,72,72,72,72,72,72,85,85,85,85,85,85,91,109,109,109,109,109,109,109,115,115,121,121,121,121,121,126,126,132,132,132,132,132,138,144,144,144,144,150,150,150,150,150,150,150,156],"card_choices":[{"not_picked":["Prostrate","Halt"],"picked":"SKIP","floor":1},{"not_picked":["EmptyFist","EmptyMind"],"picked":"SKIP","floor":5},{"not_picked":["Indignation","CrushJoints"],"picked":"SKIP","floor":14},{"not_picked":["Brilliance"],"picked":"ConjureBlade","floor":16},{"not_picked":["Clumsy"],"picked":"Shame","floor":17},{"not_picked":["Doubt"],"picked":"Amnesia","floor":17},{"not_picked":["Overencumbered"],"picked":"Clumsy","floor":17},{"not_picked":["EmptyFist","CrushJoints+1"],"picked":"SKIP","floor":18},{"not_picked":["Thunderclap","Choke","Cold Snap"],"picked":"SKIP","floor":30},{"not_picked":["Impervious","Multi-Cast"],"picked":"Apotheosis","floor":33},{"not_picked":["Dagger Throw+1","ThirdEye+1","FlyingSleeves+1"],"picked":"SKIP","floor":35},{"not_picked":["Dagger Throw+1","ClearTheMind","Defragment"],"picked":"SKIP","floor":48}],"player_experience":198750,"relics_obtained":[{"floor":8,"key":"Iron Hammer"},{"floor":9,"key":"Replay:Bottled Snecko"},{"floor":14,"key":"Centennial Puzzle"},{"floor":19,"key":"aspiration:StickyExplosives_weak"},{"floor":24,"key":"CeramicFish"},{"floor":26,"key":"Blue Doll"},{"floor":27,"key":"PrismaticShard"},{"floor":30,"key":"aspiration:HummingbirdHeart"},{"floor":35,"key":"wanderingMiniBosses:AbyssPearl"},{"floor":38,"key":"Ring of Fury"},{"floor":38,"key":"Ring of Misfortune"},{"floor":39,"key":"Toy Ornithopter"},{"floor":43,"key":"aspiration:ChemicalBlood"},{"floor":44,"key":"FossilizedHelix"},{"floor":48,"key":"Orichalcum"}],"event_choices":[{"cards_removed":["Defend_P"],"damage_healed":0,"gold_gain":0,"player_choice":"Card Removal","damage_taken":0,"max_hp_gain":0,"max_hp_loss":0,"event_name":"The Cleric","floor":3,"gold_loss":50},{"damage_healed":0,"gold_gain":0,"player_choice":"Paid Gold","damage_taken":0,"relics_obtained":["Omamori"],"max_hp_gain":0,"max_hp_loss":0,"event_name":"WeMeetAgain","floor":4,"gold_loss":52},{"damage_healed":0,"gold_gain":1,"player_choice":"Relic Card ","damage_taken":27,"max_hp_gain":0,"max_hp_loss":0,"event_name":"betterThird:BetterScrap","floor":12,"gold_loss":0,"cards_obtained":["Setup","aspiration:Lunge"]},{"damage_healed":0,"gold_gain":250,"player_choice":"Bet on Owner","damage_taken":0,"max_hp_gain":0,"max_hp_loss":0,"event_name":"The Joust","floor":20,"gold_loss":50},{"damage_healed":0,"gold_gain":0,"player_choice":"Read","damage_taken":0,"max_hp_gain":0,"max_hp_loss":0,"event_name":"The Library","floor":21,"gold_loss":0,"cards_obtained":["DevaForm"]},{"damage_healed":0,"gold_gain":0,"player_choice":"Inject Mutagens","damage_taken":0,"relics_obtained":["MutagenicStrength"],"max_hp_gain":0,"max_hp_loss":0,"event_name":"Drug Dealer","floor":25,"gold_loss":0},{"damage_healed":0,"gold_gain":0,"player_choice":"Ignored","damage_taken":0,"max_hp_gain":0,"max_hp_loss":0,"event_name":"Vampires","floor":29,"gold_loss":0},{"damage_healed":0,"gold_gain":0,"player_choice":"Shed Blood","damage_taken":30,"max_hp_gain":5,"max_hp_loss":0,"event_name":"Forgotten Altar","floor":31,"gold_loss":0},{"damage_healed":0,"gold_gain":0,"player_choice":"0 cards matched","damage_taken":0,"max_hp_gain":0,"max_hp_loss":0,"event_name":"Match and Keep!","floor":36,"gold_loss":0,"cards_obtained":[]},{"cards_removed":["Hallucinations"],"damage_healed":0,"gold_gain":0,"player_choice":"Purged","damage_taken":0,"max_hp_gain":0,"max_hp_loss":0,"event_name":"Purifier","floor":40,"gold_loss":0},{"damage_healed":0,"gold_gain":0,"player_choice":"Paid","damage_taken":0,"relics_obtained":["Red Mask"],"max_hp_gain":0,"max_hp_loss":0,"event_name":"Tomb of Lord Red Mask","floor":42,"gold_loss":5532},{"damage_healed":0,"gold_gain":0,"player_choice":"Fight","damage_taken":0,"max_hp_gain":0,"max_hp_loss":0,"event_name":"MindBloom","floor":44,"gold_loss":0}],"is_beta":false,"boss_relics":[{"not_picked":["vexMod:MysteryBossChallenge","Velvet Choker"],"picked":"Replay:Ancient Bell"},{"not_picked":["War Paint","vexMod:FocusSash"],"picked":"Juzu Bracelet"},{"not_picked":["Gremlin Horn","Kunai"],"picked":"Replay:Accelerometer"},{"not_picked":["Turnip","GoldenEye"],"picked":"Replay:Purple Gloves"},{"not_picked":["Astrolabe","Runic Dome"],"picked":"Fusion Hammer"}],"items_purged_floors":[10,13,28,37,41,46],"is_endless":false,"potions_floor_spawned":[5,14,16,18,30,33,35,44,48],"ascension_level":0}}