{"host":"x3q4ieql2tr7v8o6","time":1609935991,"event":{"mods":["BaseMod","Better Altar","Better Note","Better Sensory Stone","Better Skull","Better Third Choice","Colored Map","Minty Spire (QoL Compilation)","StSLib"],"gold_per_floor":[211,265,275,275,28,61,61,93,171,235,200,275,5,24,24,99,99,118,129,129,129,129,159,159,4,27,27,27,66,90,135,135,222,294,314,314,338,92,1091,1125,1125,720,746,746,770,799,825,843,843,843,843,843,132,172,172],"floor_reached":56,"playtime":1713,"items_purged":["Strike_R","Decay","Cleave","Combust","Evolve"],"score":2209,"play_id":"93ca4ba1-d221-4a46-b1c6-a951724e78a5","local_time":"20210106122631","is_ascension_mode":true,"campfire_choices":[{"floor":7,"key":"REST"},{"data":"Juggernaut","floor":15,"key":"SMITH"},{"floor":24,"key":"REST"},{"floor":28,"key":"REST"},{"floor":32,"key":"REST"},{"floor":41,"key":"RECALL"},{"floor":44,"key":"REST"},{"floor":49,"key":"REST"},{"floor":52,"key":"REST"}],"circlet_count":0,"master_deck":["AscendersBane","Bash","Uppercut","Sword Boomerang","Apotheosis+1","Juggernaut+1","Rage","Body Slam","Body Slam+1","Immolate","Feel No Pain","Flame Barrier","Inflame","Disarm","Barricade","Power Through+1","Disarm","Body Slam","Ghostly","Ghostly","Ghostly","Ghostly","Ghostly","Corruption","Ghostly Armor","Fiend Fire","Heavy Blade","Power Through","Feed","Hemokinesis","Clash","Fiend Fire","Rage+1","Evolve","Shockwave","Seeing Red+1","Panache","Havoc","Parasite","Intimidate","Madness+1","Madness","Sentinel","Pommel Strike","Body Slam","Master of Strategy","PanicButton","Sentinel"],"relics":["Burning Blood","Membership Card","Juzu Bracelet","Ancient Tea Set","Ornamental Fan","Bottled Flame","Bag of Marbles","Bottled Lightning","Red Skull","Fusion Hammer","Whetstone","Pen Nib","Enchiridion","CeramicFish","Pandora\u0027s Box","Omamori","Strawberry","Incense Burner","ClockworkSouvenir","Bag of Preparation","Happy Flower","Boot","Lizard Tail","Mango","Sling","War Paint"],"acts_visited":["Exordium","TheCity","TheBeyond","TheEnding"],"potions_floor_usage":[6,10,23,29,47,50,55,55],"damage_taken":[{"damage":6,"enemies":"Cultist","floor":1,"turns":3},{"damage":0,"enemies":"Small Slimes","floor":3,"turns":3},{"damage":40,"enemies":"Gremlin Nob","floor":6,"turns":5},{"damage":14,"enemies":"Lagavulin","floor":8,"turns":7},{"damage":11,"enemies":"3 Sentries","floor":10,"turns":5},{"damage":0,"enemies":"2 Louse","floor":14,"turns":3},{"damage":16,"enemies":"The Guardian","floor":16,"turns":7},{"damage":0,"enemies":"Chosen","floor":18,"turns":4},{"damage":0,"enemies":"Spheric Guardian","floor":19,"turns":3},{"damage":13,"enemies":"Gremlin Leader","floor":23,"turns":6},{"damage":6,"enemies":"Book of Stabbing","floor":29,"turns":5},{"damage":20,"enemies":"Shelled Parasite and Fungi","floor":30,"turns":5},{"damage":13,"enemies":"Automaton","floor":33,"turns":6},{"damage":4,"enemies":"Orb Walker","floor":35,"turns":2},{"damage":14,"enemies":"3 Shapes","floor":37,"turns":5},{"damage":0,"enemies":"Nemesis","floor":40,"turns":7},{"damage":2,"enemies":"Writhing Mass","floor":45,"turns":9},{"damage":7,"enemies":"Sphere and 2 Shapes","floor":46,"turns":6},{"damage":6,"enemies":"Reptomancer","floor":47,"turns":5},{"damage":18,"enemies":"Awakened One","floor":50,"turns":11},{"damage":4,"enemies":"Shield and Spear","floor":54,"turns":4},{"damage":51,"enemies":"The Heart","floor":55,"turns":9}],"seed_played":"4596101512558528436","potions_obtained":[{"floor":1,"key":"Swift Potion"},{"floor":3,"key":"HeartOfIron"},{"floor":10,"key":"SpeedPotion"},{"floor":16,"key":"Ancient Potion"},{"floor":19,"key":"Dexterity Potion"},{"floor":23,"key":"SkillPotion"},{"floor":36,"key":"PowerPotion"}],"is_trial":false,"path_per_floor":["M","?","M","?","$","E","R","E","T","?","?","?","$","M","R","B",null,"M","M","?","?","?","E","R","$","T","?","R","E","M","?","R","B",null,"M","?","M","$","?","E","R","$","T","R","M","M","E","?","R","B",null,"R","$","E","B",null],"character_chosen":"IRONCLAD","items_purchased":["Membership Card","Juzu Bracelet","Combust","Bottled Lightning","Evolve","Red Skull","Barricade","Power Through","Omamori","Strawberry","Shockwave","ClockworkSouvenir","Bag of Preparation","Happy Flower","Panache","Havoc","Lizard Tail","Mango","Sling","Sentinel","Pommel Strike","Body Slam","Master of Strategy","PanicButton","LiquidBronze","SpeedPotion"],"campfire_rested":7,"item_purchase_floors":[5,5,5,13,13,13,25,25,38,38,38,42,42,42,42,42,53,53,53,53,53,53,53,53,53,53],"current_hp_per_floor":[68,68,74,74,74,40,62,54,54,49,67,56,56,62,62,52,69,75,75,75,75,75,68,75,75,75,59,75,75,61,37,37,30,35,37,37,33,40,40,46,46,46,46,48,48,51,55,48,56,44,53,56,70,70,25],"gold":172,"neow_bonus":"HUNDRED_GOLD","is_daily":false,"chose_seed":false,"campfire_upgraded":1,"win_rate":0.0,"timestamp":1609935991,"path_taken":["M","?","M","?","$","E","R","E","T","?","?","?","?","M","R","BOSS","M","M","?","?","?","E","R","$","T","?","R","E","M","?","R","BOSS","M","?","M","$","?","E","R","$","T","R","M","M","E","?","R","BOSS","R","$","E","BOSS"],"items_purchased_type":["Relic","Relic","Card","Relic","Card","Relic","Card","Card","Relic","Relic","Card","Relic","Relic","Relic","Card","Card","Relic","Relic","Relic","Card","Card","Card","Card","Card","Potion","Potion"],"build_version":"2020-12-22","purchased_purges":5,"victory":true,"max_hp_per_floor":[75,75,75,75,75,75,75,75,75,75,75,75,75,75,75,75,75,75,75,75,75,75,75,75,75,75,75,75,75,75,37,37,37,37,37,37,41,48,48,48,48,48,48,48,48,52,56,56,56,56,56,56,70,70,70],"card_choices":[{"not_picked":["Sword Boomerang","Anger"],"picked":"Uppercut","floor":1},{"not_picked":["Metallicize","Wild Strike"],"picked":"Sword Boomerang","floor":3},{"not_picked":["Seeing Red","Flex"],"picked":"Juggernaut","floor":6},{"not_picked":["Wild Strike","Armaments"],"picked":"Rage","floor":8},{"not_picked":["Battle Trance","Wild Strike"],"picked":"Body Slam","floor":10},{"not_picked":["Perfected Strike","Uppercut"],"picked":"Body Slam","floor":14},{"not_picked":["Fiend Fire","Limit Break"],"picked":"Immolate","floor":16},{"not_picked":["Cleave","Havoc"],"picked":"Feel No Pain","floor":18},{"not_picked":["Hemokinesis+1","Twin Strike"],"picked":"Flame Barrier","floor":19},{"not_picked":["Clothesline","Iron Wave"],"picked":"Cleave","floor":23},{"not_picked":["Warcry","Rupture"],"picked":"Disarm","floor":29},{"not_picked":["Havoc","Thunderclap"],"picked":"Body Slam","floor":30},{"not_picked":["Fiend Fire","Barricade"],"picked":"Corruption","floor":33},{"not_picked":["Spot Weakness","Dropkick"],"picked":"Rage+1","floor":35},{"not_picked":["Burning Pact","Headbutt+1"],"picked":"Evolve","floor":37},{"not_picked":["Rupture","Sever Soul+1"],"picked":"Seeing Red+1","floor":40},{"not_picked":["Flex","Heavy Blade+1","Clothesline"],"picked":"SKIP","floor":45},{"not_picked":["Feed","Clash+1"],"picked":"Intimidate","floor":46},{"not_picked":["Spot Weakness+1","Sword Boomerang","Clash"],"picked":"SKIP","floor":47},{"not_picked":["Whirlwind+1","Anger"],"picked":"Sentinel","floor":54}],"player_experience":698008,"relics_obtained":[{"floor":6,"key":"Ancient Tea Set"},{"floor":8,"key":"Ornamental Fan"},{"floor":9,"key":"Bottled Flame"},{"floor":23,"key":"Whetstone"},{"floor":26,"key":"Pen Nib"},{"floor":27,"key":"Enchiridion"},{"floor":29,"key":"CeramicFish"},{"floor":40,"key":"Incense Burner"},{"floor":47,"key":"Boot"},{"floor":54,"key":"War Paint"}],"event_choices":[{"damage_healed":0,"gold_gain":54,"player_choice":"Gained Gold","damage_taken":0,"max_hp_gain":0,"max_hp_loss":0,"event_name":"Golden Wing","floor":2,"gold_loss":0},{"damage_healed":74,"gold_gain":0,"player_choice":"Embrace","damage_taken":0,"max_hp_gain":0,"max_hp_loss":75,"event_name":"betterThird:BetterShining","floor":4,"gold_loss":0},{"damage_healed":0,"gold_gain":30,"player_choice":"Searched \u00273\u0027 times","damage_taken":0,"relics_obtained":["Bag of Marbles"],"max_hp_gain":0,"max_hp_loss":0,"event_name":"Dead Adventurer","floor":10,"gold_loss":0},{"damage_healed":18,"gold_gain":0,"player_choice":"Healed","damage_taken":0,"max_hp_gain":0,"max_hp_loss":0,"event_name":"The Cleric","floor":11,"gold_loss":35},{"damage_healed":0,"gold_gain":75,"player_choice":"Gold","damage_taken":11,"max_hp_gain":0,"max_hp_loss":0,"event_name":"betterThird:BetterGoop","floor":12,"gold_loss":0},{"cards_removed":["Body Slam"],"damage_healed":0,"gold_gain":0,"player_choice":"Take \u0026 Give","damage_taken":0,"max_hp_gain":0,"max_hp_loss":0,"event_name":"betterNote:BetterNote","floor":20,"gold_loss":0,"cards_obtained":["Inflame"]},{"damage_healed":0,"gold_gain":0,"player_choice":"Cursed","damage_taken":0,"max_hp_gain":0,"max_hp_loss":0,"event_name":"Wheel of Change","floor":21,"gold_loss":0,"cards_obtained":["Decay"]},{"damage_healed":0,"gold_gain":0,"player_choice":"Read","damage_taken":0,"max_hp_gain":0,"max_hp_loss":0,"event_name":"The Library","floor":22,"gold_loss":0,"cards_obtained":["Disarm"]},{"damage_healed":0,"gold_gain":0,"player_choice":"Obtained Book","damage_taken":16,"max_hp_gain":0,"max_hp_loss":0,"event_name":"Cursed Tome","floor":27,"gold_loss":0},{"damage_healed":0,"gold_gain":0,"player_choice":"Became a Ghost","damage_taken":0,"max_hp_gain":0,"max_hp_loss":38,"event_name":"Ghosts","floor":31,"gold_loss":0,"cards_obtained":["Ghostly","Ghostly","Ghostly","Ghostly","Ghostly"]},{"damage_healed":0,"gold_gain":0,"player_choice":"Got Potions","damage_taken":0,"max_hp_gain":0,"max_hp_loss":0,"event_name":"Lab","floor":36,"gold_loss":0},{"damage_healed":0,"gold_gain":999,"player_choice":"Gold","damage_taken":0,"max_hp_gain":0,"max_hp_loss":0,"event_name":"MindBloom","floor":39,"gold_loss":0,"cards_obtained":["Normality","Normality"]},{"damage_healed":0,"gold_gain":0,"player_choice":"Embrace Madness","damage_taken":7,"max_hp_gain":0,"max_hp_loss":0,"event_name":"Winding Halls","floor":48,"gold_loss":0,"cards_obtained":["Madness","Madness"]}],"is_beta":false,"boss_relics":[{"not_picked":["Coffee Dripper","Empty Cage"],"picked":"Fusion Hammer"},{"not_picked":["SacredBark","Cursed Key"],"picked":"Pandora\u0027s Box"}],"items_purged_floors":[13,25,38,42,53],"is_endless":false,"potions_floor_spawned":[1,3,10,16,19,23,46],"ascension_level":14}}