{"host":"hfcva6mq15ctj0gu","time":1609950780,"event":{"mods":["100% Spire Juice","Abigail Mod","AchievementEnabler","Act Like it!","Alarm Clock","BaseMod","Better Altar","Better Match","Better Note","Better Skull","Better Third Choice","BetterRewards","CapriCore","Card Forge","Colored Map","Curses Come First","Disable Question Mark Monsters","Displayed Cursed Tome","Emptier Cage","FoggyMod","Friendly Minions","Gold Saver","Grow up Mod","Highlight Path","Kiyohime????","Kratos Character Expansion","Marisa????????","Minty Spire (QoL Compilation)","Permanent Neow","Poem Panic","Reimu??????","Remilia??????","Shade Mod","Shop Mod","StSLib","The Immortal","The Servant 0.9.4","The Vixen","Transform Curses","Virulent Crown","????"],"gold_per_floor":[1807,1509,1434,1434,1509,1543,1553,1553,1576,1118,820,847,346,379,379,481,481,493,509,509,357,357,357,387,455,467,479,491,503,529,541,553,665,677,704,641,701,713,788,835,857,1144,1156,1188,880,920,982,919,667,667,667,704,434,461,461],"floor_reached":56,"playtime":2257,"items_purged":[],"score":1981,"play_id":"f4139b29-af17-48f2-bf67-a76a927a0553","local_time":"20210106173300","is_ascension_mode":false,"campfire_choices":[{"floor":15,"key":"RECALL"}],"circlet_count":0,"master_deck":["Shade:AnimateDead+1","Shade:CarefulCut+1","Shade:ClawBack+1","Shade:SoulToxin+1","Shade:Premonition+1","Shade:AncientSpear+1","Shade:CallWraith+1","Shade:Carnophage+1","Shade:ClawBack+1","Shade:DarkOfNight+1","Shade:DangerousRitual+1","Shade:Coordination+1","Shade:OfferingToTheBeyond+1","Shade:ExtraLimbs+1","Shade:FeralStrike+1","Shade:Excise+1","Shade:FleshOffering+1","Shade:FleshLikeOak+1","Shade:Frenzy+1","Shade:FuneraryJewels+1","Shade:GreaterAnimation+1","Shade:LichForm+1","Shade:LoseControl+1","Shade:OminousRitual+1","Shade:OpenGraves+1","Shade:Premonition+1","Shade:Putrefaction+1","Shade:SanguineRitual+1","Shade:ScuttlingHand+1","Shade:SensePrey+1","Shade:SoulPierce+1","Shade:StitchTogether+1","Shade:UnbarTheGrave+1","Shade:Tombstone+1","Shade:Brains+1","Panache+1","Shade:OfferingToTheBeyond+1","Shade:SanguineRitual+1","Shade:AncientSpear+1","Shade:OminousRitual+1","Shade:FuneraryJewels+1","Shade:Premonition+1","Shade:LichForm+1","Shade:LichForm+1","Shade:TouchOfTheGrave+1","Shade:Frenzy+1","Shade:OminousRitual+1","Shade:ExtraLimbs+1","RitualDagger+1","Shade:OfferingToTheBeyond+1","Shade:FuneraryJewels+1","Shade:Brains+1","Shade:Doomsay+1","Shade:Putrefaction+1","Shade:CallWraith+1","Madness+1","Madness+1","Shade:FleshLikeOak+1","Violence+1","Shade:Doomsay+1","Shade:DangerousRitual+1"],"relics":["Shade:YorickSkull","Hammer of Thor","Seething Fire","Anvil of the Gods","Shuriken","Art of War","MerchantsRug","Incense Burner","Medical Kit","TheAbacus","Bronze Scales","Ginger","PreservedInsect","TentaclePot:ReiMu","Oddly Smooth Stone","Centennial Puzzle","Bag of Marbles","Unceasing Top","Sling","Dream Catcher","Coffee Dripper","Cursed Key","CatCart","Happy Flower","Bottled Tornado","Membership Card","Vajra","Darkstone Periapt","Shade:Thing","Anchor","HornCleat","InkBottle","Mastiff:ReiMu","Sundial","CaptainsWheel","Letter Opener"],"acts_visited":["Exordium","TheCity","TheBeyond","TheEnding"],"potions_floor_usage":[],"damage_taken":[{"damage":0.0,"enemies":"Small Slimes","floor":1.0,"turns":2.0},{"damage":6,"enemies":"Lagavulin","floor":6,"turns":4},{"damage":0,"enemies":"Cultist","floor":7,"turns":2},{"damage":0,"enemies":"3 Sentries","floor":12,"turns":1},{"damage":0,"enemies":"Lagavulin","floor":14,"turns":2},{"damage":61,"enemies":"Hexaghost","floor":16,"turns":4},{"damage":0,"enemies":"3 Byrds","floor":18,"turns":2},{"damage":1,"enemies":"2 Thieves","floor":19,"turns":2},{"damage":0,"enemies":"Slavers","floor":24,"turns":2},{"damage":0,"enemies":"Snake Plant","floor":30,"turns":2},{"damage":11,"enemies":"Champ","floor":33,"turns":5},{"damage":0,"enemies":"Orb Walker","floor":35,"turns":2},{"damage":4,"enemies":"Orin","floor":37,"turns":3},{"damage":10,"enemies":"Nemesis","floor":40,"turns":5},{"damage":0,"enemies":"3 Darklings","floor":41,"turns":2},{"damage":9,"enemies":"Writhing Mass","floor":44,"turns":3},{"damage":2,"enemies":"Giant Head","floor":46,"turns":3},{"damage":1,"enemies":"Mind Bloom Boss Battle","floor":47,"turns":3},{"damage":4,"enemies":"Time Eater","floor":50,"turns":5},{"damage":6,"enemies":"Shield and Spear","floor":54,"turns":3},{"damage":10,"enemies":"The Heart","floor":55,"turns":5}],"seed_played":"-2165860995376504564","potions_obtained":[{"floor":12,"key":"BlessingOfTheForge"},{"floor":14,"key":"LiquidMemories"},{"floor":16,"key":"Explosive Potion"},{"floor":35,"key":"BlessingOfTheForge"},{"floor":41,"key":"DistilledChaos"},{"floor":46,"key":"ZuzhouPotion:ReiMu"},{"floor":54,"key":"PowerPotion"}],"is_trial":false,"path_per_floor":["M","$","?","?","?","E","M","T","T","$","$","E","R","E","R","B",null,"M","M","?","$","?","?","E","$","T","?","$","R","M","?","R","B",null,"M","?","?","?","$","E","M","?","T","M","R","E","?","$","R","B",null,"R","$","E","B",null],"character_chosen":"SHADE","items_purchased":["Shade:ClawBack","Shuriken","Art of War","Shade:SoulToxin","MerchantsRug","Medical Kit","Shade:Premonition","TheAbacus","Bronze Scales","TentaclePot:ReiMu","Oddly Smooth Stone","Centennial Puzzle","Bag of Marbles","Shade:OminousRitual","Unceasing Top","Sling","Shade:Premonition","DollysMirror","Membership Card","Vajra","Violence","Anchor","HornCleat","InkBottle","Mastiff:ReiMu","Sundial","CaptainsWheel"],"campfire_rested":0,"item_purchase_floors":[0,0,0,0,0,0,0,2,2,10,10,10,11,11,13,13,13,21,45,45,45,48,49,49,52,53,53],"current_hp_per_floor":[44,54,64,74,73,77,87,97,107,117,127,137,147,157,167,116,245,255,264,274,284,266,276,286,296,306,310,320,330,340,350,360,359,415,425,435,441,395,405,405,415,425,435,436,446,454,463,473,483,489,585,595,605,609,619],"gold":461,"neow_bonus":"","is_daily":false,"chose_seed":false,"campfire_upgraded":0,"win_rate":0.0,"timestamp":1609950780,"path_taken":["M","$","?","?","?","E","?","?","T","?","$","E","R","E","R","BOSS","M","?","?","$","?","?","E","$","T","?","$","R","?","?","R","BOSS","M","?","?","?","?","E","?","?","T","?","R","E","?","?","R","BOSS","R","$","E","BOSS"],"items_purchased_type":["Card","Relic","Relic","Card","Relic","Relic","Card","Relic","Relic","Relic","Relic","Relic","Relic","Card","Relic","Relic","Card","Relic","Relic","Relic","Card","Relic","Relic","Relic","Relic","Relic","Relic"],"build_version":"2020-12-22","purchased_purges":0,"victory":true,"max_hp_per_floor":[85,95,105,115,125,135,145,155,165,175,185,195,205,215,225,235,245,255,265,275,285,295,305,315,325,335,345,355,365,375,385,395,405,415,425,435,445,455,465,475,485,495,505,515,525,535,545,555,565,575,585,595,605,615,635],"card_choices":[{"not_picked":["Shade:Bonestorm","Shade:Trample","Shade:TouchOfTheGrave"],"picked":"SKIP","floor":1.0},{"not_picked":["Shade:GreyBargain","Shade:FreshBones"],"picked":"Shade:Brains","floor":3.0},{"not_picked":["Transmutation","Violence"],"picked":"Panache","floor":3.0},{"not_picked":["Shade:StitchTogether","Shade:BoneShards"],"picked":"Shade:SanguineRitual","floor":6},{"not_picked":["Shade:Asphyxiate","Shade:PressTheAttack"],"picked":"Shade:AncientSpear","floor":7},{"not_picked":["Shade:Consume","Shade:CoffinDance"],"picked":"Shade:FuneraryJewels","floor":12},{"not_picked":["Shade:GreyBargain","Shade:FingerOfDeath"],"picked":"Shade:LichForm","floor":14},{"not_picked":["Shade:OneIsEnough","Shade:GreaterAnimation"],"picked":"Shade:LichForm","floor":16},{"not_picked":["Shade:FingerOfDeath","Shade:Bonestorm+1"],"picked":"Shade:TouchOfTheGrave+1","floor":18},{"not_picked":["Shade:StitchTogether","Shade:RavenousHorde+1"],"picked":"Shade:Frenzy+1","floor":19},{"not_picked":["Shade:FuneraryArmor","Shade:LyeBath+1"],"picked":"Shade:ExtraLimbs+1","floor":24},{"not_picked":["Shade:WallOfFlesh","Shade:Bonestorm","Shade:CoffinDance"],"picked":"SKIP","floor":30},{"not_picked":["Shade:LastGasp","Shade:Putrefaction"],"picked":"Shade:OfferingToTheBeyond","floor":33},{"not_picked":["Shade:SensePrey","Shade:Carnophage"],"picked":"Shade:FuneraryJewels","floor":35},{"not_picked":["Shade:ExtraLimbs","Shade:FingerOfDeath"],"picked":"Shade:Brains","floor":36},{"not_picked":["Shade:SpectralStrikes","Shade:PressTheAttack"],"picked":"Shade:Doomsay","floor":36},{"not_picked":["Shade:MadHubris","Shade:LichForm"],"picked":"Shade:Putrefaction","floor":36},{"not_picked":["Shade:FleshToFlesh","Shade:AncientSpear+1"],"picked":"Shade:CallWraith","floor":37},{"not_picked":["Shade:OneIsEnough","Shade:RavenousHorde"],"picked":"Shade:FleshLikeOak+1","floor":40},{"not_picked":["Shade:FreshBones","Shade:Bite_Shade","Shade:BoneShards"],"picked":"SKIP","floor":41},{"not_picked":["Shade:Brains","Shade:GraveStillness+1","Shade:SelfBurial"],"picked":"SKIP","floor":44},{"not_picked":["Shade:ExtraLimbs","Shade:FreshBones"],"picked":"Shade:Doomsay","floor":46},{"not_picked":["Shade:CallWraith+1","Shade:FingerOfDeath+1"],"picked":"Shade:DangerousRitual+1","floor":47},{"not_picked":["Shade:CoffinDance","Shade:GoDigging+1","Shade:SoulToxin"],"picked":"SKIP","floor":54}],"player_experience":106384,"relics_obtained":[{"floor":6,"key":"ScarletDevilRocket"},{"floor":8,"key":"Ginger"},{"floor":9,"key":"PreservedInsect"},{"floor":12,"key":"Omamori"},{"floor":14,"key":"Dream Catcher"},{"floor":24,"key":"MawBank"},{"floor":37,"key":"CatCart"},{"floor":40,"key":"Happy Flower"},{"floor":43,"key":"Bottled Tornado"},{"floor":46,"key":"Darkstone Periapt"},{"floor":47,"key":"Shade:Thing"},{"floor":54,"key":"Letter Opener"}],"event_choices":[{"damage_healed":0.0,"max_hp_gain":0.0,"max_hp_loss":0.0,"gold_gain":0.0,"event_name":"betterMatch:BetterMatch","player_choice":"1","floor":3.0,"gold_loss":0.0,"damage_taken":0.0,"cards_obtained":["betterMatch:CommonCard","betterMatch:ColorlessRareCard"]},{"damage_healed":0,"gold_gain":0,"cards_transformed":["Shade:Strike_Shade"],"player_choice":"Change","damage_taken":0,"max_hp_gain":0,"max_hp_loss":0,"event_name":"Living Wall","floor":4,"gold_loss":0,"cards_obtained":["Shade:OfferingToTheBeyond"]},{"damage_healed":0,"gold_gain":75,"player_choice":"Touch","damage_taken":11,"max_hp_gain":0,"max_hp_loss":0,"event_name":"FaceTrader","floor":5,"gold_loss":0},{"damage_healed":0,"gold_gain":0,"player_choice":"Ignored","damage_taken":0,"max_hp_gain":0,"max_hp_loss":0,"event_name":"N\u0027loth","floor":20,"gold_loss":0},{"damage_healed":0,"gold_gain":0,"player_choice":"Damaged","damage_taken":28,"max_hp_gain":0,"max_hp_loss":0,"event_name":"Wheel of Change","floor":22,"gold_loss":0},{"damage_healed":0,"gold_gain":0,"player_choice":"Ignored","damage_taken":0,"max_hp_gain":0,"max_hp_loss":0,"event_name":"Transmorgrifier","floor":23,"gold_loss":0},{"damage_healed":0,"gold_gain":0,"player_choice":"Dagger","damage_taken":6,"max_hp_gain":0,"max_hp_loss":0,"event_name":"betterThird:BetterNest","floor":27,"gold_loss":0,"cards_obtained":["RitualDagger"]},{"damage_healed":0,"gold_gain":0,"player_choice":"Ignored","damage_taken":0,"max_hp_gain":0,"max_hp_loss":0,"event_name":"Vampires","floor":31,"gold_loss":0},{"damage_healed":0,"gold_gain":0,"player_choice":"1","damage_taken":0,"max_hp_gain":0,"max_hp_loss":0,"event_name":"betterMatch:BetterMatch","floor":36,"gold_loss":0,"cards_obtained":["betterMatch:CommonCard","betterMatch:UncommonCard","betterMatch:RareCard"]},{"damage_healed":0,"gold_gain":0,"player_choice":"Fight","damage_taken":0,"max_hp_gain":0,"max_hp_loss":0,"event_name":"OrinTheCat","floor":37,"gold_loss":0},{"damage_healed":0,"gold_gain":0,"player_choice":"Embrace Madness","damage_taken":56,"max_hp_gain":0,"max_hp_loss":0,"event_name":"Winding Halls","floor":38,"gold_loss":0,"cards_obtained":["Madness","Madness"]},{"damage_healed":0,"gold_gain":275,"player_choice":"Desecrate","damage_taken":0,"max_hp_gain":0,"max_hp_loss":0,"event_name":"Golden Shrine","floor":42,"gold_loss":0,"cards_obtained":["Regret"]},{"damage_healed":0,"gold_gain":0,"player_choice":"Fight","damage_taken":0,"max_hp_gain":0,"max_hp_loss":0,"event_name":"MindBloom","floor":47,"gold_loss":0}],"is_beta":false,"boss_relics":[{"not_picked":["SacredBark","Runic Dome"],"picked":"Coffee Dripper"},{"not_picked":["Philosopher\u0027s Stone","RedLine:ReiMu"],"picked":"Cursed Key"}],"items_purged_floors":[],"is_endless":false,"potions_floor_spawned":[12,14,16,18,24,35,41,46,54],"ascension_level":0}}