{"host":"omv42op7s93bjjql","time":1609943672,"event":{"mods":["BaseMod","Colored Map","Colored Powertips","DeckTracker","Keyboard Shortcuts","Minty Spire (QoL Compilation)","StSLib","SuperFastMode"],"gold_per_floor":[19,19,19,44,44,44,57,77,132,132,150,174,174,198,198,291,291,316,316,329,38,38,38,38,38],"floor_reached":24,"playtime":751,"items_purged":["Strike_B"],"score":376,"play_id":"fc6a0016-27ac-4c88-9e45-3581277b1613","local_time":"20210106233432","is_ascension_mode":true,"campfire_choices":[{"data":"Chaos","floor":6.0,"key":"SMITH"},{"floor":10.0,"key":"REST"},{"floor":15.0,"key":"REST"},{"floor":23,"key":"REST"}],"circlet_count":0,"master_deck":["AscendersBane","Strike_B","Strike_B","Defend_B","Defend_B","Defend_B","Defend_B","Zap","Dualcast","Gash","Sweeping Beam","Chaos+1","Compile Driver","Barrage","Capacitor","Coolheaded","Reboot","Rainbow","Genetic Algorithm+1","Consume","Apotheosis"],"relics":["Cracked Core","Calipers","Golden Idol","Pen Nib","Omamori","Philosopher\u0027s Stone","Enchiridion","CaptainsWheel"],"acts_visited":["Exordium","TheCity"],"potions_floor_usage":[16,16,20,24],"damage_taken":[{"damage":2.0,"enemies":"Jaw Worm","floor":1.0,"turns":3.0},{"damage":9.0,"enemies":"2 Louse","floor":4.0,"turns":3.0},{"damage":7.0,"enemies":"Small Slimes","floor":7.0,"turns":3.0},{"damage":10.0,"enemies":"2 Fungi Beasts","floor":8.0,"turns":3.0},{"damage":12.0,"enemies":"Looter","floor":11.0,"turns":3.0},{"damage":12.0,"enemies":"Exordium Thugs","floor":12.0,"turns":5.0},{"damage":4.0,"enemies":"Blue Slaver","floor":14.0,"turns":4.0},{"damage":23,"enemies":"Hexaghost","floor":16,"turns":9},{"damage":5,"enemies":"Spheric Guardian","floor":18,"turns":3},{"damage":18,"enemies":"3 Byrds","floor":20,"turns":2},{"damage":27,"enemies":"Book of Stabbing","floor":24,"turns":4}],"seed_played":"-1994191753924353867","potions_obtained":[{"floor":7.0,"key":"EssenceOfDarkness"},{"floor":11.0,"key":"FocusPotion"},{"floor":16,"key":"Weak Potion"},{"floor":20,"key":"GamblersBrew"}],"is_trial":false,"path_per_floor":["M","?","?","M","?","R","M","M","T","R","M","M","?","M","R","B",null,"M","?","M","$","?","R","E"],"character_chosen":"DEFECT","items_purchased":["Apotheosis"],"campfire_rested":3,"item_purchase_floors":[21],"current_hp_per_floor":[62,62,44,35,35,35,28,18,18,37,25,13,13,9,28,5,49,44,23,5,5,5,24,0,0],"gold":38,"neow_bonus":"ONE_RARE_RELIC","is_daily":false,"chose_seed":false,"campfire_upgraded":1,"win_rate":0.0,"timestamp":1609943672,"path_taken":["M","?","?","M","?","R","?","M","T","R","M","M","?","M","R","BOSS","M","?","M","$","?","R","E"],"items_purchased_type":["Card"],"build_version":"2020-12-22","purchased_purges":1,"victory":false,"max_hp_per_floor":[71,64,64,64,64,64,64,64,64,64,64,64,64,64,64,64,64,64,64,64,64,64,64,64,64],"card_choices":[{"not_picked":["Barrage","Steam"],"picked":"Gash","floor":1.0},{"not_picked":["Stack","White Noise"],"picked":"Sweeping Beam","floor":4.0},{"not_picked":["Barrage","Beam Cell"],"picked":"Compile Driver","floor":7.0},{"not_picked":["Hyperbeam","Stack"],"picked":"Barrage","floor":8.0},{"not_picked":["Coolheaded","Sweeping Beam"],"picked":"Capacitor","floor":11.0},{"not_picked":["Barrage","Scrape"],"picked":"Coolheaded","floor":12.0},{"not_picked":["Rebound","Barrage"],"picked":"Reboot","floor":14.0},{"not_picked":["Hyperbeam","Reboot"],"picked":"Rainbow","floor":16},{"not_picked":["Coolheaded","Stack"],"picked":"Genetic Algorithm+1","floor":18},{"not_picked":["Doom and Gloom","Undo"],"picked":"Consume","floor":20}],"player_experience":850657,"relics_obtained":[{"floor":9.0,"key":"Omamori"},{"floor":19,"key":"Enchiridion"}],"event_choices":[{"damage_healed":0.0,"max_hp_gain":0.0,"max_hp_loss":7.0,"gold_gain":0.0,"event_name":"Golden Idol","player_choice":"Lose Max HP","floor":2.0,"gold_loss":0.0,"damage_taken":0.0,"relics_obtained":["Golden Idol"]},{"damage_healed":0.0,"max_hp_gain":0.0,"max_hp_loss":0.0,"gold_gain":0.0,"event_name":"Scrap Ooze","player_choice":"Success","floor":3.0,"gold_loss":0.0,"damage_taken":18.0,"relics_obtained":["Pen Nib"]},{"damage_healed":0.0,"max_hp_gain":0.0,"max_hp_loss":0.0,"gold_gain":0.0,"cards_transformed":["Strike_B"],"event_name":"Living Wall","player_choice":"Change","floor":5.0,"gold_loss":0.0,"damage_taken":0.0,"cards_obtained":["Chaos"]},{"damage_healed":0.0,"max_hp_gain":0.0,"max_hp_loss":0.0,"gold_gain":0.0,"event_name":"Shining Light","player_choice":"Ignored","floor":13.0,"gold_loss":0.0,"damage_taken":0.0},{"damage_healed":0,"gold_gain":0,"player_choice":"Obtained Book","damage_taken":21,"max_hp_gain":0,"max_hp_loss":0,"event_name":"Cursed Tome","floor":19,"gold_loss":0},{"damage_healed":0,"gold_gain":0,"player_choice":"Opened","damage_taken":0,"relics_obtained":["CaptainsWheel"],"max_hp_gain":0,"max_hp_loss":0,"event_name":"The Mausoleum","floor":22,"gold_loss":0,"cards_obtained":["Writhe"]}],"is_beta":false,"boss_relics":[{"not_picked":["Astrolabe","Fusion Hammer"],"picked":"Philosopher\u0027s Stone"}],"items_purged_floors":[21],"is_endless":false,"potions_floor_spawned":[7,11,14,16,20],"killed_by":"Book of Stabbing","ascension_level":20}}