{"host":"ji1fk25fd1ga4ji1","time":1609939109,"event":{"mods":["2.2 Compatiblity","BaseMod","Colored Map","DeckTracker","Minty Spire (QoL Compilation)","Permanent Neow","Quick Restart","StSLib","SuperFastMode"],"gold_per_floor":[118,118,130,140,65,65,94,94,94,94,121,131,187,203,203,298,298,317,532,549,549,566,566,576,603,628,657,679,701,701,725,725,832,832,855,310,310,326,91,91,107,135,135,135,159,191,214,247,247,247],"floor_reached":51,"playtime":1118,"items_purged":["Strike_R","Defend_R"],"score":952,"play_id":"18860007-3280-4f95-8932-13a801700a90","local_time":"20210106221829","is_ascension_mode":true,"campfire_choices":[{"data":"Rampage","floor":6.0,"key":"SMITH"},{"data":"Limit Break","floor":8.0,"key":"SMITH"},{"data":"Bash","floor":10.0,"key":"SMITH"},{"floor":15.0,"key":"RECALL"},{"floor":23.0,"key":"REST"},{"floor":32.0,"key":"REST"},{"floor":40,"key":"REST"},{"data":"Defend_R","floor":44,"key":"SMITH"},{"data":"Defend_R","floor":49,"key":"PURGE"}],"circlet_count":0,"master_deck":["Strike_R+1","Strike_R+1","Defend_R+1","Bash+1","Rampage+1","Limit Break+1","Double Tap+1","Shrug It Off+1","Shrug It Off+1","Inflame+1","Offering+1","Heavy Blade+1","Burning Pact+1","Double Tap+1","Warcry+1","Heavy Blade+1","Berserk+1","Sword Boomerang+1","Offering+1","True Grit+1","Inflame+1","Inflame+1","Inflame+1","Inflame+1","Limit Break+1","Burning Pact+1"],"relics":["Burning Blood","Matryoshka","Kunai","Pen Nib","Frozen Egg 2","Toxic Egg 2","Molten Egg 2","Astrolabe","Old Coin","The Courier","Toy Ornithopter","CeramicFish","Whetstone","Sozu","Centennial Puzzle","Gremlin Horn","Bird Faced Urn","Happy Flower","Peace Pipe","Anchor"],"acts_visited":["Exordium","TheCity","TheBeyond"],"potions_floor_usage":[50],"damage_taken":[{"damage":1.0,"enemies":"Cultist","floor":1.0,"turns":3.0},{"damage":7.0,"enemies":"2 Louse","floor":3.0,"turns":3.0},{"damage":0.0,"enemies":"Small Slimes","floor":4.0,"turns":3.0},{"damage":20.0,"enemies":"Gremlin Nob","floor":7.0,"turns":4.0},{"damage":10.0,"enemies":"3 Sentries","floor":11.0,"turns":9.0},{"damage":4.0,"enemies":"2 Fungi Beasts","floor":12.0,"turns":4.0},{"damage":14.0,"enemies":"Gremlin Nob","floor":13.0,"turns":3.0},{"damage":1.0,"enemies":"Exordium Wildlife","floor":14.0,"turns":4.0},{"damage":24.0,"enemies":"Slime Boss","floor":16.0,"turns":8.0},{"damage":19.0,"enemies":"3 Byrds","floor":18.0,"turns":5.0},{"damage":6.0,"enemies":"Spheric Guardian","floor":20.0,"turns":2.0},{"damage":11.0,"enemies":"Snake Plant","floor":22.0,"turns":3.0},{"damage":10.0,"enemies":"Chosen and Byrds","floor":24.0,"turns":3.0},{"damage":13.0,"enemies":"Book of Stabbing","floor":25.0,"turns":3.0},{"damage":6.0,"enemies":"Gremlin Leader","floor":27.0,"turns":5.0},{"damage":36.0,"enemies":"Centurion and Healer","floor":28.0,"turns":6.0},{"damage":21.0,"enemies":"Cultist and Chosen","floor":29.0,"turns":5.0},{"damage":24.0,"enemies":"Snake Plant","floor":31.0,"turns":5.0},{"damage":35,"enemies":"Automaton","floor":33,"turns":5},{"damage":12,"enemies":"Orb Walker","floor":35,"turns":2},{"damage":6,"enemies":"3 Shapes","floor":38,"turns":4},{"damage":12,"enemies":"Maw","floor":41,"turns":2},{"damage":6,"enemies":"Sphere and 2 Shapes","floor":42,"turns":4},{"damage":12,"enemies":"Writhing Mass","floor":45,"turns":3},{"damage":12,"enemies":"Reptomancer","floor":46,"turns":2},{"damage":28,"enemies":"Jaw Worm Horde","floor":47,"turns":2},{"damage":12,"enemies":"Giant Head","floor":48,"turns":3},{"damage":67,"enemies":"Time Eater","floor":50,"turns":5}],"seed_played":"-9004167992240448936","potions_obtained":[{"floor":3.0,"key":"HeartOfIron"},{"floor":7.0,"key":"GamblersBrew"},{"floor":11.0,"key":"Dexterity Potion"},{"floor":20.0,"key":"SpeedPotion"},{"floor":24.0,"key":"Energy Potion"},{"floor":25.0,"key":"Energy Potion"},{"floor":31.0,"key":"Fruit Juice"}],"is_trial":false,"path_per_floor":["M","T","M","M","$","R","E","R","T","R","E","M","?","M","R","B",null,"M","?","M","?","M","R","M","E","T","E","M","M","?","M","R","B",null,"M","$","?","M","$","R","M","M","T","R","M","E","M","E","R","B",null],"character_chosen":"IRONCLAD","items_purchased":["Centennial Puzzle","Gremlin Horn","Inflame+1","Inflame+1","Inflame+1","Bird Faced Urn"],"campfire_rested":3,"item_purchase_floors":[36,36,36,36,36,39],"current_hp_per_floor":[80,80,79,80,80,80,66,66,66,66,62,64,56,61,61,43,80,67,67,67,52,47,72,68,61,61,66,36,21,49,41,68,39,90,84,84,84,84,84,90,90,90,90,90,90,90,78,84,84,31],"gold":247,"neow_bonus":"THREE_CARDS","is_daily":false,"chose_seed":false,"campfire_upgraded":4,"win_rate":0.0,"timestamp":1609939109,"path_taken":["M","?","M","M","$","R","E","R","T","R","E","M","?","M","R","BOSS","M","?","M","?","M","R","M","E","T","E","M","M","?","?","R","BOSS","M","$","?","M","$","R","M","M","T","R","M","E","M","E","R","BOSS"],"items_purchased_type":["Relic","Relic","Card","Card","Card","Relic"],"build_version":"2020-12-22","purchased_purges":2,"victory":true,"max_hp_per_floor":[80,80,80,80,80,80,80,80,80,80,80,80,80,80,80,80,80,80,80,80,85,85,85,85,85,85,85,85,85,85,90,90,90,90,90,90,90,90,90,90,90,90,90,90,90,90,90,90,90,90],"card_choices":[{"not_picked":["Warcry","Pommel Strike"],"picked":"Rampage","floor":0.0},{"not_picked":["Anger","Wild Strike","Warcry"],"picked":"SKIP","floor":1.0},{"not_picked":["Pommel Strike","Burning Pact"],"picked":"Limit Break","floor":3.0},{"not_picked":["Cleave","Headbutt","Clothesline"],"picked":"SKIP","floor":4.0},{"not_picked":["Sever Soul","Twin Strike","Headbutt"],"picked":"SKIP","floor":7.0},{"not_picked":["Havoc+1","Power Through+1"],"picked":"Double Tap+1","floor":11.0},{"not_picked":["Feel No Pain+1","Thunderclap"],"picked":"Shrug It Off+1","floor":12.0},{"not_picked":["Perfected Strike+1","Searing Blow+1"],"picked":"Shrug It Off+1","floor":13.0},{"not_picked":["Perfected Strike+1","Twin Strike+1"],"picked":"Inflame+1","floor":14.0},{"not_picked":["Feed+1","Reaper+1"],"picked":"Offering+1","floor":16.0},{"not_picked":["Warcry+1","Iron Wave+1","Feel No Pain+1"],"picked":"SKIP","floor":18.0},{"not_picked":["Iron Wave+1","Feel No Pain+1"],"picked":"Warcry+1","floor":18.0},{"not_picked":["Havoc+1","Clothesline+1","Thunderclap+1"],"picked":"SKIP","floor":20.0},{"not_picked":["Flex+1","Rage+1","Warcry+1"],"picked":"SKIP","floor":22.0},{"not_picked":["Havoc+1","Rupture+1","Feel No Pain+1"],"picked":"SKIP","floor":24.0},{"not_picked":["Corruption+1","Bloodletting+1","Rage+1"],"picked":"SKIP","floor":25.0},{"not_picked":["Anger+1","Uppercut+1","Wild Strike+1"],"picked":"SKIP","floor":27.0},{"not_picked":["Armaments+1","Body Slam+1"],"picked":"Heavy Blade+1","floor":28.0},{"not_picked":["Whirlwind+1","Clothesline+1"],"picked":"Berserk+1","floor":29.0},{"not_picked":["Clothesline+1","Shrug It Off+1"],"picked":"Sword Boomerang+1","floor":31.0},{"not_picked":["Brutality+1","Exhume+1"],"picked":"Offering+1","floor":33},{"not_picked":["Warcry+1","Seeing Red+1"],"picked":"True Grit+1","floor":35},{"not_picked":["Perfected Strike+1","Sever Soul+1","Twin Strike+1"],"picked":"SKIP","floor":38},{"not_picked":["Clash+1","Clothesline+1","Dual Wield+1"],"picked":"SKIP","floor":41},{"not_picked":["Headbutt+1","Sentinel+1"],"picked":"Inflame+1","floor":42},{"not_picked":["Headbutt+1","Uppercut+1"],"picked":"Limit Break+1","floor":45},{"not_picked":["Dual Wield+1","Warcry+1","Sword Boomerang+1"],"picked":"SKIP","floor":46},{"not_picked":["Clash+1","Twin Strike+1"],"picked":"Burning Pact+1","floor":47},{"not_picked":["Iron Wave+1","Clash+1","Battle Trance+1"],"picked":"SKIP","floor":48}],"player_experience":804299,"relics_obtained":[{"floor":2.0,"key":"Matryoshka"},{"floor":7.0,"key":"Kunai"},{"floor":9.0,"key":"Pen Nib"},{"floor":9.0,"key":"Frozen Egg 2"},{"floor":11.0,"key":"Toxic Egg 2"},{"floor":25.0,"key":"The Courier"},{"floor":26.0,"key":"Toy Ornithopter"},{"floor":26.0,"key":"CeramicFish"},{"floor":27.0,"key":"Whetstone"},{"floor":43,"key":"Happy Flower"},{"floor":46,"key":"Peace Pipe"},{"floor":48,"key":"Anchor"}],"event_choices":[{"damage_healed":0.0,"max_hp_gain":0.0,"max_hp_loss":0.0,"gold_gain":0.0,"event_name":"Dead Adventurer","player_choice":"Searched \u00272\u0027 times","floor":13.0,"gold_loss":0.0,"damage_taken":0.0,"relics_obtained":["Molten Egg 2"]},{"damage_healed":0.0,"max_hp_gain":0.0,"max_hp_loss":0.0,"gold_gain":0.0,"event_name":"Addict","player_choice":"Obtained Relic","floor":19.0,"gold_loss":85.0,"damage_taken":0.0,"relics_obtained":["Old Coin"]},{"damage_healed":0.0,"max_hp_gain":5.0,"max_hp_loss":0.0,"gold_gain":0.0,"event_name":"Forgotten Altar","player_choice":"Shed Blood","floor":21.0,"gold_loss":0.0,"damage_taken":20.0},{"damage_healed":28.0,"max_hp_gain":0.0,"max_hp_loss":0.0,"gold_gain":0.0,"event_name":"The Library","player_choice":"Heal","floor":30.0,"gold_loss":0.0,"damage_taken":0.0},{"damage_healed":0,"gold_gain":0,"player_choice":"Ignored","damage_taken":0,"max_hp_gain":0,"max_hp_loss":0,"event_name":"Tomb of Lord Red Mask","floor":37,"gold_loss":0}],"is_beta":false,"boss_relics":[{"not_picked":["Coffee Dripper","Tiny House"],"picked":"Astrolabe"},{"not_picked":["Runic Cube","SacredBark"],"picked":"Sozu"}],"items_purged_floors":[5,36],"is_endless":false,"potions_floor_spawned":[3,7,11,20,24,25,31,35,45,47],"ascension_level":1}}