{"host":"vm8b3ptwl81uq21f","time":1609920567,"event":{"mods":["Aspiration","BaseMod","BetterRewards","Colored Map","Colored Powertips","Downfall","GifTheSpireLib","Googly Eyes","GungeonMod","Halation","Hubris","Infinite Spire","Minty Spire (QoL Compilation)","Quick Restart","Rare Cards Sparkle","Replay The Spire","Shop Mod","StSLib","Stuff the Spire","The Bug Knight","The IronCluck","[IsaacMod]????"],"gold_per_floor":[117,117,117,117,117,117,151,161,161,11,24,55,75,109,109,214,214,225,242,252,267,267,267,298,298,325,359,370,384,416,426,426,521,621,641,641,566,566,577,612,630,630,656,673,691,691,691,591,591,591,591,591,460,489,579,579],"floor_reached":55,"playtime":2360,"items_purged":["HollowMod:FocusHealStart","HollowMod:NailStrikeStart","HollowMod:NailStrikeStart","HollowMod:NailStrikeStart","HollowMod:NailStrikeStart"],"score":977,"play_id":"5e7e7f3a-d41f-4d64-9b8b-8cc4156220b9","local_time":"20210106030927","is_ascension_mode":false,"campfire_choices":[{"floor":6.0,"key":"RECALL"},{"floor":15.0,"key":"REST"},{"floor":23.0,"key":"REST"},{"floor":42,"key":"REST"},{"floor":49,"key":"REST"},{"floor":52,"key":"REST"}],"circlet_count":0,"master_deck":["HollowMod:QuickDashStart","HollowMod:QuickDashStart","HollowMod:QuickDashStart","HollowMod:QuickDashStart","HollowMod:PogoStrike","Injury","HollowMod:FallenFury+1","HollowMod:Weaversong","HollowMod:FallenFury+1","HollowMod:CloakDash","HollowMod:HeavyBlow+1","HollowMod:Weaversong","HollowMod:SharpenedNail+1","HollowMod:FastStrike+1","HollowMod:DashSlash+1","hubris:InfiniteBlow+30","HollowMod:CloakDash","HollowMod:SiblingsSouls+1","HollowMod:ZotesMagnificence+1","Pot Of Greed+1","Pot Of Greed+1","HollowMod:LifebloodCocoon+1"],"relics":["HushsDoor","BookOfRevelations","Fusion Hammer","halation:EternalFortune","Letter Opener","StuffTheSpire:Experiment12","aspiration:Lifesprig","ReplayFunnel","StuffTheSpire:HeavyRock","hubris:Reverence","Replay:Wanted Poster","DemoMod:WhiteGuonStone","Medical Kit","Grinning Jar","MerchantsRug","halation:IllGainedPizza"],"acts_visited":["Exordium","TheCity","TheBeyond","TheEnding"],"potions_floor_usage":[30,54,55,55,55],"damage_taken":[{"damage":1.0,"enemies":"Jaw Worm","floor":1.0,"turns":3.0},{"damage":14.0,"enemies":"Gremlin Nob","floor":7.0,"turns":4.0},{"damage":4.0,"enemies":"2 Louse","floor":8.0,"turns":2.0},{"damage":0.0,"enemies":"Small Slimes","floor":11.0,"turns":3.0},{"damage":2.0,"enemies":"HollowMod:MossKnight","floor":12.0,"turns":4.0},{"damage":6.0,"enemies":"3 Louse","floor":13.0,"turns":3.0},{"damage":16.0,"enemies":"Lagavulin","floor":14.0,"turns":3.0},{"damage":5.0,"enemies":"The Guardian","floor":16.0,"turns":6.0},{"damage":0.0,"enemies":"Chosen","floor":18.0,"turns":4.0},{"damage":7.0,"enemies":"Shell Parasite","floor":19.0,"turns":3.0},{"damage":19.0,"enemies":"Snake Plant","floor":20.0,"turns":2.0},{"damage":20.0,"enemies":"Shelled Parasite and Fungi","floor":21.0,"turns":3.0},{"damage":0,"enemies":"Gremlin Leader","floor":24,"turns":3},{"damage":0,"enemies":"Book of Stabbing","floor":27,"turns":1},{"damage":3,"enemies":"Centurion and Healer","floor":28,"turns":3},{"damage":0,"enemies":"3 Cultists","floor":29,"turns":4},{"damage":0,"enemies":"Replay:Snechameleon","floor":30,"turns":5},{"damage":0,"enemies":"Sentry and Sphere","floor":31,"turns":2},{"damage":0,"enemies":"Automaton","floor":33,"turns":2},{"damage":0,"enemies":"3 Shapes","floor":35,"turns":3},{"damage":0,"enemies":"3 Darklings","floor":39,"turns":3},{"damage":0,"enemies":"R_Hoarder","floor":40,"turns":4},{"damage":0,"enemies":"Spire Growth","floor":41,"turns":2},{"damage":0,"enemies":"Sphere and 2 Shapes","floor":44,"turns":2},{"damage":0,"enemies":"Writhing Mass","floor":45,"turns":3},{"damage":1,"enemies":"infinitespire:MassOfShapes","floor":50,"turns":1},{"damage":6,"enemies":"Shield and Spear","floor":54,"turns":3},{"damage":80,"enemies":"Delirium","floor":55,"turns":16}],"seed_played":"-2344123686423676682","potions_obtained":[{"floor":11.0,"key":"BlessingOfTheForge"},{"floor":12.0,"key":"SkillPotion"},{"floor":16.0,"key":"LiquidBronze"},{"floor":24,"key":"PowerPotion"},{"floor":31,"key":"champ:CounterPotion"},{"floor":41,"key":"Swift Potion"},{"floor":54,"key":"BlessingOfTheForge"}],"is_trial":false,"path_per_floor":["M","?","?","?","?","R","E","M","T","?","M","E","M","E","R","B",null,"M","M","M","M","AVR","R","E","?","T","E","M","M","E","M","R_BF","B",null,"M","?","$","?","M","E","M","R","T","M","M","?","?","$","R","B",null,"R","$","E","B"],"character_chosen":"THE_BUGKNIGHT","items_purchased":["Medical Kit","Grinning Jar","MerchantsRug"],"campfire_rested":5,"item_purchase_floors":[53,53,53],"current_hp_per_floor":[74,77,77,77,77,77,63,59,59,59,59,64,58,42,67,62,85,85,78,59,39,39,64,64,64,64,64,61,61,61,61,70,70,80,80,80,80,80,83,83,83,83,83,83,83,83,83,83,83,82,83,83,83,80,0,0],"gold":579,"neow_bonus":"BOSS_RELIC","is_daily":false,"chose_seed":false,"campfire_upgraded":0,"win_rate":0.0,"timestamp":1609920567,"path_taken":["M","?","?","?","?","R","E","M","T","?","M","E","M","E","R","BOSS","M","M","M","M","AVR","R","E","?","T","E","M","M","E","M","R_BF","BOSS","M","?","$","?","?","E","M","R","T","M","M","?","?","?","R","BOSS","R","$","E","BOSS"],"items_purchased_type":["Relic","Relic","Relic"],"build_version":"2020-12-22","purchased_purges":5,"victory":false,"max_hp_per_floor":[75,78,78,78,78,78,78,78,78,78,78,85,85,85,85,85,85,85,85,85,85,85,85,85,85,85,85,85,85,85,85,85,85,80,80,80,80,80,83,83,83,83,83,83,83,83,83,83,83,83,83,83,83,86,86,86],"card_choices":[{"not_picked":["HollowMod:CornifersMapStart","HollowMod:SoulStrike"],"picked":"HollowMod:CoiledNail","floor":1.0},{"not_picked":["HollowMod:GoodIntentions","HollowMod:SoulEater"],"picked":"HollowMod:FallenFury+1","floor":7.0},{"not_picked":["HollowMod:NewJinnsSoul","HollowMod:CrystalDash"],"picked":"HollowMod:Weaversong","floor":8.0},{"not_picked":["HollowMod:SoulShaman","Bomb"],"picked":"HollowMod:FallenFury+1","floor":11.0},{"not_picked":["HollowMod:VengefulVoid+1","HollowMod:AbyssShriek+1"],"picked":"HollowMod:CloakDash","floor":12.0},{"not_picked":["HollowMod:GrimmsGift","HollowMod:WraithStrike+1"],"picked":"HollowMod:HeavyBlow+1","floor":13.0},{"not_picked":["HollowMod:ShapeofUnn","HollowMod:MonarchWings","HollowMod:SoulStrike+1"],"picked":"SKIP","floor":14.0},{"not_picked":["HollowMod:MidwifesHunger+1","HollowMod:SoulMaster"],"picked":"HollowMod:Weaversong","floor":16.0},{"not_picked":["HollowMod:BlackTendrils+1","HollowMod:CornifersMapStart"],"picked":"HollowMod:SharpenedNail+1","floor":18.0},{"not_picked":["HollowMod:NewLittleFool+1","HollowMod:HuntersJournal"],"picked":"HollowMod:FastStrike+1","floor":19.0},{"not_picked":["HollowMod:InfectionAssault+1","HollowMod:MonarchWings","HollowMod:SoulShaman"],"picked":"SKIP","floor":20.0},{"not_picked":["HollowMod:MonarchWings+1","HollowMod:ChannelNail"],"picked":"HollowMod:DashSlash+1","floor":21.0},{"not_picked":["HollowMod:CornifersMapStart","HollowMod:DreamGate","HollowMod:BaldurShell"],"picked":"SKIP","floor":24},{"not_picked":["HollowMod:BaldurShell","HollowMod:ShadowDash","HollowMod:BrokenVessel+1"],"picked":"SKIP","floor":27},{"not_picked":["HollowMod:ShapeofUnn","HollowMod:DreamGate"],"picked":"HollowMod:CloakDash","floor":28},{"not_picked":["HollowMod:NewJinnsSoul+1","HollowMod:Weaversong","HollowMod:HeavyBlow+1"],"picked":"SKIP","floor":29},{"not_picked":["HollowMod:NewLittleFool+1","HollowMod:DreamGate"],"picked":"HollowMod:RecoilStrike+1","floor":30},{"not_picked":["HollowMod:GrimmsGift+1","HollowMod:HowlingWraiths+1"],"picked":"HollowMod:SiblingsSouls+1","floor":31},{"not_picked":["HollowMod:SoulMaster","HollowMod:ElderbugsWisdom"],"picked":"HollowMod:ZotesMagnificence+1","floor":33},{"not_picked":["HollowMod:NewLittleFool+1","HollowMod:SiblingsShadow","HollowMod:SoulShaman+1"],"picked":"SKIP","floor":35},{"not_picked":["HollowMod:CloakDash","HollowMod:CornifersMapStart+1","HollowMod:NewGlowingWomb"],"picked":"SKIP","floor":39},{"not_picked":["HollowMod:HeavyBlow+1","HollowMod:HowlingWraiths+1","HollowMod:ChannelNail+1"],"picked":"SKIP","floor":40},{"not_picked":["HollowMod:NewInfectedGuardian","HollowMod:FastStrike+1","HollowMod:LifebloodCocoon+1"],"picked":"SKIP","floor":41},{"not_picked":["HollowMod:ChannelNail+1","HollowMod:CycloneSlash+1","HollowMod:NewLittleFool+1"],"picked":"SKIP","floor":44},{"not_picked":["HollowMod:DoubleDash","HollowMod:SoulSplash+1","HollowMod:QuirrelsAssistance+1"],"picked":"SKIP","floor":45},{"not_picked":["HollowMod:CrystalDash+1","HollowMod:SharpenedNail"],"picked":"HollowMod:LifebloodCocoon+1","floor":54}],"player_experience":362329,"relics_obtained":[{"floor":7.0,"key":"Letter Opener"},{"floor":9.0,"key":"StuffTheSpire:Experiment12"},{"floor":12.0,"key":"Strawberry"},{"floor":14.0,"key":"aspiration:Lifesprig"},{"floor":24,"key":"D6"},{"floor":26,"key":"ReplayFunnel"},{"floor":27,"key":"StuffTheSpire:HeavyRock"},{"floor":30,"key":"hubris:Reverence"},{"floor":39,"key":"halation:EternalFortune"},{"floor":40,"key":"DemoMod:WhiteGuonStone"},{"floor":54,"key":"halation:EternalFortune"},{"floor":54,"key":"halation:IllGainedPizza"}],"event_choices":[{"cards_removed":["HollowMod:CoiledNail"],"damage_healed":0.0,"max_hp_gain":0.0,"max_hp_loss":0.0,"gold_gain":0.0,"event_name":"WeMeetAgain","player_choice":"Gave Card","floor":5.0,"gold_loss":0.0,"damage_taken":0.0,"relics_obtained":["DemoMod:LamentConfigurum"]},{"cards_removed":["HollowMod:RecoilStrike"],"damage_healed":0,"gold_gain":0,"player_choice":"Offered Uncommon","damage_taken":0,"max_hp_gain":0,"max_hp_loss":0,"event_name":"Bonfire Elementals","floor":47,"gold_loss":0}],"is_beta":false,"boss_relics":[{"not_picked":["Busted Crown","aspiration:DefectSkillbook"],"picked":"Ring of Chaos"},{"not_picked":[]},{"not_picked":["halation:HeavySnake","halation:ForbiddenBikini"],"picked":"Replay:Wanted Poster"},{"not_picked":[]}],"items_purged_floors":[22,34,37,48,53],"is_endless":false,"potions_floor_spawned":[11,12,16,24,27,28,29,31,33,39,41,44,54],"killed_by":"Delirium","ascension_level":0}}