{"host":"dn6kke80v5f7isus","time":1609968044,"event":{"mods":["AchievementEnabler","Act Like it!","BaseMod","Colored Powertips","Custom Start","Defuse TimeMaze Blight","Downfall","Duelist Mod","Gremlin Skip","Highlight Path","Hubris","Infinite Spire","Minty Spire (QoL Compilation)","Rare Cards Sparkle","Replay The Spire","StSLib","The Cursed","Uncapped"],"gold_per_floor":[238,238,264,214,232,232,232],"floor_reached":6,"playtime":201,"items_purged":[],"score":36,"play_id":"cafbb240-882c-40a3-8d77-81eda6b85d1a","local_time":"20210106162044","is_ascension_mode":true,"campfire_choices":[],"circlet_count":0,"master_deck":["theDuelist:CastleWalls","theDuelist:CastleWalls","theDuelist:ColossalFighter","theDuelist:CommandKnight","theDuelist:FeedbackWarrior","theDuelist:FeedbackWarrior","theDuelist:MightyWarrior","theDuelist:Sparks","theDuelist:SuperheavySoulbuster","theDuelist:SuperheavySoulbuster","theDuelist:SuperheavySoulbuster"],"relics":["theDuelist:MillenniumPuzzle","theDuelist:CardPoolRelic","theDuelist:CardPoolBasicRelic","theDuelist:BoosterPackPoolRelic","theDuelist:CardPoolAddRelic","theDuelist:CardPoolMinusRelic","theDuelist:CardPoolSaveRelic","theDuelist:CardPoolOptionsRelic","Replay:Rubber Ducky"],"acts_visited":["Exordium"],"potions_floor_usage":[6],"damage_taken":[{"damage":0,"enemies":"2 Louse","floor":1,"turns":2},{"damage":22,"enemies":"Jaw Worm","floor":5,"turns":2},{"damage":46,"enemies":"Lagavulin","floor":6,"turns":4}],"seed_played":"1665697896717854540","potions_obtained":[{"floor":5,"key":"theDuelist:FireBottle"}],"is_trial":false,"path_per_floor":["M","?","T","?","M","E"],"character_chosen":"THE_DUELIST","items_purchased":[],"campfire_rested":0,"item_purchase_floors":[],"current_hp_per_floor":[80,80,80,80,58,12,12],"gold":232,"neow_bonus":"HUNDRED_GOLD","is_daily":false,"chose_seed":false,"campfire_upgraded":0,"win_rate":0.0,"timestamp":1609968044,"path_taken":["M","?","?","?","M","E"],"items_purchased_type":[],"build_version":"2020-12-22","purchased_purges":0,"victory":false,"max_hp_per_floor":[80,80,80,80,80,80,80],"card_choices":[{"not_picked":["theDuelist:ColossalFighter","theDuelist:BullBlader","theDuelist:BladeKnight","theDuelist:BrushfireKnight"],"picked":"theDuelist:SuperheavySoulbuster","floor":1},{"not_picked":["theDuelist:FeedbackWarrior","theDuelist:ColossalFighter","theDuelist:AlphaMagnet","theDuelist:NitroWarrior"],"picked":"theDuelist:SuperheavySoulbuster","floor":5}],"player_experience":534330,"relics_obtained":[{"floor":3,"key":"Replay:Rubber Ducky"}],"event_choices":[{"damage_healed":0,"gold_gain":0,"player_choice":"Leave","duelist":true,"damage_taken":0,"max_hp_gain":0,"max_hp_loss":0,"event_name":"Relic Duplicator","floor":2,"gold_loss":0},{"cards_removed":["theDuelist:Sparks"],"damage_healed":0,"gold_gain":0,"player_choice":"Card Removal","damage_taken":0,"max_hp_gain":0,"max_hp_loss":0,"event_name":"The Cleric","floor":4,"gold_loss":50}],"is_beta":false,"boss_relics":[],"items_purged_floors":[],"is_endless":false,"potions_floor_spawned":[5],"killed_by":"Lagavulin","ascension_level":1}}