{"host":"c74k1426u5comtjm","time":1609972923,"event":{"mods":["AchievementEnabler","BaseMod","Block Reminder","Colored Map","Colored Powertips","DeckTracker","Downfall","Friendly Minions","GifTheSpireLib","Minty Spire (QoL Compilation)","Permanent Neow","Random Character Button","Relic Stats","Spire Birthday Party","StSLib","everything is the same but u backflip on backflip"],"gold_per_floor":[99,110,124,137,149,168,168,179,179,189,200,113,135,75,99,208,208,208,102,120,138,156,264,264,283,301,322,322,322,322,7,27,132,132,132,160,69,87,104,104,104,117,134,312,330,330,330,340,352,352],"floor_reached":51,"playtime":6333,"items_purged":["hexamod:Strike"],"score":680,"play_id":"97fe4b75-a456-4573-8ef6-855a09c66a99","local_time":"20210106144203","is_ascension_mode":false,"campfire_choices":[{"data":"hexamod:Sear","floor":1.0,"key":"SMITH"},{"data":"hexamod:TimeOfNeed","floor":18.0,"key":"SMITH"},{"data":"hexamod:GhostflameInferno","floor":28.0,"key":"SMITH"},{"data":"hexamod:GhostShield","floor":30.0,"key":"SMITH"},{"data":"hexamod:VolcanoVisage","floor":35.0,"key":"SMITH"},{"data":"hexamod:HeatShield","floor":40,"key":"SMITH"},{"data":"expansioncontent:DefensiveStance","floor":47,"key":"SMITH"}],"circlet_count":0,"master_deck":["hexamod:Strike+1","hexamod:Strike+1","hexamod:Strike+1","hexamod:Defend+1","hexamod:Defend+1","hexamod:Defend+1","hexamod:Defend+1","hexamod:Sear+1","hexamod:Float","Blind","hexamod:SpectersWail","hexamod:Hexaguard","hexamod:InspiringFlames","hexamod:BacktrackSmack+1","hexamod:HeatShield+1","hexamod:SpectersWail","hexamod:EmpoweredFlame","hexamod:GhostShield+1","hexamod:GhostflameInferno+1","hexamod:AdvancingGuard","hexamod:StepThrough","hexamod:CrushingStance","hexamod:TimeOfNeed+1","hexamod:GhostLash+1","hexamod:Firestarter","hexamod:Incineration","hexamod:GhostflameBarrier+1","hexamod:RainOfEmbers+1","hexamod:VolcanoVisage+1","hexamod:Hexaguard+1","hexamod:SoulSteal+1","Parasite","hexamod:WildfireWeapon+1","expansioncontent:DefensiveStance+1","hexamod:EtherealExpedition+1","hexamod:SoulSteal"],"relics":["hexamod:SpiritBrand","TungstenRod","CultistMask","Coffee Dripper","Ice Cream","Ornamental Fan","Torii","Membership Card","Lizard Tail","hexamod:IceCube","Blood Vial","hexamod:TheBrokenSeal","Molten Egg 2","Bag of Marbles","Chemical X"],"acts_visited":["Exordium","TheCity","TheBeyond"],"potions_floor_usage":[50,50,50],"damage_taken":[{"damage":0.0,"enemies":"Small Slimes","floor":2.0,"turns":3.0},{"damage":0.0,"enemies":"Cultist","floor":3.0,"turns":3.0},{"damage":0.0,"enemies":"Jaw Worm","floor":4.0,"turns":4.0},{"damage":0.0,"enemies":"Lots of Slimes","floor":5.0,"turns":5.0},{"damage":3.0,"enemies":"Exordium Wildlife","floor":6.0,"turns":3.0},{"damage":9.0,"enemies":"Large Slime","floor":8.0,"turns":5.0},{"damage":0.0,"enemies":"Red Slaver","floor":10.0,"turns":3.0},{"damage":0.0,"enemies":"Exordium Thugs","floor":11.0,"turns":5.0},{"damage":0.0,"enemies":"downfall:FleeingMerchant","floor":12.0,"turns":4.0},{"damage":0.0,"enemies":"Lots of Slimes","floor":13.0,"turns":4.0},{"damage":0.0,"enemies":"downfall:FleeingMerchant","floor":14.0,"turns":4.0},{"damage":2.0,"enemies":"Large Slime","floor":15.0,"turns":7.0},{"damage":23.0,"enemies":"downfall:Silent","floor":16.0,"turns":12.0},{"damage":3.0,"enemies":"downfall:FleeingMerchant","floor":19.0,"turns":4.0},{"damage":3.0,"enemies":"3 Byrds","floor":20.0,"turns":5.0},{"damage":0.0,"enemies":"Chosen","floor":21.0,"turns":3.0},{"damage":28.0,"enemies":"Shelled Parasite and Fungi","floor":22.0,"turns":7.0},{"damage":21.0,"enemies":"downfall:Defect","floor":23.0,"turns":8.0},{"damage":0.0,"enemies":"Centurion and Healer","floor":25.0,"turns":10.0},{"damage":12.0,"enemies":"Snake Plant","floor":26.0,"turns":5.0},{"damage":15.0,"enemies":"Chosen and Byrds","floor":27.0,"turns":7.0},{"damage":0.0,"enemies":"downfall:FleeingMerchant","floor":31.0,"turns":4.0},{"damage":15.0,"enemies":"Centurion and Healer","floor":32.0,"turns":7.0},{"damage":15.0,"enemies":"downfall:Ironclad","floor":33.0,"turns":7.0},{"damage":23.0,"enemies":"Orb Walker","floor":36.0,"turns":5.0},{"damage":0,"enemies":"downfall:FleeingMerchant","floor":37,"turns":4},{"damage":12,"enemies":"3 Darklings","floor":38,"turns":7},{"damage":0,"enemies":"Maw","floor":39,"turns":6},{"damage":0,"enemies":"Writhing Mass","floor":42,"turns":5},{"damage":6,"enemies":"Transient","floor":43,"turns":5},{"damage":0,"enemies":"downfall:FleeingMerchant","floor":44,"turns":1},{"damage":0,"enemies":"4 Shapes","floor":45,"turns":5},{"damage":0,"enemies":"Maw","floor":48,"turns":5},{"damage":6,"enemies":"Sphere and 2 Shapes","floor":49,"turns":4},{"damage":20,"enemies":"downfall:Watcher","floor":50,"turns":8}],"seed_played":"3608179549249380099","potions_obtained":[{"floor":4.0,"key":"Weak Potion"},{"floor":5.0,"key":"GamblersBrew"},{"floor":11.0,"key":"SpeedPotion"},{"floor":16.0,"key":"EssenceOfSteel"},{"floor":20.0,"key":"CultistPotion"},{"floor":22.0,"key":"EssenceOfSteel"},{"floor":25.0,"key":"FairyPotion"},{"floor":26.0,"key":"ColorlessPotion"},{"floor":27.0,"key":"Ancient Potion"},{"floor":33.0,"key":"hexamod:InfernoChargePotion"},{"floor":33.0,"key":"Block Potion"},{"floor":36.0,"key":"SkillPotion"},{"floor":43,"key":"Fire Potion"},{"floor":45,"key":"champ:CounterPotion"}],"is_trial":false,"path_per_floor":["R","M","M","M","M","M","T","M","?","M","M","$","M","$","M","B",null,"R","$","M","M","M","?","T","M","M","M","R","?","R","$","M","B",null,"R","M","$","M","M","R","T","M","M","$","M","?","R","M","M","B",null],"character_chosen":"THE_SPIRIT","items_purchased":["hexamod:ThirdSeal","hexamod:AdvancingGuard","hexamod:Firestarter","Membership Card","Lizard Tail","Blood Vial","Bag of Marbles","Chemical X","expansioncontent:DefensiveStance"],"campfire_rested":0,"item_purchase_floors":[12,14,19,31,31,37,44,44,44],"current_hp_per_floor":[70,70,70,70,70,67,67,58,58,58,58,58,58,58,56,33,70,70,67,64,64,36,15,15,15,3,21,21,21,21,21,6,27,70,70,54,61,80,80,80,80,80,74,76,78,78,78,80,74,56],"gold":352,"neow_bonus":"RANDOM_COLORLESS","is_daily":false,"chose_seed":false,"campfire_upgraded":7,"win_rate":0.0,"timestamp":1609972923,"path_taken":["R","M","M","M","M","M","T","M","?","M","M","$","M","$","M","BOSS","R","$","M","M","M","?","T","M","M","M","R","?","R","$","M","BOSS","R","M","$","M","M","R","T","M","M","$","M","?","R","?","M","BOSS"],"items_purchased_type":["Card","Card","Card","Relic","Relic","Relic","Relic","Relic","Card"],"build_version":"2020-12-22","purchased_purges":1,"victory":true,"max_hp_per_floor":[70,70,70,70,70,70,70,70,70,70,70,70,70,70,70,70,70,70,70,70,70,70,70,70,70,70,70,70,70,70,70,70,70,70,70,70,70,80,80,80,80,80,80,80,80,80,80,80,80,80],"relic_stats":{"Blood Vial":10,"Lizard Tail":35,"Torii":29,"counters":[35,184],"Ornamental Fan":[20],"Chemical X":[5],"obtain_stats":[{"Ice Cream":23,"Torii":24,"hexamod:TheBrokenSeal":38,"Blood Vial":37,"Lizard Tail":31,"Ornamental Fan":23,"Molten Egg 2":41,"CultistMask":9,"Coffee Dripper":17,"Bag of Marbles":44,"Membership Card":31,"Chemical X":44,"hexamod:SpiritBrand":0,"TungstenRod":7,"hexamod:IceCube":34},{"Ice Cream":18,"Torii":18,"hexamod:TheBrokenSeal":27,"Blood Vial":26,"Lizard Tail":22,"Ornamental Fan":18,"Molten Egg 2":28,"CultistMask":6,"Coffee Dripper":13,"Bag of Marbles":31,"Membership Card":22,"Chemical X":31,"hexamod:SpiritBrand":0,"TungstenRod":5,"hexamod:IceCube":24},{"Ice Cream":89,"Torii":89,"hexamod:TheBrokenSeal":144,"Blood Vial":138,"Lizard Tail":115,"Ornamental Fan":89,"Molten Egg 2":151,"CultistMask":23,"Coffee Dripper":62,"Bag of Marbles":162,"Membership Card":115,"Chemical X":162,"hexamod:SpiritBrand":0,"TungstenRod":18,"hexamod:IceCube":129}],"TungstenRod":53},"card_choices":[{"not_picked":["Discovery","expansioncontent:LastStand"],"picked":"Blind","floor":0.0},{"not_picked":["hexamod:HauntingEcho","hexamod:GhostShield"],"picked":"hexamod:SpectersWail","floor":2.0},{"not_picked":["hexamod:NightmareGuise","hexamod:Haunt"],"picked":"hexamod:Hexaguard","floor":3.0},{"not_picked":["hexamod:FastForward","hexamod:ThermalTransfer"],"picked":"hexamod:InspiringFlames","floor":4.0},{"not_picked":["hexamod:ShieldOfDarkness","hexamod:Hexaguard"],"picked":"hexamod:BacktrackSmack","floor":5.0},{"not_picked":["hexamod:Firestarter","hexamod:NightmareGuise","hexamod:GhostOfSpireFuture"],"picked":"SKIP","floor":6.0},{"not_picked":["hexamod:InspiringFlames","hexamod:NightmareGuise"],"picked":"hexamod:HeatShield","floor":8.0},{"not_picked":["hexamod:SkipABeat","hexamod:HeatCrush","hexamod:Hexaguard"],"picked":"SKIP","floor":10.0},{"not_picked":["hexamod:ShieldOfDarkness","hexamod:ThermalTransfer","hexamod:HauntingEcho"],"picked":"SKIP","floor":11.0},{"not_picked":["hexamod:TimeOfNeed","hexamod:GhostLash"],"picked":"hexamod:SecondSeal","floor":12.0},{"not_picked":["hexamod:FastForward","hexamod:NightmareStrike"],"picked":"hexamod:SpectersWail","floor":13.0},{"not_picked":["hexamod:ThermalTransfer","hexamod:RainOfEmbers"],"picked":"hexamod:EmpoweredFlame","floor":13.0},{"not_picked":["hexamod:RetreatToShadows","hexamod:RainOfEmbers"],"picked":"hexamod:GhostShield","floor":14.0},{"not_picked":["hexamod:RainOfEmbers","hexamod:Hexaguard"],"picked":"hexamod:GhostflameInferno","floor":14.0},{"not_picked":["hexamod:SwordOfDarkness","hexamod:GhostLash"],"picked":"hexamod:StepThrough","floor":15.0},{"not_picked":["hexamod:SpectersWail","hexamod:GhostShield","hexamod:Firestarter"],"picked":"SKIP","floor":15.0},{"not_picked":["hexamod:TimeWarp","hexamod:ParanormalForm"],"picked":"hexamod:CrushingStance","floor":16.0},{"not_picked":["hexamod:TurnItUp","hexamod:WildfireWeapon"],"picked":"hexamod:TimeOfNeed","floor":16.0},{"not_picked":["hexamod:RainOfEmbers","hexamod:Hexaguard"],"picked":"hexamod:GhostLash","floor":19.0},{"not_picked":["hexamod:BacktrackSmack","hexamod:ThermalTransfer","hexamod:Haunt+1"],"picked":"SKIP","floor":19.0},{"not_picked":["hexamod:GhostLash","hexamod:RainOfEmbers+1"],"picked":"hexamod:Incineration","floor":20.0},{"not_picked":["hexamod:GhostLash","hexamod:SearingWound","hexamod:RainOfEmbers"],"picked":"SKIP","floor":20.0},{"not_picked":["hexamod:ChargedBarrage+1","hexamod:InspiringFlames","hexamod:UnleashSpirits"],"picked":"SKIP","floor":21.0},{"not_picked":["hexamod:Firestarter","hexamod:Hexaguard+1"],"picked":"hexamod:GhostflameBarrier+1","floor":22.0},{"not_picked":["hexamod:FastForward","hexamod:SwordOfDarkness","hexamod:Firestarter+1"],"picked":"SKIP","floor":22.0},{"not_picked":["hexamod:RadiantFlame","hexamod:SpectralAdrenaline"],"picked":"hexamod:FourthSeal","floor":23.0},{"not_picked":["hexamod:InspiringFlames","hexamod:SwordOfDarkness","hexamod:NecessarySacrifice"],"picked":"SKIP","floor":25.0},{"not_picked":["hexamod:SpectersWail","hexamod:GhostflameInferno","hexamod:ThermalTransfer"],"picked":"SKIP","floor":25.0},{"not_picked":["hexamod:HauntingEcho+1","hexamod:SwordOfDarkness"],"picked":"hexamod:RainOfEmbers+1","floor":26.0},{"not_picked":["hexamod:ExtraCrispy","hexamod:Hexaguard","hexamod:Firestarter"],"picked":"SKIP","floor":26.0},{"not_picked":["hexamod:BacktrackSmack","hexamod:ThermalTransfer"],"picked":"hexamod:FifthSeal","floor":27.0},{"not_picked":["hexamod:SwordOfDarkness","hexamod:NightmareStrike","hexamod:NightmareGuise"],"picked":"SKIP","floor":27.0},{"not_picked":["hexamod:ThirdSeal","hexamod:SecondSeal"],"picked":"hexamod:SixthSeal","floor":31.0},{"not_picked":["hexamod:FourthSeal","hexamod:AdvancingGuard+1","hexamod:ChargedBarrage"],"picked":"SKIP","floor":31.0},{"not_picked":["hexamod:SecondSeal","hexamod:ThermalTransfer","hexamod:BurningTouch"],"picked":"SKIP","floor":32.0},{"not_picked":["hexamod:ThirdSeal","hexamod:SecondSeal","hexamod:FourthSeal"],"picked":"SKIP","floor":32.0},{"not_picked":["hexamod:GhostLash","hexamod:GhostflameBarrier+1","hexamod:Hexaguard"],"picked":"SKIP","floor":32.0},{"not_picked":["hexamod:SecondSeal","hexamod:SixthSeal"],"picked":"hexamod:FirstSeal","floor":33.0},{"not_picked":["hexamod:CrushingStance","hexamod:WildfireWeapon"],"picked":"hexamod:VolcanoVisage","floor":33.0},{"not_picked":["hexamod:ShieldOfDarkness","hexamod:HauntingEcho+1"],"picked":"hexamod:Hexaguard+1","floor":36.0},{"not_picked":["hexamod:SixthSeal","hexamod:FirstSeal","hexamod:ThirdSeal"],"picked":"SKIP","floor":36.0},{"not_picked":["hexamod:DynamicBlow","hexamod:GhostOfSpirePresent","hexamod:Firestarter+1"],"picked":"SKIP","floor":37},{"not_picked":["hexamod:NecessarySacrifice","hexamod:GhostOfSpireFuture"],"picked":"hexamod:SoulSteal+1","floor":38},{"not_picked":["hexamod:SecondSeal","hexamod:ThirdSeal","hexamod:SixthSeal"],"picked":"SKIP","floor":38},{"not_picked":["hexamod:Firestarter+1","hexamod:NightmareGuise","hexamod:GhostOfSpirePast+1"],"picked":"SKIP","floor":39},{"not_picked":["hexamod:TurnItUp","hexamod:SpectersWail+1","hexamod:SwordOfDarkness+1"],"picked":"SKIP","floor":42},{"not_picked":["hexamod:FastForward","hexamod:ShieldOfDarkness","hexamod:Again"],"picked":"SKIP","floor":43},{"not_picked":["hexamod:Firestarter+1","hexamod:BacktrackSmack+1"],"picked":"hexamod:WildfireWeapon","floor":44},{"not_picked":["hexamod:Firestarter+1","hexamod:RadiantFlame"],"picked":"hexamod:EtherealExpedition+1","floor":45},{"not_picked":["hexamod:Firestarter+1","hexamod:Incineration+1","hexamod:DynamicBlow+1"],"picked":"SKIP","floor":48},{"not_picked":["hexamod:SkipABeat+1","hexamod:GhostLash+1"],"picked":"hexamod:SoulSteal","floor":49}],"player_experience":643086,"relics_obtained":[{"floor":7.0,"key":"TungstenRod"},{"floor":23.0,"key":"Ice Cream"},{"floor":23.0,"key":"Ornamental Fan"},{"floor":24.0,"key":"Torii"},{"floor":41,"key":"Molten Egg 2"}],"event_choices":[{"damage_healed":0.0,"max_hp_gain":0.0,"max_hp_loss":0.0,"gold_gain":0.0,"event_name":"FaceTrader","player_choice":"Trade","floor":9.0,"gold_loss":0.0,"damage_taken":0.0,"relics_obtained":["CultistMask"]},{"damage_healed":0.0,"max_hp_gain":0.0,"max_hp_loss":0.0,"gold_gain":0.0,"event_name":"Back to Basics","player_choice":"Simplicity","floor":29.0,"gold_loss":0.0,"damage_taken":0.0,"cards_upgraded":["hexamod:Strike","hexamod:Strike","hexamod:Strike","hexamod:Defend","hexamod:Defend","hexamod:Defend","hexamod:Defend"]},{"damage_healed":0,"gold_gain":0,"player_choice":"Forge","damage_taken":0,"max_hp_gain":0,"max_hp_loss":0,"event_name":"Accursed Blacksmith","floor":46,"gold_loss":0,"cards_upgraded":["hexamod:WildfireWeapon"]}],"is_beta":false,"boss_relics":[{"not_picked":["Cursed Key","Snecko Eye"],"picked":"Coffee Dripper"},{"not_picked":["Runic Pyramid","Black Star"],"picked":"hexamod:IceCube"}],"items_purged_floors":[19],"is_endless":false,"potions_floor_spawned":[4,5,11,13,15,16,20,22,25,27,33,42,43,45],"ascension_level":0}}