{"host":"2p2urjtdoqk7wfo5","time":1609911352,"event":{"mods":["AchievementEnabler","BaseMod","Colored Powertips","Minty Spire (QoL Compilation)"],"gold_per_floor":[112,131,131,16,32,32,62,78,78,90,131,159,184,196,208,323,635,658,670,198,198,218,218,249,249,249,249,300,315,342,63,63,159,159,170,80,80,93,111,111,130,130,154,154,172,172,204,228,228,228,228],"floor_reached":50,"playtime":8299,"items_purged":["Defend_B","Strike_B","Strike_B"],"score":543,"play_id":"65879350-1552-4db6-903f-f2b89f5a9dba","local_time":"20210105213552","is_ascension_mode":false,"campfire_choices":[{"data":"FTL","floor":6,"key":"SMITH"},{"data":"Zap","floor":10,"key":"SMITH"},{"floor":15,"key":"REST"},{"data":"Machine Learning","floor":23,"key":"SMITH"},{"data":"Storm","floor":25,"key":"SMITH"},{"floor":32,"key":"REST"},{"floor":40,"key":"REST"},{"data":"Doom and Gloom","floor":44,"key":"SMITH"},{"floor":46,"key":"REST"},{"floor":49,"key":"REST"}],"circlet_count":0,"master_deck":["Strike_B+1","Strike_B+1","Defend_B","Defend_B","Defend_B","Zap+1","Dualcast","Conserve Battery","Doom and Gloom+1","FTL+1","Ball Lightning","Barrage","Streamline","Consume","Loop","Machine Learning+1","Biased Cognition","CurseOfTheBell","Heatsinks+1","Static Discharge","Necronomicurse","Hologram+1","Storm+1","Zap","Leap","Self Repair","Amplify","Good Instincts","Rip and Tear","Zap","Reinforced Body","Static Discharge+1"],"relics":["Cracked Core","Boot","MawBank","Meat on the Bone","Calling Bell","Tiny Chest","InkBottle","Old Coin","Toolbox","Toy Ornithopter","Necronomicon","Whetstone","Shuriken","Vajra","Girya","Bag of Preparation","Busted Crown","Blood Vial","Bag of Marbles","MealTicket"],"acts_visited":["Exordium","TheCity","TheBeyond"],"potions_floor_usage":[12,24,24,33,39,47,50],"damage_taken":[{"damage":0,"enemies":"Small Slimes","floor":1,"turns":3},{"damage":1,"enemies":"Cultist","floor":2,"turns":3},{"damage":1,"enemies":"2 Louse","floor":5,"turns":2},{"damage":14,"enemies":"Lagavulin","floor":7,"turns":5},{"damage":1,"enemies":"Exordium Thugs","floor":8,"turns":4},{"damage":13,"enemies":"Gremlin Nob","floor":11,"turns":3},{"damage":0,"enemies":"Large Slime","floor":12,"turns":4},{"damage":7,"enemies":"Blue Slaver","floor":13,"turns":2},{"damage":25,"enemies":"Slime Boss","floor":16,"turns":6},{"damage":0,"enemies":"Chosen","floor":18,"turns":4},{"damage":12,"enemies":"Shell Parasite","floor":22,"turns":2},{"damage":23,"enemies":"Slavers","floor":24,"turns":4},{"damage":14,"enemies":"Cultist and Chosen","floor":29,"turns":4},{"damage":32,"enemies":"Book of Stabbing","floor":30,"turns":5},{"damage":4,"enemies":"Automaton","floor":33,"turns":6},{"damage":10,"enemies":"3 Shapes","floor":35,"turns":2},{"damage":40,"enemies":"3 Darklings","floor":38,"turns":3},{"damage":36,"enemies":"Maw","floor":39,"turns":6},{"damage":28,"enemies":"Jaw Worm Horde","floor":41,"turns":2},{"damage":22,"enemies":"3 Darklings","floor":45,"turns":4},{"damage":60,"enemies":"Reptomancer","floor":47,"turns":4},{"damage":78,"enemies":"Time Eater","floor":50,"turns":6}],"seed_played":"-3863626943522475113","potions_obtained":[{"floor":3,"key":"Explosive Potion"},{"floor":3,"key":"CultistPotion"},{"floor":3,"key":"SpeedPotion"},{"floor":5,"key":"Swift Potion"},{"floor":8,"key":"Block Potion"},{"floor":13,"key":"Block Potion"},{"floor":30,"key":"DistilledChaos"},{"floor":38,"key":"Ancient Potion"},{"floor":41,"key":"GamblersBrew"}],"is_trial":false,"path_per_floor":["M","M","?","$","M","R","E","M","T","R","E","M","M","?","R","B",null,"M","?","$","?","M","R","E","R","T","?","T","M","E","$","R","B",null,"M","$","?","M","M","R","M","$","T","R","M","R","E","T","R","B"],"character_chosen":"DEFECT","items_purchased":["FTL","Toolbox","Toy Ornithopter","Static Discharge","Bag of Preparation","Good Instincts"],"campfire_rested":5,"item_purchase_floors":[4,20,20,20,31,36],"current_hp_per_floor":[82,81,81,81,80,80,66,65,65,65,52,52,45,45,69,44,82,82,82,82,66,54,54,53,53,53,53,53,58,38,38,62,73,82,72,72,72,44,32,56,47,47,47,47,46,70,36,36,60,0,0],"gold":228,"neow_bonus":"TEN_PERCENT_HP_BONUS","is_daily":false,"chose_seed":false,"campfire_upgraded":5,"win_rate":0.0,"timestamp":1609911352,"path_taken":["M","M","?","$","M","R","E","M","T","R","E","?","M","?","R","BOSS","M","?","$","?","M","R","E","R","T","?","?","M","E","?","R","BOSS","M","$","?","M","?","R","M","$","T","R","M","R","E","?","R","BOSS"],"items_purchased_type":["Card","Relic","Relic","Card","Relic","Card"],"build_version":"2020-12-22","purchased_purges":3,"victory":false,"max_hp_per_floor":[82,82,82,82,82,82,82,82,82,82,82,82,82,82,82,82,82,82,82,82,82,82,82,82,82,82,82,82,82,82,82,82,82,82,82,82,82,82,82,82,82,82,82,82,82,82,82,82,82,82,82],"card_choices":[{"not_picked":["Coolheaded","Beam Cell"],"picked":"Conserve Battery","floor":1},{"not_picked":["Chaos","Leap"],"picked":"Doom and Gloom","floor":2},{"not_picked":["Storm","Beam Cell"],"picked":"Ball Lightning","floor":5},{"not_picked":["Hologram","Go for the Eyes"],"picked":"Barrage","floor":7},{"not_picked":["Force Field","Conserve Battery"],"picked":"Streamline","floor":8},{"not_picked":["Darkness","Stack"],"picked":"Consume","floor":11},{"not_picked":["Rip and Tear","Consume"],"picked":"Loop","floor":12},{"not_picked":["Steam Power","Tempest"],"picked":"Machine Learning","floor":13},{"not_picked":["Amplify","Rainbow"],"picked":"Biased Cognition","floor":16},{"not_picked":["Aggregate","Hologram+1"],"picked":"Heatsinks+1","floor":18},{"not_picked":["Redo","Ball Lightning+1"],"picked":"Hologram+1","floor":22},{"not_picked":["Darkness","All For One"],"picked":"Storm","floor":24},{"not_picked":["Blizzard","Ball Lightning","Streamline"],"picked":"SKIP","floor":29},{"not_picked":["Rip and Tear","Hologram","Biased Cognition"],"picked":"SKIP","floor":30},{"not_picked":["Reboot","Biased Cognition"],"picked":"Amplify","floor":33},{"not_picked":["Cold Snap"],"picked":"SKIP","floor":35},{"not_picked":["Melter"],"picked":"SKIP","floor":38},{"not_picked":[],"picked":"Reinforced Body","floor":39},{"not_picked":[],"picked":"Static Discharge+1","floor":41},{"not_picked":["Beam Cell"],"picked":"SKIP","floor":45},{"not_picked":["Machine Learning"],"picked":"SKIP","floor":47}],"player_experience":69030,"relics_obtained":[{"floor":7,"key":"Boot"},{"floor":9,"key":"MawBank"},{"floor":11,"key":"Meat on the Bone"},{"floor":17,"key":"Tiny Chest"},{"floor":17,"key":"InkBottle"},{"floor":17,"key":"Old Coin"},{"floor":21,"key":"Necronomicon"},{"floor":24,"key":"Whetstone"},{"floor":26,"key":"Shuriken"},{"floor":28,"key":"Vajra"},{"floor":30,"key":"Girya"},{"floor":43,"key":"Blood Vial"},{"floor":47,"key":"Bag of Marbles"},{"floor":48,"key":"MealTicket"}],"event_choices":[{"damage_healed":0,"gold_gain":0,"player_choice":"Got Potions","damage_taken":0,"max_hp_gain":0,"max_hp_loss":0,"event_name":"Lab","floor":3,"gold_loss":0},{"damage_healed":0,"gold_gain":0,"player_choice":"Ignored","damage_taken":0,"max_hp_gain":0,"max_hp_loss":0,"event_name":"Liars Game","floor":14,"gold_loss":0},{"damage_healed":0,"gold_gain":0,"player_choice":"Ignored","damage_taken":0,"max_hp_gain":0,"max_hp_loss":0,"event_name":"Ghosts","floor":19,"gold_loss":0},{"damage_healed":0,"gold_gain":0,"player_choice":"Obtained Book","damage_taken":16,"max_hp_gain":0,"max_hp_loss":0,"event_name":"Cursed Tome","floor":21,"gold_loss":0},{"damage_healed":0,"gold_gain":0,"player_choice":"3 cards matched","damage_taken":0,"max_hp_gain":0,"max_hp_loss":0,"event_name":"Match and Keep!","floor":27,"gold_loss":0,"cards_obtained":["Zap","Leap","Self Repair"]},{"damage_healed":0,"gold_gain":0,"player_choice":"3 cards matched","damage_taken":0,"max_hp_gain":0,"max_hp_loss":0,"event_name":"Match and Keep!","floor":27,"gold_loss":0,"cards_obtained":["Zap","Leap","Self Repair"]},{"damage_healed":0,"gold_gain":0,"player_choice":"2 cards matched","damage_taken":0,"max_hp_gain":0,"max_hp_loss":0,"event_name":"Match and Keep!","floor":37,"gold_loss":0,"cards_obtained":["Rip and Tear","Zap"]}],"is_beta":false,"boss_relics":[{"not_picked":["Tiny House","SacredBark"],"picked":"Calling Bell"},{"not_picked":["SlaversCollar","Fusion Hammer"],"picked":"Busted Crown"}],"items_purged_floors":[4,20,31],"is_endless":false,"potions_floor_spawned":[5,8,13,16,18,30,38,41],"killed_by":"Time Eater","ascension_level":0}}