{"host":"5fasz840ryq7obdf","time":1609950570,"event":{"mods":["2.2 Compatiblity","AchievementEnabler","BaseMod","Bestiary","Better Altar","Better Skull","Better Third Choice","BetterRewards","Block Reminder","Colored Powertips","Curses Come First","Downfall","Minty Spire (QoL Compilation)","Quick Restart","Relic Sorter","Relic Stats","Shop Mod","Spicy Shops","StSLib","SuperFastMode","ojb\u0027s Better Paths Mod","ojb\u0027s Info Mod"],"gold_per_floor":[119,194,206,279,279,279,279],"floor_reached":6,"playtime":248,"items_purged":["Defend_R"],"score":68,"play_id":"bd2bf846-493d-43a0-b541-5f3b8e69f755","local_time":"20210106162930","is_ascension_mode":true,"campfire_choices":[],"circlet_count":0,"master_deck":["AscendersBane","Strike_R","Strike_R","Strike_R","Strike_R","Defend_R","Defend_R","Defend_R","Bash","Apotheosis","expansioncontent:CaCaw"],"relics":["Burning Blood","Pen Nib","Lantern","HornCleat"],"acts_visited":["Exordium"],"potions_floor_usage":[6],"damage_taken":[{"damage":11,"enemies":"2 Louse","floor":1,"turns":3},{"damage":11,"enemies":"Jaw Worm","floor":3,"turns":5},{"damage":2,"enemies":"3 Sentries","floor":6,"turns":4}],"seed_played":"-1916741913137624076","potions_obtained":[{"floor":3,"key":"DuplicationPotion"}],"is_trial":false,"path_per_floor":["M","?","M","T","?","E"],"character_chosen":"IRONCLAD","items_purchased":["Pen Nib","Lantern","Apotheosis","expansioncontent:CaCaw"],"campfire_rested":0,"item_purchase_floors":[0,0,0,0],"current_hp_per_floor":[28,17,12,12,5,3,3],"gold":279,"neow_bonus":"","is_daily":false,"chose_seed":false,"campfire_upgraded":0,"win_rate":0.0,"timestamp":1609950570,"path_taken":["M","?","M","?","?","E"],"items_purchased_type":["Relic","Relic","Card","Card"],"build_version":"2020-12-22","purchased_purges":1,"victory":false,"max_hp_per_floor":[75,75,75,75,75,75,75],"relic_stats":{"counters":[33,184],"Pen Nib":[1],"obtain_stats":[{"Darkstone Periapt":28,"Lantern":12,"champ:ChampStancesModRelic":0,"downfall:NeowBlessing_Player":0,"Singing Bowl":9,"Bag of Preparation":26,"Burning Blood":0,"Nunchaku":23,"HornCleat":4,"Sundial":13,"Pantograph":10,"Philosopher\u0027s Stone":34,"Toxic Egg 2":30,"Red Skull":5,"downfall:HeartBlessingRed":13,"Self Forming Clay":8,"Oddly Smooth Stone":10,"Pen Nib":12,"MawBank":4,"White Beast Statue":6,"Mercury Hourglass":25,"Shuriken":7,"Art of War":12,"Coffee Dripper":17,"StrikeDummy":8},{"Darkstone Periapt":22,"Lantern":15,"champ:ChampStancesModRelic":0,"downfall:NeowBlessing_Player":0,"Singing Bowl":15,"Bag of Preparation":22,"Burning Blood":0,"Nunchaku":21,"HornCleat":32,"Sundial":16,"Pantograph":15,"Philosopher\u0027s Stone":26,"Toxic Egg 2":24,"Red Skull":12,"downfall:HeartBlessingRed":6,"Self Forming Clay":4,"Oddly Smooth Stone":5,"Pen Nib":6,"MawBank":2,"White Beast Statue":13,"Mercury Hourglass":22,"Shuriken":3,"Art of War":15,"Coffee Dripper":18,"StrikeDummy":15},{"Darkstone Periapt":130,"Lantern":85,"champ:ChampStancesModRelic":0,"downfall:NeowBlessing_Player":0,"Singing Bowl":85,"Bag of Preparation":130,"Burning Blood":0,"Nunchaku":124,"HornCleat":180,"Sundial":93,"Pantograph":85,"Philosopher\u0027s Stone":155,"Toxic Egg 2":137,"Red Skull":65,"downfall:HeartBlessingRed":36,"Self Forming Clay":20,"Oddly Smooth Stone":26,"Pen Nib":36,"MawBank":7,"White Beast Statue":73,"Mercury Hourglass":130,"Shuriken":11,"Art of War":85,"Coffee Dripper":106,"StrikeDummy":85}],"Burning Blood":180},"card_choices":[{"not_picked":["Combust","Sword Boomerang","Armaments"],"picked":"SKIP","floor":1},{"not_picked":["Clothesline","Uppercut","Power Through"],"picked":"SKIP","floor":3}],"player_experience":1570977,"relics_obtained":[{"floor":4,"key":"HornCleat"}],"event_choices":[{"damage_healed":0,"gold_gain":75,"player_choice":"Gold","damage_taken":11,"max_hp_gain":0,"max_hp_loss":0,"event_name":"betterThird:BetterGoop","floor":2,"gold_loss":0},{"cards_removed":["Strike_R"],"damage_healed":0,"gold_gain":0,"player_choice":"Card Removal","damage_taken":7,"max_hp_gain":0,"max_hp_loss":0,"event_name":"Golden Wing","floor":5,"gold_loss":0}],"is_beta":false,"boss_relics":[],"items_purged_floors":[0],"is_endless":false,"potions_floor_spawned":[3],"killed_by":"3 Sentries","ascension_level":20}}