{"host":"jqa9y4qkalbx8qgz","time":1609896961,"event":{"mods":["BaseMod","Bestiary","BetterRewards","CCEM","Downfall","Minty Spire (QoL Compilation)","Permanent Neow","Relic Stats","Replay The Spire","StSLib","The Alterego","Wandering Minibosses"],"gold_per_floor":[118,118,118,23,23,23,48,48,118,150,150,270,345,395,395,520,520,513,513,438,478,478,478,567,608,608,51,112,161,218,323,323,517,517,594,642,12,82,82,235,235,330,402,402,402,532,20,80,80,290,290,290,9,44,44],"floor_reached":56,"playtime":5416,"items_purged":["Strike_P","Strike_P","Strike_P","Defend_P","Defend_P","Slimebound:Icky"],"score":1799,"play_id":"fe8e4ee2-8b6b-4046-88b6-19df76a4bb91","local_time":"20210106043601","is_ascension_mode":true,"campfire_choices":[{"floor":6,"key":"REST"},{"data":"1","floor":8,"key":"LIFT"},{"data":"2","floor":11,"key":"LIFT"},{"data":"3","floor":15,"key":"LIFT"},{"data":"Wish","floor":23,"key":"SMITH"},{"data":"Eruption","floor":32,"key":"SMITH"},{"floor":41,"key":"RECALL"},{"data":"Meditate","floor":44,"key":"SMITH"},{"data":"TalkToTheHand","floor":49,"key":"SMITH"},{"data":"Vigilance","floor":52,"key":"SMITH"}],"circlet_count":0,"master_deck":["Defend_P+1","Defend_P+1","Eruption+1","Vigilance+1","Scrawl+1","ClearTheMind","BowlingBash+1","expansioncontent:ChargeUp","expansioncontent:DashGenerateEvil+1","Meditate+1","Replay:SS_fish_2","Wish+1","TalkToTheHand+1","Omniscience","Crescendo","Scrawl+1","InnerPeace+1","Vault","Midas Touch+1"],"relics":["PureWater","Singing Bowl","TheAbacus","War Paint","Girya","Thread and Needle","Strange Spoon","Replay:Wax Seal","Ancient Tea Set","Counterbalance","WingedGreaves","Blood Vial","Chameleon Ring","Pen Nib","Pondfish Scales","Busted Crown","TeardropLocket","CCEMRelics:GrindingGear","The Courier","Membership Card","Gremlin Horn","HornCleat","Anchor","Garlic","Ginger","Kunai","Cursed Key","Sling","Whetstone","Golden Egg","Regal Pillow","MealTicket","CCEMRelics:SpiritsEdge","Shovel","Vajra","Pear","Medical Kit","Incense Burner","Art of War","Replay:Accelerometer","Juzu Bracelet","Guide Book","Replay:Rubber Ducky","Replay:Baseball","ReplayTheSpireMod:Ninjato","CCEMRelics:Sandal"],"acts_visited":["Exordium","TheCity","TheBeyond","TheEnding"],"potions_floor_usage":[7,55,55,55,55,55],"damage_taken":[{"damage":0,"enemies":"Jaw Worm","floor":1,"turns":3},{"damage":6,"enemies":"Gremlin Nob","floor":7,"turns":4},{"damage":0,"enemies":"Lagavulin","floor":10,"turns":6},{"damage":0,"enemies":"2 Louse","floor":12,"turns":15},{"damage":10,"enemies":"Gremlin Nob","floor":14,"turns":4},{"damage":4,"enemies":"Hexaghost","floor":16,"turns":8},{"damage":4,"enemies":"2 Thieves","floor":18,"turns":5},{"damage":0,"enemies":"Spheric Guardian","floor":21,"turns":4},{"damage":2,"enemies":"Slavers","floor":24,"turns":6},{"damage":0,"enemies":"Cultist and Chosen","floor":25,"turns":9},{"damage":0,"enemies":"Replay:Snechameleon","floor":28,"turns":7},{"damage":3,"enemies":"Chosen and Byrds","floor":29,"turns":5},{"damage":1,"enemies":"Slavers","floor":30,"turns":6},{"damage":6,"enemies":"Snake Plant","floor":31,"turns":6},{"damage":19,"enemies":"Collector","floor":33,"turns":8},{"damage":0,"enemies":"Orb Walker","floor":35,"turns":2},{"damage":0,"enemies":"3 Shapes","floor":36,"turns":3},{"damage":0,"enemies":"Maw","floor":38,"turns":6},{"damage":5,"enemies":"R_Hoarder","floor":40,"turns":13},{"damage":9,"enemies":"Reptomancer","floor":42,"turns":5},{"damage":15,"enemies":"Spire Growth","floor":46,"turns":7},{"damage":0,"enemies":"R_Hoarder","floor":48,"turns":5},{"damage":62,"enemies":"Time Eater","floor":50,"turns":12},{"damage":0,"enemies":"Shield and Spear","floor":54,"turns":2},{"damage":1,"enemies":"The Heart","floor":55,"turns":9}],"seed_played":"9000051911578186198","potions_obtained":[{"floor":1,"key":"FairyPotion"},{"floor":5,"key":"Flashbang"},{"floor":14,"key":"Dexterity Potion"},{"floor":21,"key":"ColorlessPotion"},{"floor":38,"key":"CultistPotion"}],"is_trial":false,"path_per_floor":["M","$","?","$","?","R","E","R","T","E","R","M","?","E","R","B",null,"M","T","?","M","T","R","E","M","T","$","E","M","E","M","R","B",null,"M","M","$","M","?","E","R","E","T","R","?","M","$","E","R","B",null,"R","$","E","B",null],"character_chosen":"WATCHER","items_purchased":["Singing Bowl","TheAbacus","War Paint","Scrawl","ClearTheMind","BowlingBash","EntropicBrew","expansioncontent:ChargeUp","Strange Spoon","Replay:Wax Seal","Ancient Tea Set","expansioncontent:DashGenerateEvil","Counterbalance","Replay:SS_fish_2","Membership Card","Gremlin Horn","HornCleat","Anchor","Garlic","Vault","Sling","ReplayUltimateDefense","Whetstone","Golden Egg","Regal Pillow","MealTicket","CCEMRelics:SpiritsEdge","Midas Touch","Medical Kit","Incense Burner","Art of War","Replay:Accelerometer","Guide Book","Replay:Rubber Ducky","Replay:Baseball","ReplayTheSpireMod:Ninjato"],"campfire_rested":1,"item_purchase_floors":[0,0,0,0,0,0,0,0,0,0,0,0,0,4,27,27,27,27,27,37,37,37,37,37,37,37,37,47,47,47,47,47,53,53,53,53],"current_hp_per_floor":[30,30,12,12,12,33,37,37,37,47,47,59,52,52,52,50,76,78,78,78,80,80,80,82,82,82,82,84,86,87,84,84,75,90,90,92,92,94,94,91,91,94,104,104,94,110,110,112,112,50,112,112,112,114,113],"gold":44,"neow_bonus":"","is_daily":false,"chose_seed":false,"campfire_upgraded":5,"win_rate":0.0,"timestamp":1609896961,"path_taken":["M","$","?","$","?","R","E","R","T","E","R","?","?","E","R","BOSS","M","?","?","M","?","R","E","M","T","$","E","?","E","M","R","BOSS","M","M","$","M","?","E","R","E","T","R","?","?","$","E","R","BOSS","R","$","E","BOSS"],"items_purchased_type":["Relic","Relic","Relic","Card","Card","Card","Potion","Card","Relic","Relic","Relic","Card","Relic","Card","Relic","Relic","Relic","Relic","Relic","Card","Relic","Card","Relic","Relic","Relic","Relic","Relic","Card","Relic","Relic","Relic","Relic","Relic","Relic","Relic","Relic"],"build_version":"2020-12-22","purchased_purges":6,"victory":true,"max_hp_per_floor":[72,72,72,72,72,72,74,74,74,74,74,76,76,76,76,76,76,78,78,78,80,80,80,82,82,82,82,84,86,88,90,90,90,90,90,92,92,94,94,96,96,98,108,108,108,110,110,112,112,112,112,112,112,114,114],"relic_stats":{"Regal Pillow":0,"Singing Bowl":46,"Gremlin Horn":[10,10],"counters":[208,1145],"Pen Nib":[51],"Juzu Bracelet":1,"Ginger":[15],"Whetstone":["BowlingBash","expansioncontent:DashGenerateEvil"],"War Paint":["Defend_P","Defend_P"],"Cursed Key":1,"Medical Kit":[4],"Blood Vial":15,"Strange Spoon":[158],"TheAbacus":[402],"Busted Crown":124,"Shovel":0,"MealTicket":0,"Art of War":[6],"Kunai":[12],"obtain_stats":[{"Golden Egg":54,"Replay:Accelerometer":24,"infinitespire:Cubic Diamond":105,"Ginger":9,"Whetstone":37,"Boot":13,"Sling":0,"Old Coin":44,"Blood Vial":76,"Replay:Ringing Soul":71,"infinitespire:ShieldingShard":112,"Sundial":44,"MealTicket":93,"Fusion Hammer":68,"CCEMRelics:Sandal":54,"HandDrill":53,"Kunai":30,"Replay:Wax Seal":44,"Replay:Bottled Steam":9,"Pear":43,"Counterbalance":0,"Blue Candle":69,"Eternal Feather":26,"Pen Nib":43,"Guardian:PocketSentry":15,"infinitespire:Magic Flask":95,"SlaversCollar":17,"infinitespire:Lychee Nut":42,"infinitespire:Broken Mirror":50,"MutagenicStrength":19,"Bird Faced Urn":65,"Unceasing Top":13,"Abe\u0027s Treasure":17,"infinitespire:PuzzleCube":40,"Lantern":46,"Regal Pillow":43,"Torii":39,"Singing Bowl":98,"Replay:Purple Gloves":0,"Blue Doll":0,"StoneCalendar":0,"Replay:Multitool":47,"Bag of Preparation":86,"Ancient Tea Set":6,"Smiling Mask":42,"Cursed Key":34,"Pet Ghost":42,"Replay:Rubber Ducky":40,"Shovel":14,"Matryoshka":67,"Ring of Peace":90,"Toolbox":40,"WingedGreaves":61,"Chemical X":81,"Replay:Bottled Eggs":46,"Potion Belt":23,"Replay:M_StaffOfTheSnake":4,"Damaru":23,"Thread and Needle":0,"infinitespire:Joker Card":37,"PreservedInsect":108,"The Courier":26,"Omamori":72,"Ring of Greed":44,"infinitespire:Lucky Rock":84,"Frozen Egg 2":43,"MawBank":46,"GoldenEye":42,"Replay:Arrowhead":31,"sneckomod:BabySnecko":28,"Busted Crown":51,"Ornamental Fan":7,"Ring of Misfortune":44,"Garlic":42,"Durian":0,"Art of War":47,"Slimebound:AbsorbEndCombat":105,"ReplayTheSpireMod:Lightbulb":29,"Toy Ornithopter":41,"wanderingMiniBosses:Inkheart":31,"infinitespire:Midas Blood":95,"Ice Cream":98,"Divine Protection":54,"Calipers":61,"Gremlin Horn":27,"CeramicFish":40,"Vajra":21,"Sozu":34,"Centennial Puzzle":0,"HornCleat":53,"Honey Jar":34,"Prayer Wheel":41,"Iron Hammer":54,"Toxic Egg 2":41,"Girya":0,"Happy Flower":43,"wanderingMiniBosses:ThiefScarf":38,"ReplayTheSpireMod:CursedCoin":4,"Replay:Grab Bag":34,"Dead Branch":108,"Oddly Smooth Stone":38,"Ring of Chaos":17,"Replay:Kaleidoscope":44,"War Paint":0,"Question Card":72,"OrangePellets":0,"Replay:Baseball":65,"ReplayTheSpireMod:Shallot":106,"Bronze Scales":11,"Simple Rune":27,"Onion Ring":58,"Black Star":34,"Nloth\u0027s Gift":28,"ReplayTheSpireMod:TigerMarble":43,"infinitespire:EmpoweringShard":78,"Grinning Jar":11,"Mirror":42,"Pocketwatch":0,"NlothsMask":2,"Meat on the Bone":95,"ReplayFunnel":42,"Replay:PocketPolymizer":30,"Melange":38,"CloakClasp":0,"Incense Burner":0,"Juzu Bracelet":47,"TeardropLocket":19,"Replay:Mystery Machine":45,"ClockworkSouvenir":0,"Frozen Eye":62,"Replay:Bandana":39,"Nunchaku":45,"Dream Catcher":13,"TheAbacus":0,"Chameleon Ring":9,"Mummified Hand":27,"Pantograph":45,"Tiny Chest":25,"Red Mask":25,"Replay:Bottled Snecko":7,"Runic Pyramid":91,"Gremlin Food":46,"ReplayTheSpireMod:Ninjato":53,"infinitespire:CursedDice":93,"Quantum Egg":25,"Guide Book":53,"infinitespire:FocusingShard":67,"Orichalcum":48,"Medical Kit":50,"Mercury Hourglass":58,"CCEMRelics:SpiritsEdge":37,"Strange Spoon":0,"Anchor":9,"CaptainsWheel":0,"Pondfish Scales":92,"infinitespire:Satchel":29,"HolyWater":56,"Ring of Fury":90,"CCEMRelics:GrindingGear":24,"Snack Pack":0,"Coffee Dripper":17,"Bag of Marbles":76,"Membership Card":69,"PureWater":0,"FossilizedHelix":8,"TungstenRod":98},{"Golden Egg":27,"Replay:Accelerometer":70,"infinitespire:Cubic Diamond":179,"Ginger":120,"Whetstone":200,"Boot":36,"Sling":55,"Old Coin":79,"Blood Vial":164,"Replay:Ringing Soul":162,"infinitespire:ShieldingShard":182,"Sundial":108,"MealTicket":174,"Fusion Hammer":161,"CCEMRelics:Sandal":207,"HandDrill":26,"Kunai":196,"Replay:Wax Seal":79,"Replay:Bottled Steam":33,"Pear":203,"Counterbalance":83,"Blue Candle":161,"Eternal Feather":137,"Pen Nib":22,"Guardian:PocketSentry":7,"infinitespire:Magic Flask":175,"SlaversCollar":8,"infinitespire:Lychee Nut":146,"infinitespire:Broken Mirror":149,"MutagenicStrength":39,"Bird Faced Urn":159,"Unceasing Top":63,"Abe\u0027s Treasure":131,"infinitespire:PuzzleCube":145,"Lantern":109,"Regal Pillow":146,"Torii":143,"Singing Bowl":176,"Replay:Purple Gloves":113,"Blue Doll":55,"StoneCalendar":113,"Replay:Multitool":81,"Bag of Preparation":169,"Ancient Tea Set":86,"Smiling Mask":145,"Cursed Key":198,"Pet Ghost":107,"Replay:Rubber Ducky":20,"Shovel":7,"Matryoshka":160,"Ring of Peace":171,"Toolbox":144,"WingedGreaves":158,"Chemical X":167,"Replay:Bottled Eggs":24,"Potion Belt":42,"Replay:M_StaffOfTheSnake":57,"Damaru":13,"Thread and Needle":183,"infinitespire:Joker Card":142,"PreservedInsect":181,"The Courier":193,"Omamori":163,"Ring of Greed":79,"infinitespire:Lucky Rock":168,"Frozen Egg 2":107,"MawBank":24,"GoldenEye":107,"Replay:Arrowhead":15,"sneckomod:BabySnecko":14,"Busted Crown":150,"Ornamental Fan":3,"Ring of Misfortune":79,"Garlic":22,"Durian":28,"Art of War":54,"Slimebound:AbsorbEndCombat":179,"ReplayTheSpireMod:Lightbulb":72,"Toy Ornithopter":51,"wanderingMiniBosses:Inkheart":74,"infinitespire:Midas Blood":175,"Ice Cream":176,"Divine Protection":112,"Calipers":157,"Gremlin Horn":193,"CeramicFish":20,"Vajra":11,"Sozu":102,"Centennial Puzzle":83,"HornCleat":26,"Honey Jar":75,"Prayer Wheel":79,"Iron Hammer":27,"Toxic Egg 2":51,"Girya":183,"Happy Flower":79,"wanderingMiniBosses:ThiefScarf":143,"ReplayTheSpireMod:CursedCoin":84,"Replay:Grab Bag":102,"Dead Branch":181,"Oddly Smooth Stone":77,"Ring of Chaos":38,"Replay:Kaleidoscope":108,"War Paint":183,"Question Card":163,"OrangePellets":28,"Replay:Baseball":160,"ReplayTheSpireMod:Shallot":179,"Bronze Scales":5,"Simple Rune":97,"Onion Ring":155,"Black Star":16,"Nloth\u0027s Gift":43,"ReplayTheSpireMod:TigerMarble":52,"infinitespire:EmpoweringShard":166,"Grinning Jar":61,"Mirror":145,"Pocketwatch":28,"NlothsMask":84,"Meat on the Bone":174,"ReplayFunnel":22,"Replay:PocketPolymizer":45,"Melange":77,"CloakClasp":0,"Incense Burner":28,"Juzu Bracelet":54,"TeardropLocket":190,"Replay:Mystery Machine":53,"ClockworkSouvenir":28,"Frozen Eye":158,"Replay:Bandana":19,"Nunchaku":80,"Dream Catcher":89,"TheAbacus":183,"Chameleon Ring":185,"Mummified Hand":71,"Pantograph":53,"Tiny Chest":14,"Red Mask":43,"Replay:Bottled Snecko":119,"Runic Pyramid":171,"Gremlin Food":147,"ReplayTheSpireMod:Ninjato":206,"infinitespire:CursedDice":173,"Quantum Egg":96,"Guide Book":206,"infinitespire:FocusingShard":160,"Orichalcum":110,"Medical Kit":149,"Mercury Hourglass":155,"CCEMRelics:SpiritsEdge":200,"Strange Spoon":113,"Anchor":3,"CaptainsWheel":113,"Pondfish Scales":172,"infinitespire:Satchel":138,"HolyWater":153,"Ring of Fury":171,"CCEMRelics:GrindingGear":192,"Snack Pack":28,"Coffee Dripper":65,"Bag of Marbles":164,"Membership Card":161,"PureWater":0,"FossilizedHelix":120,"TungstenRod":175},{"Golden Egg":172,"Replay:Accelerometer":347,"infinitespire:Cubic Diamond":978,"Ginger":739,"Whetstone":1086,"Boot":206,"Sling":288,"Old Coin":380,"Blood Vial":914,"Replay:Ringing Soul":908,"infinitespire:ShieldingShard":984,"Sundial":675,"MealTicket":956,"Fusion Hammer":904,"CCEMRelics:Sandal":1136,"HandDrill":164,"Kunai":1067,"Replay:Wax Seal":380,"Replay:Bottled Steam":198,"Pear":1110,"Counterbalance":394,"Blue Candle":904,"Eternal Feather":804,"Pen Nib":133,"Guardian:PocketSentry":41,"infinitespire:Magic Flask":960,"SlaversCollar":53,"infinitespire:Lychee Nut":840,"infinitespire:Broken Mirror":851,"MutagenicStrength":220,"Bird Faced Urn":892,"Unceasing Top":314,"Abe\u0027s Treasure":780,"infinitespire:PuzzleCube":836,"Lantern":680,"Regal Pillow":840,"Torii":825,"Singing Bowl":965,"Replay:Purple Gloves":706,"Blue Doll":288,"StoneCalendar":706,"Replay:Multitool":386,"Bag of Preparation":938,"Ancient Tea Set":404,"Smiling Mask":836,"Cursed Key":1081,"Pet Ghost":663,"Replay:Rubber Ducky":122,"Shovel":41,"Matryoshka":896,"Ring of Peace":944,"Toolbox":830,"WingedGreaves":886,"Chemical X":932,"Replay:Bottled Eggs":147,"Potion Belt":227,"Replay:M_StaffOfTheSnake":292,"Damaru":79,"Thread and Needle":985,"infinitespire:Joker Card":820,"PreservedInsect":983,"The Courier":1049,"Omamori":911,"Ring of Greed":380,"infinitespire:Lucky Rock":934,"Frozen Egg 2":663,"MawBank":147,"GoldenEye":663,"Replay:Arrowhead":90,"sneckomod:BabySnecko":86,"Busted Crown":857,"Ornamental Fan":19,"Ring of Misfortune":380,"Garlic":133,"Durian":181,"Art of War":281,"Slimebound:AbsorbEndCombat":978,"ReplayTheSpireMod:Lightbulb":356,"Toy Ornithopter":260,"wanderingMiniBosses:Inkheart":364,"infinitespire:Midas Blood":960,"Ice Cream":965,"Divine Protection":700,"Calipers":880,"Gremlin Horn":1049,"CeramicFish":122,"Vajra":70,"Sozu":635,"Centennial Puzzle":394,"HornCleat":164,"Honey Jar":371,"Prayer Wheel":380,"Iron Hammer":172,"Toxic Egg 2":260,"Girya":985,"Happy Flower":380,"wanderingMiniBosses:ThiefScarf":825,"ReplayTheSpireMod:CursedCoin":398,"Replay:Grab Bag":635,"Dead Branch":983,"Oddly Smooth Stone":375,"Ring of Chaos":217,"Replay:Kaleidoscope":675,"War Paint":985,"Question Card":911,"OrangePellets":181,"Replay:Baseball":896,"ReplayTheSpireMod:Shallot":978,"Bronze Scales":28,"Simple Rune":610,"Onion Ring":873,"Black Star":98,"Nloth\u0027s Gift":229,"ReplayTheSpireMod:TigerMarble":267,"infinitespire:EmpoweringShard":928,"Grinning Jar":309,"Mirror":836,"Pocketwatch":181,"NlothsMask":398,"Meat on the Bone":956,"ReplayFunnel":133,"Replay:PocketPolymizer":237,"Melange":375,"CloakClasp":0,"Incense Burner":181,"Juzu Bracelet":281,"TeardropLocket":1030,"Replay:Mystery Machine":274,"ClockworkSouvenir":181,"Frozen Eye":886,"Replay:Bandana":115,"Nunchaku":383,"Dream Catcher":416,"TheAbacus":985,"Chameleon Ring":992,"Mummified Hand":351,"Pantograph":274,"Tiny Chest":86,"Red Mask":229,"Replay:Bottled Snecko":733,"Runic Pyramid":944,"Gremlin Food":845,"ReplayTheSpireMod:Ninjato":1134,"infinitespire:CursedDice":952,"Quantum Egg":607,"Guide Book":1134,"infinitespire:FocusingShard":896,"Orichalcum":686,"Medical Kit":851,"Mercury Hourglass":873,"CCEMRelics:SpiritsEdge":1086,"Strange Spoon":706,"Anchor":19,"CaptainsWheel":706,"Pondfish Scales":947,"infinitespire:Satchel":806,"HolyWater":868,"Ring of Fury":944,"CCEMRelics:GrindingGear":1040,"Snack Pack":181,"Coffee Dripper":327,"Bag of Marbles":914,"Membership Card":904,"PureWater":0,"FossilizedHelix":739,"TungstenRod":960}]},"card_choices":[{"not_picked":["Replay:AtTheReady","Protect"],"picked":"Meditate","floor":1},{"not_picked":["MentalFortress","Study","ClearTheMind"],"picked":"Singing Bowl","floor":7},{"not_picked":["Adaptation","LikeWater"],"picked":"Wish","floor":10},{"not_picked":["Study","EmptyMind","Fasting2"],"picked":"Singing Bowl","floor":12},{"not_picked":["Conclude","Consecrate"],"picked":"TalkToTheHand","floor":14},{"not_picked":["Scrawl","Wish"],"picked":"Omniscience","floor":16},{"not_picked":["CrushJoints"],"picked":"Singing Bowl","floor":18},{"not_picked":["JustLucky"],"picked":"Singing Bowl","floor":21},{"not_picked":["Replay:Hum"],"picked":"Singing Bowl","floor":24},{"not_picked":[],"picked":"Crescendo","floor":25},{"not_picked":["Prostrate"],"picked":"Singing Bowl","floor":28},{"not_picked":["CrushJoints"],"picked":"Singing Bowl","floor":29},{"not_picked":["Replay:ManipulateFuture"],"picked":"Singing Bowl","floor":30},{"not_picked":["Pray+1"],"picked":"Singing Bowl","floor":31},{"not_picked":[],"picked":"Scrawl","floor":33},{"not_picked":[],"picked":"InnerPeace+1","floor":35},{"not_picked":["Pray"],"picked":"Singing Bowl","floor":36},{"not_picked":["ClearTheMind"],"picked":"Singing Bowl","floor":38},{"not_picked":["Nirvana+1"],"picked":"Singing Bowl","floor":40},{"not_picked":["Halt+1"],"picked":"Singing Bowl","floor":42},{"not_picked":["SandsOfTime"],"picked":"Singing Bowl","floor":46},{"not_picked":["Crescendo+1"],"picked":"Singing Bowl","floor":48},{"not_picked":["InnerPeace+1"],"picked":"Singing Bowl","floor":54}],"player_experience":274550,"relics_obtained":[{"floor":7,"key":"Blood Vial"},{"floor":9,"key":"Chameleon Ring"},{"floor":10,"key":"Pen Nib"},{"floor":14,"key":"Pondfish Scales"},{"floor":19,"key":"TeardropLocket"},{"floor":24,"key":"CCEMRelics:GrindingGear"},{"floor":26,"key":"The Courier"},{"floor":28,"key":"Ginger"},{"floor":30,"key":"Kunai"},{"floor":40,"key":"Shovel"},{"floor":42,"key":"Vajra"},{"floor":43,"key":"Pear"},{"floor":48,"key":"Juzu Bracelet"},{"floor":54,"key":"CCEMRelics:Sandal"}],"event_choices":[{"damage_healed":0,"gold_gain":0,"player_choice":"Success","damage_taken":18,"relics_obtained":["WingedGreaves"],"max_hp_gain":0,"max_hp_loss":0,"event_name":"Scrap Ooze","floor":3,"gold_loss":0},{"damage_healed":0,"gold_gain":0,"player_choice":"Got Potions","damage_taken":0,"max_hp_gain":0,"max_hp_loss":0,"event_name":"Lab","floor":5,"gold_loss":0},{"damage_healed":0,"gold_gain":75,"player_choice":"Touch","damage_taken":7,"max_hp_gain":0,"max_hp_loss":0,"event_name":"FaceTrader","floor":13,"gold_loss":0},{"cards_removed":["Strike_P"],"damage_healed":0,"gold_gain":0,"player_choice":"Gave Gold","damage_taken":0,"max_hp_gain":0,"max_hp_loss":0,"event_name":"Beggar","floor":20,"gold_loss":75},{"cards_removed":["ReplayUltimateDefense"],"damage_healed":0,"gold_gain":0,"player_choice":"Removed Power","damage_taken":0,"max_hp_gain":0,"max_hp_loss":0,"event_name":"Falling","floor":39,"gold_loss":0},{"damage_healed":0,"gold_gain":0,"player_choice":"Damaged","damage_taken":10,"max_hp_gain":0,"max_hp_loss":0,"event_name":"Wheel of Change","floor":45,"gold_loss":0}],"is_beta":false,"boss_relics":[{"not_picked":["Ectoplasm","Snecko Eye"],"picked":"Busted Crown"},{"not_picked":["Replay:Ancient Bell","Runic Pyramid"],"picked":"Cursed Key"}],"items_purged_floors":[0,0,0,27,37,47],"is_endless":false,"potions_floor_spawned":[1,14,16,21,25,28,29,33,36,38,42,46,54],"ascension_level":1}}