{"host":"1bmpebsu0h6jmm2g","time":1609944966,"event":{"mods":["BaseMod","Colored Map","DeckTracker","Highlight Path","Keyboard Shortcuts","Minty Spire (QoL Compilation)","Permanent Neow","Quick Restart","Relic Stats","Slay the Relics Exporter","StSLib","SuperFastMode"],"gold_per_floor":[17,17,37,58,13,13,53,78,147,147,147,171,206,131,131,230,230,250,270,270,284,298,0,36,36,63,78,103,141,141,174,174,270,270,288,288,311,327,348,384,408,446,495,542,554,587,599,636,648,660,672,684,696,267,298,298,298],"floor_reached":56,"playtime":1833,"items_purged":["Defend_P","Defend_P","Strike_P"],"score":2347,"play_id":"1ae7260c-0e2f-431f-bf87-6b189e545e95","local_time":"20210106235606","is_ascension_mode":true,"campfire_choices":[{"data":"FlurryOfBlows","floor":6.0,"key":"SMITH"},{"floor":10.0,"key":"REST"},{"data":"Eruption","floor":15.0,"key":"SMITH"},{"data":"CrushJoints","floor":32.0,"key":"SMITH"},{"floor":49,"key":"RECALL"},{"data":"Tantrum","floor":53,"key":"SMITH"}],"circlet_count":0,"master_deck":["AscendersBane","Strike_P","Defend_P+1","Eruption+1","Vigilance","CarveReality","Collect","FlurryOfBlows+1","Tantrum+1","DeceiveReality","Vault+1","Vault","Vault","FlurryOfBlows","CrushJoints+1","ClearTheMind","Evaluate","EmptyBody+1","EmptyMind","Halt+1","Evaluate"],"relics":["HolyWater","Golden Idol","GoldenEye","Matryoshka","Oddly Smooth Stone","Coffee Dripper","Membership Card","Yang","Bag of Preparation","Art of War","Gremlin Horn","Blue Candle","Akabeko","Potion Belt","Question Card","MawBank","Anchor","Shuriken","Sling","Turnip","Boot","War Paint"],"acts_visited":["Exordium","TheCity","TheBeyond","TheEnding"],"potions_floor_usage":[50,55,56],"damage_taken":[{"damage":0.0,"enemies":"Small Slimes","floor":1.0,"turns":1.0},{"damage":10.0,"enemies":"2 Louse","floor":3.0,"turns":3.0},{"damage":0.0,"enemies":"Cultist","floor":4.0,"turns":2.0},{"damage":15.0,"enemies":"3 Sentries","floor":7.0,"turns":4.0},{"damage":0.0,"enemies":"Lots of Slimes","floor":8.0,"turns":2.0},{"damage":0.0,"enemies":"Exordium Wildlife","floor":12.0,"turns":3.0},{"damage":0.0,"enemies":"Lagavulin","floor":13.0,"turns":3.0},{"damage":4.0,"enemies":"Hexaghost","floor":16.0,"turns":8.0},{"damage":0.0,"enemies":"Shell Parasite","floor":18.0,"turns":2.0},{"damage":0.0,"enemies":"3 Byrds","floor":19.0,"turns":4.0},{"damage":0.0,"enemies":"Shelled Parasite and Fungi","floor":21.0,"turns":4.0},{"damage":0.0,"enemies":"Centurion and Healer","floor":22.0,"turns":6.0},{"damage":8.0,"enemies":"Slavers","floor":24.0,"turns":5.0},{"damage":0.0,"enemies":"3 Cultists","floor":27.0,"turns":4.0},{"damage":6.0,"enemies":"Snake Plant","floor":28.0,"turns":5.0},{"damage":0.0,"enemies":"Gremlin Leader","floor":29.0,"turns":5.0},{"damage":0.0,"enemies":"Slavers","floor":31.0,"turns":4.0},{"damage":20.0,"enemies":"Automaton","floor":33.0,"turns":11.0},{"damage":0.0,"enemies":"3 Shapes","floor":35.0,"turns":3.0},{"damage":0.0,"enemies":"3 Darklings","floor":37.0,"turns":4.0},{"damage":0.0,"enemies":"Sphere and 2 Shapes","floor":38.0,"turns":4.0},{"damage":0.0,"enemies":"Maw","floor":39.0,"turns":5.0},{"damage":0.0,"enemies":"Reptomancer","floor":40.0,"turns":5.0},{"damage":6.0,"enemies":"Transient","floor":41.0,"turns":8.0},{"damage":0.0,"enemies":"Giant Head","floor":42.0,"turns":6.0},{"damage":3.0,"enemies":"Nemesis","floor":44.0,"turns":7.0},{"damage":0,"enemies":"Spire Growth","floor":46,"turns":4},{"damage":0,"enemies":"Maw","floor":48,"turns":5},{"damage":0,"enemies":"Donu and Deca","floor":50,"turns":7},{"damage":9,"enemies":"Awakened One","floor":51,"turns":9},{"damage":6,"enemies":"Shield and Spear","floor":55,"turns":5},{"damage":65,"enemies":"The Heart","floor":56,"turns":3}],"seed_played":"-1498329248839962720","potions_obtained":[{"floor":3.0,"key":"Fire Potion"},{"floor":8.0,"key":"FearPotion"},{"floor":13.0,"key":"PowerPotion"},{"floor":16.0,"key":"EssenceOfSteel"},{"floor":19.0,"key":"LiquidMemories"},{"floor":24.0,"key":"Dexterity Potion"},{"floor":27.0,"key":"Swift Potion"},{"floor":35.0,"key":"Explosive Potion"},{"floor":38.0,"key":"SkillPotion"},{"floor":39.0,"key":"Ambrosia"},{"floor":44,"key":"FearPotion"},{"floor":48,"key":"BottledMiracle"}],"is_trial":false,"path_per_floor":["M","?","M","M","$","R","E","M","T","R","?","M","E","$","R","B",null,"M","M","?","M","M","$","E","$","T","M","M","E","?","E","R","B",null,"M","?","M","M","M","E","M","E","T","E","?","M","T","M","R","B","B",null,"R","$","E","B"],"character_chosen":"WATCHER","items_purchased":["Tantrum","Membership Card","Vault","Sling","Turnip","Boot","Swift Potion","Evaluate"],"campfire_rested":1,"item_purchase_floors":[5,23,23,54,54,54,54,54],"current_hp_per_floor":[61,38,28,28,28,28,13,13,13,33,33,33,33,33,33,29,58,58,58,68,68,68,68,60,60,60,60,54,54,54,54,54,34,60,60,60,60,60,60,60,54,54,54,51,51,51,51,51,51,51,42,62,62,62,56,0,0],"gold":298,"neow_bonus":"TRANSFORM_TWO_CARDS","is_daily":false,"chose_seed":false,"campfire_upgraded":4,"win_rate":0.0,"timestamp":1609944966,"path_taken":["M","?","M","M","$","R","E","M","T","R","?","M","E","$","R","BOSS","M","M","?","M","?","$","E","$","T","M","M","E","?","E","R","BOSS","BOSS","M","?","M","M","M","E","M","E","T","E","?","?","?","M","R","BOSS","BOSS","R","$","E","BOSS"],"items_purchased_type":["Card","Relic","Card","Relic","Relic","Relic","Potion","Card"],"build_version":"2020-12-22","purchased_purges":3,"victory":false,"max_hp_per_floor":[68,68,68,68,68,68,68,68,68,68,68,68,68,68,68,68,68,68,68,68,68,68,68,68,68,68,68,68,68,68,68,68,68,68,68,68,68,68,68,68,68,68,68,68,68,68,68,68,68,68,68,68,68,68,68,68,68],"relic_stats":{"Gremlin Horn":[19,19],"counters":[32,151],"Golden Idol":238,"Blue Candle":[0],"Yang":[384],"Bag of Preparation":[38],"War Paint":["Defend_P","Halt"],"GoldenEye":[0],"Question Card":5,"MawBank":132,"Boot":[3],"Shuriken":[28],"Turnip":[2],"Art of War":[3],"obtain_stats":[{"Potion Belt":40,"Gremlin Horn":29,"Golden Idol":2,"Blue Candle":31,"Oddly Smooth Stone":13,"Yang":24,"Bag of Preparation":26,"War Paint":55,"GoldenEye":7,"Question Card":42,"MawBank":43,"Sling":54,"Boot":54,"Akabeko":36,"Anchor":44,"Matryoshka":9,"Shuriken":47,"HolyWater":34,"Turnip":54,"Coffee Dripper":17,"Art of War":26,"Membership Card":23,"PureWater":0},{"Potion Belt":23,"Gremlin Horn":16,"Golden Idol":1,"Blue Candle":17,"Oddly Smooth Stone":7,"Yang":13,"Bag of Preparation":13,"War Paint":31,"GoldenEye":4,"Question Card":25,"MawBank":25,"Sling":30,"Boot":30,"Akabeko":19,"Anchor":26,"Matryoshka":5,"Shuriken":27,"HolyWater":18,"Turnip":30,"Coffee Dripper":8,"Art of War":13,"Membership Card":12,"PureWater":0},{"Potion Belt":97,"Gremlin Horn":61,"Golden Idol":1,"Blue Candle":65,"Oddly Smooth Stone":18,"Yang":47,"Bag of Preparation":47,"War Paint":148,"GoldenEye":10,"Question Card":111,"MawBank":111,"Sling":143,"Boot":143,"Akabeko":79,"Anchor":118,"Matryoshka":12,"Shuriken":122,"HolyWater":76,"Turnip":143,"Coffee Dripper":26,"Art of War":47,"Membership Card":42,"PureWater":0}]},"card_choices":[{"not_picked":["Halt","Weave"],"picked":"FlurryOfBlows","floor":1.0},{"not_picked":["FlyingSleeves","WheelKick","Crescendo"],"picked":"SKIP","floor":3.0},{"not_picked":["SashWhip","ReachHeaven","CutThroughFate"],"picked":"SKIP","floor":4.0},{"not_picked":["Fasting2","Weave"],"picked":"DeceiveReality","floor":7.0},{"not_picked":["EmptyBody","PathToVictory"],"picked":"Vault","floor":8.0},{"not_picked":["SandsOfTime","ReachHeaven","Crescendo"],"picked":"SKIP","floor":12.0},{"not_picked":["ReachHeaven","BowlingBash","Evaluate"],"picked":"SKIP","floor":13.0},{"not_picked":["SpiritShield","Blasphemy"],"picked":"Vault","floor":16.0},{"not_picked":["Crescendo","ForeignInfluence","Protect+1"],"picked":"SKIP","floor":18.0},{"not_picked":["PathToVictory","Collect","WheelKick"],"picked":"SKIP","floor":19.0},{"not_picked":["Halt","JustLucky","WreathOfFlame"],"picked":"SKIP","floor":21.0},{"not_picked":["EmptyFist","Indignation+1","BowlingBash"],"picked":"SKIP","floor":22.0},{"not_picked":["FlyingSleeves","Prostrate"],"picked":"FlurryOfBlows","floor":24.0},{"not_picked":["Prostrate","ConjureBlade","SashWhip"],"picked":"SKIP","floor":27.0},{"not_picked":["Protect","Study","Nirvana+1"],"picked":"SKIP","floor":28.0},{"not_picked":["EmptyFist","Prostrate","SashWhip"],"picked":"SKIP","floor":29.0},{"not_picked":["Crescendo","CrushJoints","SashWhip"],"picked":"SKIP","floor":31.0},{"not_picked":["Wireheading","EmptyBody","ThirdEye+1"],"picked":"SKIP","floor":35.0},{"not_picked":["CarveReality","BowlingBash"],"picked":"ClearTheMind","floor":37.0},{"not_picked":["Alpha","Prostrate","Evaluate"],"picked":"SKIP","floor":38.0},{"not_picked":["Alpha","Prostrate"],"picked":"Evaluate","floor":38.0},{"not_picked":["DeceiveReality","ClearTheMind","CrushJoints+1"],"picked":"SKIP","floor":39.0},{"not_picked":["Evaluate","Protect","FlurryOfBlows+1"],"picked":"SKIP","floor":40.0},{"not_picked":["Halt","Weave"],"picked":"EmptyBody+1","floor":41.0},{"not_picked":["Worship+1","CutThroughFate+1","ForeignInfluence"],"picked":"SKIP","floor":42.0},{"not_picked":["MentalFortress","ThirdEye","ForeignInfluence+1","Crescendo+1"],"picked":"SKIP","floor":44},{"not_picked":["JustLucky+1","SashWhip","PathToVictory"],"picked":"EmptyMind","floor":46},{"not_picked":["Sanctity","DevaForm","BowlingBash"],"picked":"Halt","floor":48},{"not_picked":["BattleHymn","Halt","CutThroughFate+1","WaveOfTheHand"],"picked":"SKIP","floor":55}],"player_experience":482205,"relics_obtained":[{"floor":7.0,"key":"GoldenEye"},{"floor":9.0,"key":"Matryoshka"},{"floor":13.0,"key":"Oddly Smooth Stone"},{"floor":24.0,"key":"Yang"},{"floor":26.0,"key":"Bag of Preparation"},{"floor":26.0,"key":"Art of War"},{"floor":29.0,"key":"Gremlin Horn"},{"floor":31.0,"key":"Blue Candle"},{"floor":40.0,"key":"Potion Belt"},{"floor":42.0,"key":"Question Card"},{"floor":43.0,"key":"MawBank"},{"floor":44,"key":"Anchor"},{"floor":47,"key":"Shuriken"},{"floor":55,"key":"War Paint"}],"event_choices":[{"damage_healed":0.0,"max_hp_gain":0.0,"max_hp_loss":0.0,"gold_gain":0.0,"event_name":"Golden Idol","player_choice":"Take Damage","floor":2.0,"gold_loss":0.0,"damage_taken":23.0,"relics_obtained":["Golden Idol"]},{"damage_healed":0.0,"max_hp_gain":0.0,"max_hp_loss":0.0,"gold_gain":0.0,"event_name":"Upgrade Shrine","player_choice":"Upgraded","floor":11.0,"gold_loss":0.0,"damage_taken":0.0,"cards_upgraded":["Vault"]},{"damage_healed":10.0,"max_hp_gain":0.0,"max_hp_loss":0.0,"gold_gain":0.0,"event_name":"Wheel of Change","player_choice":"Full Heal","floor":20.0,"gold_loss":0.0,"damage_taken":0.0},{"damage_healed":0.0,"max_hp_gain":0.0,"max_hp_loss":0.0,"gold_gain":0.0,"event_name":"The Library","player_choice":"Read","floor":30.0,"gold_loss":0.0,"damage_taken":0.0,"cards_obtained":["CrushJoints"]},{"damage_healed":0.0,"max_hp_gain":0.0,"max_hp_loss":0.0,"gold_gain":0.0,"event_name":"WeMeetAgain","player_choice":"Gave Potion","floor":36.0,"gold_loss":0.0,"damage_taken":0.0,"relics_obtained":["Akabeko"]},{"cards_removed":["Strike_P"],"damage_healed":0,"gold_gain":0,"player_choice":"Offered Basic","damage_taken":0,"max_hp_gain":0,"max_hp_loss":0,"event_name":"Bonfire Elementals","floor":45,"gold_loss":0}],"is_beta":false,"boss_relics":[{"not_picked":["Fusion Hammer","Tiny House"],"picked":"Coffee Dripper"},{"not_picked":["Philosopher\u0027s Stone","Runic Dome"],"picked":"HolyWater"}],"items_purged_floors":[14,23,54],"is_endless":false,"potions_floor_spawned":[3,8,13,16,19,24,27,35,38,39,44,48],"killed_by":"The Heart","ascension_level":20}}