{"host":"bjzqjr1ycgj8gt55","time":1609971613,"event":{"mods":["100% Spire Juice","Arknights The Spire","BaseMod","Better Altar","Better Match","Better Sensory Stone","Better Skull","Better Third Choice","Better Vampires","Block Reminder","Colored Map","Colored Powertips","GifTheSpireLib","Infinite Spire","Minty Spire (QoL Compilation)","Rare Cards Sparkle","Red Circlet Mod","Spicy Shops","StSLib","Waifu the Spire","everything is the same but u backflip on backflip","slay the spire mod where everything is the same but ironclad has a cowboy hat"],"gold_per_floor":[110,110,122,133,33,33,65,65,113,113,145,162,179,199,199,294,294,312,227,227,239,239,271,271,301,347,347,347,447,464,479,479,578,578,596,10,29,44,59,89,89,114,114,114,114,164,194,194,194,198,198,198,38,75,77],"floor_reached":56,"playtime":2090,"items_purged":["Clumsy","Strike_B"],"score":1457,"play_id":"a29c93f0-bda5-45da-896e-26283084770a","local_time":"20210106162013","is_ascension_mode":true,"campfire_choices":[{"data":"Zap","floor":6.0,"key":"SMITH"},{"data":"Dualcast","floor":8.0,"key":"SMITH"},{"data":"Core Surge","floor":10.0,"key":"SMITH"},{"floor":15.0,"key":"REST"},{"data":"Genetic Algorithm","floor":15.0,"key":"SMITH"},{"floor":24.0,"key":"REST"},{"floor":24.0,"key":"DIG"},{"floor":27,"key":"REST"},{"floor":27,"key":"DIG"},{"floor":32,"key":"REST"},{"floor":32,"key":"DIG"},{"floor":41,"key":"REST"},{"floor":41,"key":"DIG"},{"floor":44,"key":"DIG"},{"floor":49,"key":"RECALL"},{"floor":52,"key":"DIG"}],"circlet_count":0,"master_deck":["Strike_B","Defend_B","Defend_B","Defend_B","Defend_B","Zap+1","Dualcast+1","White Noise","Storm","Glacier","Chill","Core Surge+1","Rip and Tear","Sweeping Beam","Genetic Algorithm+1","Defragment","Biased Cognition","Leap+1","CurseOfTheBell","Go for the Eyes+1","infinitespire:Punishment","Loop","Ball Lightning","Static Discharge","Hologram","Thunder Strike","Ball Lightning+1","White Noise+1","Electrodynamics","White Noise+1","Cold Snap+1","Blizzard","Echo Form","Beam Cell"],"relics":["Cracked Core","Toy Ornithopter","Meat on the Bone","Art of War","Vajra","infinitespire:Magic Flask","Odd Mushroom","Inserter","Matryoshka","Calling Bell","Lantern","Question Card","Shovel","Dead Branch","Anchor","Ornamental Fan","Juzu Bracelet","infinitespire:SolderingIron","Enchiridion","TungstenRod","Shuriken","Orichalcum","Fusion Hammer","HandDrill","Letter Opener","Nunchaku","infinitespire:Midas Blood","FossilizedHelix","MealTicket","Pantograph","Centennial Puzzle","infinitespire:CursedDice","Mercury Hourglass","Pear","Mummified Hand"],"acts_visited":["Exordium","TheCity","TheBeyond","TheEnding"],"potions_floor_usage":[29,55],"damage_taken":[{"damage":2.0,"enemies":"Jaw Worm","floor":1.0,"turns":3.0},{"damage":18.0,"enemies":"infinitespire:Voidling","floor":3.0,"turns":4.0},{"damage":4.0,"enemies":"Small Slimes","floor":4.0,"turns":3.0},{"damage":4.0,"enemies":"Gremlin Nob","floor":7.0,"turns":5.0},{"damage":12.0,"enemies":"3 Sentries","floor":11.0,"turns":5.0},{"damage":0.0,"enemies":"Looter","floor":12.0,"turns":3.0},{"damage":0.0,"enemies":"Blue Slaver","floor":13.0,"turns":2.0},{"damage":6.0,"enemies":"The Mushroom Lair","floor":14.0,"turns":3.0},{"damage":37.0,"enemies":"Slime Boss","floor":16.0,"turns":14.0},{"damage":1.0,"enemies":"Spheric Guardian","floor":18.0,"turns":4.0},{"damage":6.0,"enemies":"Chosen","floor":21.0,"turns":5.0},{"damage":6.0,"enemies":"Gremlin Leader","floor":23.0,"turns":5.0},{"damage":19,"enemies":"Slavers","floor":25,"turns":4},{"damage":15,"enemies":"Colosseum Slavers","floor":29,"turns":4},{"damage":0,"enemies":"Colosseum Nobs","floor":29,"turns":4},{"damage":0,"enemies":"Shelled Parasite and Fungi","floor":30,"turns":3},{"damage":0,"enemies":"Snake Plant","floor":31,"turns":2},{"damage":5,"enemies":"Collector","floor":33,"turns":5},{"damage":0,"enemies":"Orb Walker","floor":35,"turns":2},{"damage":15,"enemies":"3 Shapes","floor":37,"turns":3},{"damage":0,"enemies":"Jaw Worm Horde","floor":38,"turns":4},{"damage":5,"enemies":"Maw","floor":39,"turns":5},{"damage":0,"enemies":"Reptomancer","floor":40,"turns":5},{"damage":0,"enemies":"Giant Head","floor":42,"turns":6},{"damage":0,"enemies":"Mind Bloom Boss Battle","floor":46,"turns":4},{"damage":8,"enemies":"Reptomancer","floor":47,"turns":4},{"damage":16,"enemies":"Time Eater","floor":50,"turns":7},{"damage":27,"enemies":"Shield and Spear","floor":54,"turns":3},{"damage":37,"enemies":"The Heart","floor":55,"turns":6}],"seed_played":"2729955525726548770","potions_obtained":[{"floor":3.0,"key":"SkillPotion"},{"floor":4.0,"key":"infinitespire:BlackPotion"},{"floor":12.0,"key":"FearPotion"},{"floor":16.0,"key":"FearPotion"},{"floor":29,"key":"Swift Potion"},{"floor":30,"key":"FairyPotion"}],"is_trial":false,"path_per_floor":["M","?","M","M","$","R","E","R","T","R","E","M","M","?","R","B",null,"M","?","AVR","M","?","E","R","E","T","R","?","?","M","M","R","B",null,"M","$","M","M","M","E","R","E","T","R","?","?","E","?","R","B",null,"R","$","E","B",null],"character_chosen":"DEFECT","items_purchased":["Meat on the Bone","HandDrill","Letter Opener","Echo Form"],"campfire_rested":5,"item_purchase_floors":[5,36,36,53],"current_hp_per_floor":[73,73,62,58,58,58,54,54,54,54,42,42,42,48,70,38,75,74,74,74,68,51,45,67,48,48,70,54,44,44,44,66,61,75,75,75,60,60,55,55,75,75,75,75,75,75,67,67,67,59,75,85,85,58,48],"gold":77,"neow_bonus":"RANDOM_COMMON_RELIC","is_daily":false,"chose_seed":false,"campfire_upgraded":4,"win_rate":0.0,"timestamp":1609971613,"path_taken":["M","?","M","?","$","R","E","R","T","R","E","M","M","?","R","BOSS","M","?","AVR","M","?","E","R","E","T","R","?","?","M","M","R","BOSS","M","$","M","M","M","E","R","E","T","R","?","?","E","?","R","BOSS","R","$","E","BOSS"],"items_purchased_type":["Relic","Relic","Relic","Card"],"build_version":"2020-12-22","purchased_purges":2,"victory":true,"max_hp_per_floor":[75,75,75,75,75,75,75,75,75,75,75,75,75,75,75,75,75,75,75,75,75,75,75,75,75,75,75,75,75,75,75,75,75,75,75,75,75,75,75,75,75,75,75,75,75,75,75,75,75,75,75,85,85,85,85],"card_choices":[{"not_picked":["Heatsinks","Undo"],"picked":"White Noise","floor":1.0},{"not_picked":["Stack","Capacitor"],"picked":"Glacier","floor":3.0},{"not_picked":["Steam","Force Field"],"picked":"Chill","floor":4.0},{"not_picked":["Leap","Hello World"],"picked":"Core Surge","floor":7.0},{"not_picked":["Reprogram","Gash"],"picked":"Rip and Tear","floor":11.0},{"not_picked":["Turbo","FTL"],"picked":"Sweeping Beam","floor":12.0},{"not_picked":["Rebound","Leap"],"picked":"Genetic Algorithm","floor":13.0},{"not_picked":["Compile Driver","FTL"],"picked":"Defragment","floor":14.0},{"not_picked":["Hyperbeam","Seek"],"picked":"Biased Cognition","floor":16.0},{"not_picked":["Tempest","Streamline"],"picked":"Leap+1","floor":18.0},{"not_picked":["White Noise","Darkness","Doom and Gloom"],"picked":"Go for the Eyes+1","floor":21.0},{"not_picked":["infinitespire:Collect","infinitespire:TheBestDefense"],"picked":"infinitespire:Punishment","floor":22.0},{"not_picked":["Compile Driver","Consume","FTL"],"picked":"Loop","floor":23.0},{"not_picked":["Gash+1","Streamline+1","Rebound"],"picked":"Ball Lightning","floor":25},{"not_picked":["Auto Shields+1","Undo+1","BootSequence"],"picked":"Static Discharge","floor":29},{"not_picked":["Barrage","Leap+1","Meteor Strike","Redo"],"picked":"SKIP","floor":30},{"not_picked":["Redo","Steam","Stack"],"picked":"Hologram","floor":31},{"not_picked":["Multi-Cast","Buffer","Reboot"],"picked":"Thunder Strike","floor":33},{"not_picked":["Go for the Eyes","Steam+1","Stack+1","Rebound+1"],"picked":"SKIP","floor":35},{"not_picked":["Stack+1","Rainbow","Leap+1"],"picked":"Ball Lightning+1","floor":37},{"not_picked":["Cold Snap","Ball Lightning","Gash"],"picked":"White Noise+1","floor":38},{"not_picked":["Chill","Conserve Battery","Streamline","Steam+1"],"picked":"SKIP","floor":39},{"not_picked":["Leap","Barrage+1","Redo"],"picked":"Electrodynamics","floor":40},{"not_picked":["Conserve Battery","Go for the Eyes+1","Chaos"],"picked":"White Noise+1","floor":42},{"not_picked":["Gash","Auto Shields+1","Steam+1"],"picked":"Cold Snap+1","floor":46},{"not_picked":["Buffer","Turbo+1","Leap+1"],"picked":"Blizzard","floor":47},{"not_picked":["Self Repair","Barrage","Redo+1"],"picked":"Beam Cell","floor":54}],"player_experience":99138,"relics_obtained":[{"floor":7.0,"key":"Art of War"},{"floor":9.0,"key":"Vajra"},{"floor":11.0,"key":"infinitespire:Magic Flask"},{"floor":14.0,"key":"Odd Mushroom"},{"floor":20.0,"key":"Lantern"},{"floor":20.0,"key":"Question Card"},{"floor":20.0,"key":"Shovel"},{"floor":23.0,"key":"Dead Branch"},{"floor":24.0,"key":"Anchor"},{"floor":25,"key":"Ornamental Fan"},{"floor":26,"key":"Juzu Bracelet"},{"floor":27,"key":"infinitespire:SolderingIron"},{"floor":28,"key":"Enchiridion"},{"floor":29,"key":"TungstenRod"},{"floor":29,"key":"Shuriken"},{"floor":32,"key":"Orichalcum"},{"floor":40,"key":"Nunchaku"},{"floor":41,"key":"infinitespire:Midas Blood"},{"floor":42,"key":"FossilizedHelix"},{"floor":43,"key":"MealTicket"},{"floor":43,"key":"Pantograph"},{"floor":44,"key":"Centennial Puzzle"},{"floor":46,"key":"infinitespire:CursedDice"},{"floor":47,"key":"Mercury Hourglass"},{"floor":52,"key":"Pear"},{"floor":54,"key":"Mummified Hand"}],"event_choices":[{"damage_healed":0.0,"max_hp_gain":0.0,"max_hp_loss":0.0,"gold_gain":0.0,"cards_transformed":["Strike_B"],"event_name":"Transmorgrifier","player_choice":"Transformed","floor":2.0,"gold_loss":0.0,"damage_taken":0.0,"cards_obtained":["Storm"]},{"damage_healed":0.0,"max_hp_gain":0.0,"max_hp_loss":0.0,"gold_gain":0.0,"event_name":"Mushrooms","player_choice":"Fought Mushrooms","floor":14.0,"gold_loss":0.0,"damage_taken":0.0},{"damage_healed":0.0,"max_hp_gain":0.0,"max_hp_loss":0.0,"gold_gain":0.0,"event_name":"Addict","player_choice":"Obtained Relic","floor":19.0,"gold_loss":85.0,"damage_taken":0.0,"relics_obtained":["Matryoshka"]},{"damage_healed":0,"gold_gain":0,"player_choice":"Obtained Book","damage_taken":16,"max_hp_gain":0,"max_hp_loss":0,"event_name":"Cursed Tome","floor":28,"gold_loss":0},{"damage_healed":0,"gold_gain":0,"player_choice":"Fight","damage_taken":0,"max_hp_gain":0,"max_hp_loss":0,"event_name":"Colosseum","floor":29,"gold_loss":0},{"damage_healed":0,"gold_gain":0,"player_choice":"Fought Nobs","damage_taken":0,"max_hp_gain":0,"max_hp_loss":0,"event_name":"Colosseum","floor":29,"gold_loss":0},{"cards_removed":["Strike_B"],"damage_healed":0,"gold_gain":0,"player_choice":"Removed Attack","damage_taken":0,"max_hp_gain":0,"max_hp_loss":0,"event_name":"Falling","floor":45,"gold_loss":0},{"damage_healed":0,"gold_gain":0,"player_choice":"Fight","damage_taken":0,"max_hp_gain":0,"max_hp_loss":0,"event_name":"MindBloom","floor":46,"gold_loss":0}],"is_beta":false,"boss_relics":[{"not_picked":["SlaversCollar","Astrolabe"],"picked":"Inserter"},{"not_picked":["Runic Pyramid","Cursed Key"],"picked":"Fusion Hammer"}],"items_purged_floors":[36,36],"is_endless":false,"potions_floor_spawned":[3,4,12,16,18,29,30,33,35,42,46,47,54],"ascension_level":2}}