{"host":"g75gtovmj0ine2rf","time":1609909245,"event":{"mods":["2.2 Compatiblity","AchievementEnabler","Act Like it!","Aspiration","Astrologer","Bard","BaseMod","Better Match","BetterRewards","CapriCore","Challenge The Spire","ChefMod","Colored Map","Conspire","Elementarium","Energized Spire","Friendly Minions","Gensokyo","Halation","Hallownest","Hermit","HexUI Lib","Highlight Path","Hubris","Infinite Spire","Jedi Mod","Lobotomy","Menagerie","Minty Spire (QoL Compilation)","Puzzle Mod","Quick Restart","Rare Cards Sparkle","Relic Stats","Replay The Spire","Robot Space Explorer","Shade Mod","Shop Mod","Spicy Shops","StSLib","SuperFastMode","The Construct","The Cursed","The Dragon Tamer","The Factory","The Jungle","The Marked","The Runesmith","TheBandit","TheFirefly","TheSwordswoman","TheVacant","Transform Curses","Wandering Minibosses","thorton","vexMod"],"gold_per_floor":[119,119,119,44,54,70,84,102,157,184,184,184,184,200,200,298,298,308,354,374,374,374,374],"floor_reached":22,"playtime":1088,"items_purged":["Menagerie:BloodySpellbook"],"score":186,"play_id":"5e4c0302-37db-48bf-bcce-e12769990d71","local_time":"20210106160045","is_ascension_mode":false,"campfire_choices":[{"floor":11.0,"key":"REST"},{"floor":13.0,"key":"REST"},{"floor":15.0,"key":"REST"}],"circlet_count":0,"master_deck":["theMarked:Strike","theMarked:Strike","theMarked:Strike","theMarked:Strike","theMarked:Strike","theMarked:Defend","theMarked:Defend","theMarked:Defend","theMarked:Defend","theMarked:SoldierOfQuellstein+1","theMarked:SoldierForm","Menagerie:SagesJudgement","theMarked:Improvise","theMarked:MagicAdept","theMarked:StartUp","theMarked:ParalyzingBlade"],"relics":["theMarked:ArtifactOfAir","aspiration:ChemicalBlood","Question Card","theMarked:SpiritSword","Juzu Bracelet"],"acts_visited":["Exordium","Menagerie:Menagerie"],"potions_floor_usage":[22],"damage_taken":[{"damage":5.0,"enemies":"Menagerie:StygianBoar","floor":1.0,"turns":3.0},{"damage":0.0,"enemies":"Menagerie:WhisperingWraith","floor":5.0,"turns":4.0},{"damage":15.0,"enemies":"Menagerie:2_RABBITS","floor":6.0,"turns":5.0},{"damage":7.0,"enemies":"Menagerie:BEAST_MAGE_AND_PROWLING_AMALGAM","floor":7.0,"turns":10.0},{"damage":10.0,"enemies":"Menagerie:STYGIAN_BOAR_AND_RABBIT","floor":8.0,"turns":4.0},{"damage":24.0,"enemies":"Menagerie:VoidReaper","floor":10.0,"turns":5.0},{"damage":15.0,"enemies":"Menagerie:STYGIAN_BOAR_AND_WHISPERING_WRAITH","floor":14.0,"turns":4.0},{"damage":36.0,"enemies":"Menagerie:AVATARS","floor":16.0,"turns":9.0},{"damage":13.0,"enemies":"Gensokyo:Chomper","floor":18.0,"turns":4.0},{"damage":35.0,"enemies":"Gensokyo:3_Dogs","floor":20.0,"turns":7.0},{"damage":31,"enemies":"Gensokyo:Swordslinger","floor":22,"turns":2}],"seed_played":"-6077429666394487590","potions_obtained":[{"floor":1.0,"key":"LifebloodPotion"},{"floor":6.0,"key":"AttackPotion"},{"floor":10.0,"key":"FearPotion"},{"floor":20.0,"key":"AttackPotion"},{"floor":22,"key":"SteroidPotion"}],"is_trial":false,"path_per_floor":["M","?","?","$","M","M","M","M","T","E","R","?","R","M","R","B",null,"M","T","M","?","M"],"character_chosen":"THE_DEFAULT","items_purchased":[],"campfire_rested":3,"item_purchase_floors":[],"current_hp_per_floor":[65,65,60,60,60,45,38,28,28,4,25,20,41,26,47,11,70,57,57,22,29,0,0],"gold":374,"neow_bonus":"THREE_RARE_CARDS","is_daily":false,"chose_seed":false,"campfire_upgraded":0,"win_rate":0.0,"timestamp":1609909245,"path_taken":["M","?","?","$","M","M","M","?","T","E","R","?","R","M","R","BOSS","M","?","M","?","M"],"items_purchased_type":[],"build_version":"2020-12-22","purchased_purges":1,"victory":false,"max_hp_per_floor":[70,70,70,70,70,70,70,70,70,70,70,70,70,70,70,70,70,70,70,70,70,70,70],"relic_stats":{"counters":[11,57],"Juzu Bracelet":0,"Question Card":7,"obtain_stats":[{"theMarked:ArtifactOfAir":0,"theMarked:SpiritSword":17,"Juzu Bracelet":19,"Question Card":10,"aspiration:ChemicalBlood":9},{"theMarked:ArtifactOfAir":0,"theMarked:SpiritSword":8,"Juzu Bracelet":9,"Question Card":6,"aspiration:ChemicalBlood":5},{"theMarked:ArtifactOfAir":0,"theMarked:SpiritSword":44,"Juzu Bracelet":48,"Question Card":31,"aspiration:ChemicalBlood":26}]},"card_choices":[{"not_picked":["theMarked:TurnInvisible","theMarked:Defy"],"picked":"theMarked:SoldierForm","floor":0.0},{"not_picked":["theMarked:HeritageOfTheMarked","theMarked:DeterminationOfTheMarked","theMarked:Parkour"],"picked":"SKIP","floor":1.0},{"not_picked":["theMarked:ChainLightning","theMarked:Parkour","theMarked:WardOff"],"picked":"SKIP","floor":5.0},{"not_picked":["theMarked:Aftermath","theMarked:BanishingWave"],"picked":"theMarked:Improvise","floor":6.0},{"not_picked":["theMarked:ChainLightning","theMarked:Frustration","theMarked:ContemptForTheProud"],"picked":"SKIP","floor":7.0},{"not_picked":["theMarked:ShockingTouch","theMarked:SwordAndMagic","theMarked:Snap"],"picked":"SKIP","floor":8.0},{"not_picked":["theMarked:CreepingChasm","theMarked:ElectricStrings","theMarked:WastefulAttack"],"picked":"SKIP","floor":10.0},{"not_picked":["theMarked:WastefulAttack","theMarked:WastefulDefense","theMarked:DeterminationOfTheMarked","theMarked:Static"],"picked":"SKIP","floor":14.0},{"not_picked":["theMarked:ThrowWeapon","theMarked:UnarmedFury","theMarked:DispelDoubt"],"picked":"theMarked:MagicAdept","floor":16.0},{"not_picked":["theMarked:Electrocute","theMarked:ElectricStrings+1","theMarked:WastefulDefense"],"picked":"theMarked:StartUp","floor":18.0},{"not_picked":["theMarked:BanishingWave","theMarked:SelfDefenseTraining+1","theMarked:Improvise"],"picked":"theMarked:ParalyzingBlade","floor":20.0}],"player_experience":1386405,"relics_obtained":[{"floor":9.0,"key":"aspiration:ChemicalBlood"},{"floor":10.0,"key":"Question Card"},{"floor":19.0,"key":"Juzu Bracelet"}],"event_choices":[{"damage_healed":0.0,"max_hp_gain":0.0,"max_hp_loss":0.0,"gold_gain":0.0,"cards_transformed":["Delirium"],"event_name":"Menagerie:MagesHand","player_choice":"Grasp","floor":2.0,"gold_loss":0.0,"damage_taken":0.0,"cards_obtained":["Menagerie:BloodySpellbook"]},{"damage_healed":0.0,"max_hp_gain":0.0,"max_hp_loss":0.0,"gold_gain":0.0,"event_name":"Menagerie:MageAndMonster","player_choice":"Help the mage","floor":3.0,"gold_loss":0.0,"damage_taken":5.0,"cards_obtained":["Menagerie:SagesJudgement"]},{"damage_healed":0.0,"max_hp_gain":0.0,"max_hp_loss":5.0,"gold_gain":0.0,"event_name":"Menagerie:HarrowingRitual","player_choice":"Accept","floor":12.0,"gold_loss":0.0,"damage_taken":0.0,"cards_upgraded":["theMarked:SoldierOfQuellstein"]}],"is_beta":false,"boss_relics":[{"not_picked":["hubris:TerracottaHorce","Calling Bell"],"picked":"theMarked:SpiritSword"}],"items_purged_floors":[4],"is_endless":false,"potions_floor_spawned":[1,6,10,18],"killed_by":"Gensokyo:Swordslinger","ascension_level":0}}