{"host":"nozk9xg7ssf2drdi","time":1609910983,"event":{"mods":["BaseMod","Colored Map","Minty Spire (QoL Compilation)","Relic Stats","Slay the Relics Exporter","StSLib","everything is the same but u backflip on backflip"],"gold_per_floor":[110,128,17,17,35,73,73,112,112,137,137,207,225,225,225],"floor_reached":14,"playtime":1770,"items_purged":[],"score":200,"play_id":"217fbbb1-c3b5-4b47-8360-92eb4ddb3432","local_time":"20210105232943","is_ascension_mode":true,"campfire_choices":[{"data":"Mayhem","floor":7,"key":"SMITH"},{"floor":11,"key":"REST"}],"circlet_count":0,"master_deck":["AscendersBane","Strike_P","Strike_P","Strike_P","Strike_P","Defend_P","Defend_P","Defend_P","Defend_P","Eruption","Vigilance","Mayhem+1","PathToVictory","Wireheading","Consecrate","Fasting2","Weave","Judgement","EmptyMind","Prostrate"],"relics":["PureWater","Golden Idol","Blood Vial","Meat on the Bone","Smiling Mask","Sundial"],"acts_visited":["Exordium"],"potions_floor_usage":[6,8,10,14],"damage_taken":[{"damage":0,"enemies":"Cultist","floor":1,"turns":3},{"damage":12,"enemies":"Small Slimes","floor":2,"turns":4},{"damage":0,"enemies":"2 Louse","floor":5,"turns":2},{"damage":20,"enemies":"3 Sentries","floor":6,"turns":5},{"damage":2,"enemies":"Lagavulin","floor":8,"turns":7},{"damage":7,"enemies":"Exordium Thugs","floor":10,"turns":2},{"damage":22,"enemies":"3 Sentries","floor":12,"turns":4},{"damage":1,"enemies":"2 Fungi Beasts","floor":13,"turns":2},{"damage":50,"enemies":"Gremlin Nob","floor":14,"turns":4}],"seed_played":"-776066571309967940","potions_obtained":[{"floor":1,"key":"CultistPotion"},{"floor":5,"key":"SteroidPotion"},{"floor":6,"key":"BlessingOfTheForge"},{"floor":12,"key":"Block Potion"}],"is_trial":false,"path_per_floor":["M","M","$","?","M","E","R","E","T","M","R","?","M","E"],"character_chosen":"WATCHER","items_purchased":["Fire Potion","Consecrate"],"campfire_rested":1,"item_purchase_floors":[3,3],"current_hp_per_floor":[43,31,31,31,31,11,11,11,11,18,36,28,41,0,0],"gold":225,"neow_bonus":"RANDOM_COLORLESS_2","is_daily":false,"chose_seed":false,"campfire_upgraded":1,"win_rate":0.0,"timestamp":1609910983,"path_taken":["M","?","$","?","M","E","R","E","T","M","R","?","M","E"],"items_purchased_type":["Potion","Card"],"build_version":"2020-12-22","purchased_purges":0,"victory":false,"max_hp_per_floor":[68,68,68,62,62,62,62,62,62,62,62,62,62,62,62],"relic_stats":{"Blood Vial":10,"counters":[9,33],"Golden Idol":50,"Sundial":[0],"Smiling Mask":0,"obtain_stats":[{"Blood Vial":6,"Golden Idol":4,"Sundial":12,"PureWater":0,"Smiling Mask":9,"Meat on the Bone":8},{"Blood Vial":4,"Golden Idol":2,"Sundial":7,"PureWater":0,"Smiling Mask":5,"Meat on the Bone":5},{"Blood Vial":14,"Golden Idol":7,"Sundial":27,"PureWater":0,"Smiling Mask":21,"Meat on the Bone":21}],"Meat on the Bone":36},"card_choices":[{"not_picked":["Magnetism","Secret Technique"],"picked":"Mayhem","floor":0},{"not_picked":["JustLucky","SashWhip"],"picked":"PathToVictory","floor":1},{"not_picked":["JustLucky","ClearTheMind"],"picked":"Wireheading","floor":2},{"not_picked":["Perseverance","Prostrate"],"picked":"Fasting2","floor":5},{"not_picked":["LikeWater","FollowUp"],"picked":"Weave","floor":6},{"not_picked":["FlyingSleeves","Collect"],"picked":"Judgement","floor":8},{"not_picked":["WindmillStrike","BowlingBash","ClearTheMind"],"picked":"SKIP","floor":10},{"not_picked":["LikeWater","Fasting2"],"picked":"EmptyMind","floor":12},{"not_picked":["WheelKick","CarveReality"],"picked":"Prostrate","floor":13}],"player_experience":5973623,"relics_obtained":[{"floor":6,"key":"Blood Vial"},{"floor":8,"key":"Meat on the Bone"},{"floor":9,"key":"Smiling Mask"},{"floor":12,"key":"Sundial"}],"event_choices":[{"damage_healed":0,"gold_gain":0,"player_choice":"Lose Max HP","damage_taken":0,"relics_obtained":["Golden Idol"],"max_hp_gain":0,"max_hp_loss":6,"event_name":"Golden Idol","floor":4,"gold_loss":0},{"damage_healed":0,"gold_gain":0,"player_choice":"Searched \u00271\u0027 times","damage_taken":0,"max_hp_gain":0,"max_hp_loss":0,"event_name":"Dead Adventurer","floor":12,"gold_loss":0}],"is_beta":false,"boss_relics":[],"items_purged_floors":[],"is_endless":false,"potions_floor_spawned":[1,5,6,12],"killed_by":"Gremlin Nob","ascension_level":20}}