{"host":"066y5nba5qw19k68","time":1609916430,"event":{"mods":["BaseMod","Colored Powertips","Downfall","Minty Spire (QoL Compilation)","Replay The Spire","Shop Mod","StSLib"],"gold_per_floor":[114,39,39,39,52,52,68,100,100,100,76,86,86,104,104,207,207,222,122,139,139,139],"floor_reached":21,"playtime":1005,"items_purged":["Strike_B"],"score":179,"play_id":"8cd0c4ee-ddd0-46b1-a405-bfae13d66619","local_time":"20210106150030","is_ascension_mode":false,"campfire_choices":[{"data":"Hologram","floor":6.0,"key":"SMITH"},{"data":"FIFO Queue","floor":10.0,"key":"SMITH"},{"data":"Redo","floor":15.0,"key":"SMITH"}],"circlet_count":0,"master_deck":["Defend_B","Defend_B","Defend_B","Defend_B","Zap","Dualcast","Hologram+1","Streamline+1","Pain","Tempest","Sweeping Beam","FIFO Queue+1","BasicCrystalCard","Ball Lightning","Redo+1","Electrodynamics","Consume","Coolheaded","Leap","Capacitor"],"relics":["Cracked Core","NeowsBlessing","WarpedTongs","Pantograph","Meat on the Bone","Empty Cage"],"acts_visited":["Exordium","TheCity"],"potions_floor_usage":[],"damage_taken":[{"damage":0.0,"enemies":"Small Slimes","floor":1.0,"turns":1.0},{"damage":0.0,"enemies":"Cultist","floor":5.0,"turns":1.0},{"damage":0.0,"enemies":"Jaw Worm","floor":7.0,"turns":1.0},{"damage":33.0,"enemies":"Gremlin Nob","floor":8.0,"turns":5.0},{"damage":11.0,"enemies":"Red Slaver","floor":12.0,"turns":3.0},{"damage":5.0,"enemies":"Looter","floor":14.0,"turns":2.0},{"damage":37.0,"enemies":"Fading Forest","floor":16.0,"turns":11.0},{"damage":21.0,"enemies":"Chosen","floor":18.0,"turns":5.0},{"damage":18,"enemies":"3 Byrds","floor":20,"turns":3},{"damage":48,"enemies":"Shelled Parasite and Fungi","floor":21,"turns":7}],"seed_played":"1478186116216745219","potions_obtained":[{"floor":1.0,"key":"FocusPotion"},{"floor":5.0,"key":"Strength Potion"},{"floor":8.0,"key":"BlessingOfTheForge"},{"floor":18.0,"key":"Fire Potion"}],"is_trial":false,"path_per_floor":["M","$","?","?","M","R","M","E","T","R","$","M","?","M","R","B",null,"M","$","M","M"],"character_chosen":"DEFECT","items_purchased":["BasicCrystalCard","Coolheaded","Leap"],"campfire_rested":0,"item_purchase_floors":[11,19,19],"current_hp_per_floor":[75,75,75,75,75,75,75,42,42,42,42,43,43,38,38,38,75,54,54,48,0,0],"gold":139,"neow_bonus":"THREE_ENEMY_KILL","is_daily":false,"chose_seed":false,"campfire_upgraded":3,"win_rate":0.0,"timestamp":1609916430,"path_taken":["M","$","?","?","?","R","M","E","T","R","$","M","?","M","R","BOSS","M","$","M","M"],"items_purchased_type":["Card","Card","Card"],"build_version":"2020-12-22","purchased_purges":1,"victory":false,"max_hp_per_floor":[75,75,75,75,75,75,75,75,75,75,75,75,75,75,75,75,75,75,75,75,75,75],"card_choices":[{"not_picked":["Crystallizer","Redo"],"picked":"Hologram","floor":1.0},{"not_picked":["Reprogram","Cold Snap"],"picked":"Tempest","floor":5.0},{"not_picked":["Coolheaded","Compile Driver"],"picked":"Sweeping Beam","floor":7.0},{"not_picked":["ReplayTheSpireMod:Omega Cannon","Barrage"],"picked":"FIFO Queue","floor":8.0},{"not_picked":["Fusion","BasicCrystalCard"],"picked":"Ball Lightning","floor":12.0},{"not_picked":["Streamline","Reprogram"],"picked":"Redo","floor":14.0},{"not_picked":["Biased Cognition","Mirror Shield"],"picked":"Electrodynamics","floor":16.0},{"not_picked":["Sweeping Beam","Auto Shields"],"picked":"Consume","floor":18.0},{"not_picked":["Go for the Eyes","Conserve Battery+1"],"picked":"Capacitor","floor":20}],"player_experience":64912,"relics_obtained":[{"floor":8.0,"key":"Pantograph"},{"floor":9.0,"key":"Meat on the Bone"}],"event_choices":[{"damage_healed":0.0,"max_hp_gain":0.0,"max_hp_loss":0.0,"gold_gain":0.0,"event_name":"Accursed Blacksmith","player_choice":"Rummage","floor":4.0,"gold_loss":0.0,"damage_taken":0.0,"relics_obtained":["WarpedTongs"],"cards_obtained":["Pain"]},{"damage_healed":0.0,"max_hp_gain":0.0,"max_hp_loss":0.0,"gold_gain":0.0,"event_name":"NoteForYourself","player_choice":"Ignored","floor":13.0,"gold_loss":0.0,"damage_taken":0.0}],"is_beta":false,"boss_relics":[{"not_picked":["FrozenCore","Honey Jar"],"picked":"Empty Cage"}],"items_purged_floors":[2],"is_endless":false,"potions_floor_spawned":[1,5,8,16,18],"killed_by":"Shelled Parasite and Fungi","ascension_level":0}}