{"host":"dgf4n6lo35jtjz0c","time":1609894813,"event":{"mods":["BaseMod","Bestiary","Colored Powertips","Minty Spire (QoL Compilation)"],"gold_per_floor":[147,147,207,207,207,294,375,375,375,411,441,192,75,180,180,474,474,504,504,546,113,28,136,223,304,304,96,135,219,300,396,405,711,711,756,527,626,683,722,77,158,254,278,26,26,131,233,329,329,329],"floor_reached":51,"playtime":1834,"items_purged":[],"score":1680,"play_id":"6f3b18a9-b9a3-436e-b666-85db820596ff","local_time":"20210106120013","daily_mods":["Hoarder","Specialized","Vintage","Heirloom","Time Dilation","Flight","DeadlyEvents","Lethality","Midas"],"is_ascension_mode":false,"campfire_choices":[{"floor":8.0,"key":"REST"},{"floor":15,"key":"REST"},{"floor":32,"key":"REST"},{"floor":49,"key":"REST"}],"circlet_count":0,"master_deck":["Demon Form+1","Echo Form","DevaForm+1","Strike_R","Strike_R","Strike_R","Strike_R","Defend_R+1","Defend_R","Defend_R","Defend_R+1","Bash","Clash","Clash","Clash","Clash","Clash","Clash","Clash","Clash","Clash","Clash","Clash","Clash","Clash","Clash","Clash","Metallicize","Metallicize","Metallicize","Inflame","Inflame","Inflame","Berserk","Berserk","Berserk","Clash","Clash","Clash","Metallicize+1","Metallicize+1","Metallicize+1","Clash+1","Clash+1","Clash+1","Demon Form","Demon Form","Demon Form","DevaForm","DevaForm","DevaForm","Metallicize","Metallicize","Metallicize","Clash+1","Clash+1","Clash+1","Panache","Panache","Panache","Dual Wield+1","Dual Wield+1","Dual Wield+1","Seeing Red+1","Seeing Red+1","Seeing Red+1"],"relics":["Unceasing Top","Lizard Tail","Pantograph","Centennial Puzzle","Anchor","Eternal Feather","The Courier","Self Forming Clay","Matryoshka","War Paint","Question Card","Dream Catcher","CaptainsWheel","Sozu","CeramicFish","Lantern","Bronze Scales","Ornamental Fan","Nunchaku","Bird Faced Urn","Red Skull","Vajra","Toy Ornithopter","Blood Vial","Molten Egg 2","Mummified Hand","Omamori","Pen Nib","Boot","Bottled Tornado","SlaversCollar","Sundial","Ice Cream","Letter Opener","Ancient Tea Set","PreservedInsect","DollysMirror","HornCleat","Darkstone Periapt","Oddly Smooth Stone","Ginger","Regal Pillow","Strawberry","Bag of Marbles","Brimstone","Meat on the Bone","Singing Bowl","Du-Vu Doll"],"acts_visited":["Exordium","TheCity","TheBeyond"],"potions_floor_usage":[18,25],"damage_taken":[{"damage":0.0,"enemies":"Small Slimes","floor":1.0,"turns":1.0},{"damage":0.0,"enemies":"Cultist","floor":3.0,"turns":2.0},{"damage":6.0,"enemies":"Lagavulin","floor":6.0,"turns":2.0},{"damage":26.0,"enemies":"3 Sentries","floor":7.0,"turns":3.0},{"damage":4.0,"enemies":"Jaw Worm","floor":10.0,"turns":2.0},{"damage":8.0,"enemies":"2 Fungi Beasts","floor":11.0,"turns":2.0},{"damage":18,"enemies":"Lagavulin","floor":14,"turns":3},{"damage":0,"enemies":"Slime Boss","floor":16,"turns":3},{"damage":10,"enemies":"3 Byrds","floor":18,"turns":2},{"damage":0,"enemies":"Shell Parasite","floor":20,"turns":2},{"damage":5,"enemies":"Slavers","floor":23,"turns":2},{"damage":0,"enemies":"Gremlin Leader","floor":24,"turns":2},{"damage":0,"enemies":"Slavers","floor":25,"turns":1},{"damage":0,"enemies":"Centurion and Healer","floor":28,"turns":2},{"damage":0,"enemies":"Book of Stabbing","floor":29,"turns":1},{"damage":0,"enemies":"Gremlin Leader","floor":30,"turns":2},{"damage":0,"enemies":"Book of Stabbing","floor":31,"turns":2},{"damage":0,"enemies":"Champ","floor":33,"turns":2},{"damage":0,"enemies":"Orb Walker","floor":35,"turns":1},{"damage":0,"enemies":"Nemesis","floor":37,"turns":3},{"damage":0,"enemies":"3 Darklings","floor":38,"turns":2},{"damage":0,"enemies":"Sphere and 2 Shapes","floor":39,"turns":3},{"damage":0,"enemies":"Giant Head","floor":41,"turns":3},{"damage":0,"enemies":"Nemesis","floor":42,"turns":2},{"damage":0,"enemies":"Reptomancer","floor":46,"turns":1},{"damage":0,"enemies":"Giant Head","floor":47,"turns":1},{"damage":0,"enemies":"Reptomancer","floor":48,"turns":1},{"damage":14,"enemies":"Time Eater","floor":50,"turns":3}],"seed_played":"801074383064158748","potions_obtained":[{"floor":3.0,"key":"SkillPotion"},{"floor":10.0,"key":"Weak Potion"},{"floor":14,"key":"Regen Potion"}],"is_trial":true,"path_per_floor":["M","?","M","?","?","E","E","R","T","M","M","$","$","E","R","B",null,"M","?","M","$","?","E","E","E","T","$","M","E","E","E","R","B",null,"M","$","E","M","M","$","E","E","T","$","?","E","E","E","R","B",null],"character_chosen":"IRONCLAD","items_purchased":["Metallicize","Question Card","Dream Catcher","Bronze Scales","Ornamental Fan","Nunchaku","Mummified Hand","Ice Cream","DollysMirror","Metallicize","HornCleat","Darkstone Periapt","Oddly Smooth Stone","Panache","Brimstone"],"campfire_rested":4,"item_purchase_floors":[12,12,13,21,21,21,27,36,40,40,40,40,40,44,44],"current_hp_per_floor":[80,80,80,77,90,84,58,90,90,86,78,78,78,60,90,90,90,80,80,80,80,80,83,85,89,89,89,90,90,90,90,90,90,90,90,90,90,90,90,90,90,90,97,97,97,97,97,97,99,91],"gold":329,"neow_bonus":"","is_daily":false,"chose_seed":false,"campfire_upgraded":0,"win_rate":0.0,"timestamp":1609894813,"path_taken":["M","?","?","?","?","E","E","R","T","M","M","$","$","?","R","BOSS","M","?","?","$","?","E","E","?","T","?","M","E","E","E","R","BOSS","M","?","?","?","M","?","?","E","T","$","?","E","E","?","R","BOSS"],"items_purchased_type":["Card","Relic","Relic","Relic","Relic","Relic","Relic","Relic","Relic","Card","Relic","Relic","Relic","Card","Relic"],"build_version":"2020-12-22","purchased_purges":0,"victory":true,"max_hp_per_floor":[80,80,80,80,90,90,90,90,90,90,90,90,90,90,90,90,90,90,90,90,90,90,90,90,90,90,90,90,90,90,90,90,90,90,90,90,90,90,90,90,90,90,97,97,97,97,97,97,99,99],"card_choices":[{"not_picked":["Cleave","Thunderclap","Havoc"],"picked":"SKIP","floor":6.0},{"not_picked":["Armaments","Carnage","Sentinel"],"picked":"SKIP","floor":7.0},{"not_picked":["Sword Boomerang","Carnage","Evolve"],"picked":"Inflame","floor":14},{"not_picked":["Barricade","Immolate","Impervious"],"picked":"Berserk","floor":16},{"not_picked":["True Grit","Thunderclap","Havoc"],"picked":"Clash","floor":23},{"not_picked":["Entrench","Havoc+1","Twin Strike+1"],"picked":"Metallicize+1","floor":24},{"not_picked":["Cleave","Flex","True Grit+1","Offering"],"picked":"SKIP","floor":25},{"not_picked":["Iron Wave+1","Armaments","Intimidate+1","Dropkick+1"],"picked":"SKIP","floor":29},{"not_picked":["Ghostly Armor","Cleave+1","Wild Strike+1","Disarm"],"picked":"SKIP","floor":30},{"not_picked":["Fire Breathing","Warcry","Sword Boomerang+1","Bloodletting"],"picked":"SKIP","floor":31},{"not_picked":["Pummel+1","Sword Boomerang+1","Headbutt+1"],"picked":"Clash+1","floor":32},{"not_picked":["Double Tap","Fiend Fire+1","Corruption"],"picked":"Demon Form","floor":33},{"not_picked":["Power Through+1","Reaper+1","Warcry","Perfected Strike+1"],"picked":"SKIP","floor":37},{"not_picked":["Flame Barrier+1","Iron Wave+1","Sword Boomerang+1","Dropkick+1"],"picked":"SKIP","floor":41},{"not_picked":["Seeing Red+1","Rage","Anger+1"],"picked":"Clash+1","floor":42},{"not_picked":["Perfected Strike+1","Twin Strike+1","Headbutt+1","Thunderclap+1"],"picked":"SKIP","floor":46},{"not_picked":["Headbutt+1","Anger+1","True Grit"],"picked":"Dual Wield+1","floor":47},{"not_picked":["Sword Boomerang+1","Pummel+1","Disarm"],"picked":"Seeing Red+1","floor":48},{"not_picked":["Feed+1","Flex","Armaments","Warcry"],"picked":"Singing Bowl","floor":49}],"player_experience":85824,"relics_obtained":[{"floor":1.0,"key":"Pantograph"},{"floor":3.0,"key":"Centennial Puzzle"},{"floor":6.0,"key":"Eternal Feather"},{"floor":7.0,"key":"The Courier"},{"floor":9.0,"key":"Self Forming Clay"},{"floor":10.0,"key":"Matryoshka"},{"floor":11.0,"key":"War Paint"},{"floor":14,"key":"CaptainsWheel"},{"floor":18,"key":"CeramicFish"},{"floor":20,"key":"Lantern"},{"floor":23,"key":"Red Skull"},{"floor":24,"key":"Vajra"},{"floor":25,"key":"Toy Ornithopter"},{"floor":26,"key":"Blood Vial"},{"floor":26,"key":"Molten Egg 2"},{"floor":28,"key":"Omamori"},{"floor":29,"key":"Pen Nib"},{"floor":30,"key":"Boot"},{"floor":31,"key":"Bottled Tornado"},{"floor":35,"key":"Sundial"},{"floor":37,"key":"Letter Opener"},{"floor":38,"key":"Ancient Tea Set"},{"floor":39,"key":"PreservedInsect"},{"floor":41,"key":"Ginger"},{"floor":42,"key":"Regal Pillow"},{"floor":43,"key":"Strawberry"},{"floor":43,"key":"Bag of Marbles"},{"floor":46,"key":"Meat on the Bone"},{"floor":47,"key":"Singing Bowl"},{"floor":48,"key":"Du-Vu Doll"}],"event_choices":[{"damage_healed":0.0,"max_hp_gain":0.0,"max_hp_loss":0.0,"gold_gain":0.0,"event_name":"Upgrade Shrine","player_choice":"Upgraded","floor":2.0,"gold_loss":0.0,"damage_taken":0.0,"cards_upgraded":["Demon Form"]},{"damage_healed":0.0,"max_hp_gain":0.0,"max_hp_loss":0.0,"gold_gain":0.0,"event_name":"Scrap Ooze","player_choice":"Success","floor":4.0,"gold_loss":0.0,"damage_taken":3.0,"relics_obtained":["Anchor"]},{"cards_removed":["Wraith Form v2"],"damage_healed":3.0,"max_hp_gain":10.0,"max_hp_loss":0.0,"gold_gain":0.0,"event_name":"Bonfire Elementals","player_choice":"Offered Rare","floor":5.0,"gold_loss":0.0,"damage_taken":0.0},{"cards_removed":["Strike_R"],"damage_healed":0,"gold_gain":0,"player_choice":"Elegance","damage_taken":0,"max_hp_gain":0,"max_hp_loss":0,"event_name":"Back to Basics","floor":19,"gold_loss":0},{"damage_healed":0,"gold_gain":0,"player_choice":"Obtained Relic","damage_taken":0,"relics_obtained":["Bird Faced Urn"],"max_hp_gain":0,"max_hp_loss":0,"event_name":"Addict","floor":22,"gold_loss":85},{"damage_healed":0,"gold_gain":0,"player_choice":"Forge","damage_taken":0,"max_hp_gain":0,"max_hp_loss":0,"event_name":"Accursed Blacksmith","floor":45,"gold_loss":0,"cards_upgraded":["DevaForm"]}],"is_beta":false,"boss_relics":[{"not_picked":["Astrolabe","Cursed Key"],"picked":"Sozu"},{"not_picked":["Mark of Pain","Coffee Dripper"],"picked":"SlaversCollar"}],"items_purged_floors":[],"is_endless":false,"potions_floor_spawned":[3,10,14,25,28,29,30,35,37,41,48],"ascension_level":0}}