{"host":"dmdprxj8bosbz96f","time":1609941647,"event":{"mods":["AchievementEnabler","BaseMod","Colored Map","DeckTracker","Minty Spire (QoL Compilation)","Quick Restart","SuperFastMode","everything is the same but u backflip on backflip"],"gold_per_floor":[111,286,299,313,41,41,41,41,41,56,41,70,170,181,181,286,286,301,318,243,43,43,43,53,53,53,68,79,79,79,99,99,99,99],"floor_reached":33,"playtime":1229,"items_purged":["Defend_G"],"score":311,"play_id":"48dfe49b-1275-44d1-ae22-969e30bbd456","local_time":"20210106230047","is_ascension_mode":true,"campfire_choices":[{"data":"Backflip","floor":7.0,"key":"SMITH"},{"floor":15.0,"key":"REST"},{"data":"A Thousand Cuts","floor":23.0,"key":"SMITH"},{"data":"Catalyst","floor":25.0,"key":"SMITH"},{"floor":30.0,"key":"REST"},{"floor":32.0,"key":"REST"}],"circlet_count":0,"master_deck":["Strike_G","Strike_G","Strike_G","Strike_G","Strike_G+1","Defend_G","Defend_G","Defend_G","Survivor","Neutralize","Backflip+1","Doubt","Blur+1","Footwork","Prepared","Dagger Throw","Catalyst+1","Deadly Poison","Backflip","A Thousand Cuts+1","Deflect","Acrobatics+1","PiercingWail","Decay","Dodge and Roll+1","Crippling Poison+1","Doppelganger","Acrobatics"],"relics":["Ring of the Snake","NeowsBlessing","TheAbacus","Bronze Scales","Toy Ornithopter","Anchor","Philosopher\u0027s Stone","Snake Skull","Akabeko"],"acts_visited":["Exordium","TheCity"],"potions_floor_usage":[],"damage_taken":[{"damage":0.0,"enemies":"Small Slimes","floor":1.0,"turns":1.0},{"damage":0.0,"enemies":"2 Louse","floor":3.0,"turns":1.0},{"damage":0.0,"enemies":"Cultist","floor":4.0,"turns":1.0},{"damage":7.0,"enemies":"Blue Slaver","floor":10.0,"turns":5.0},{"damage":6.0,"enemies":"Exordium Thugs","floor":11.0,"turns":7.0},{"damage":16.0,"enemies":"3 Sentries","floor":12.0,"turns":13.0},{"damage":0.0,"enemies":"2 Fungi Beasts","floor":14.0,"turns":3.0},{"damage":28.0,"enemies":"Hexaghost","floor":16.0,"turns":11.0},{"damage":7.0,"enemies":"Spheric Guardian","floor":18.0,"turns":7.0},{"damage":2.0,"enemies":"3 Byrds","floor":19.0,"turns":5.0},{"damage":17.0,"enemies":"Snake Plant","floor":24.0,"turns":4.0},{"damage":0.0,"enemies":"Centurion and Healer","floor":27.0,"turns":5.0},{"damage":5.0,"enemies":"Cultist and Chosen","floor":28.0,"turns":5.0},{"damage":17.0,"enemies":"Snake Plant","floor":31.0,"turns":4.0},{"damage":54,"enemies":"Champ","floor":33,"turns":11}],"seed_played":"1737630346719648330","potions_obtained":[{"floor":4.0,"key":"Energy Potion"},{"floor":10.0,"key":"Weak Potion"},{"floor":12.0,"key":"SpeedPotion"},{"floor":16.0,"key":"FearPotion"},{"floor":18.0,"key":"AttackPotion"}],"is_trial":false,"path_per_floor":["M","?","M","M","$","?","R","?","T","M","M","E","?","M","R","B",null,"M","M","?","$","?","R","M","R","T","M","M","?","R","M","R","B"],"character_chosen":"THE_SILENT","items_purchased":["Prepared","TheAbacus","Snake Skull","PiercingWail"],"campfire_rested":3,"item_purchase_floors":[5,5,21,21],"current_hp_per_floor":[70,70,70,70,70,56,56,53,53,46,45,29,29,29,50,32,61,54,57,57,57,57,57,45,45,45,45,40,40,61,44,65,11,11],"gold":99,"neow_bonus":"THREE_ENEMY_KILL","is_daily":false,"chose_seed":false,"campfire_upgraded":3,"win_rate":0.0,"timestamp":1609941647,"path_taken":["M","?","M","M","$","?","R","?","T","M","M","E","?","M","R","BOSS","M","M","?","$","?","R","M","R","T","?","M","?","R","M","R","BOSS"],"items_purchased_type":["Card","Relic","Relic","Card"],"build_version":"2020-12-22","purchased_purges":1,"victory":false,"max_hp_per_floor":[70,70,70,70,70,70,70,70,70,70,70,70,70,70,70,70,70,70,70,70,70,70,70,70,70,70,70,70,70,70,70,70,70,70],"card_choices":[{"not_picked":["Dodge and Roll","Bane"],"picked":"Backflip","floor":1.0},{"not_picked":["Distraction","Blade Dance"],"picked":"Blur","floor":3.0},{"not_picked":["Expertise","Underhanded Strike"],"picked":"Footwork","floor":4.0},{"not_picked":["Riddle With Holes","Flying Knee"],"picked":"Dagger Throw","floor":10.0},{"not_picked":["Slice","Blade Dance"],"picked":"Catalyst","floor":11.0},{"not_picked":["Dash","Dagger Throw"],"picked":"Deadly Poison","floor":12.0},{"not_picked":["Outmaneuver","Leg Sweep"],"picked":"Backflip","floor":14.0},{"not_picked":["Burst","Phantasmal Killer"],"picked":"A Thousand Cuts","floor":16.0},{"not_picked":["Dodge and Roll","Flying Knee"],"picked":"Deflect","floor":18.0},{"not_picked":["Blade Dance+1","Noxious Fumes"],"picked":"Acrobatics+1","floor":19.0},{"not_picked":["Sucker Punch+1","Outmaneuver"],"picked":"Dodge and Roll+1","floor":24.0},{"not_picked":["Cloak And Dagger","Sucker Punch+1"],"picked":"Crippling Poison+1","floor":27.0},{"not_picked":["Flying Knee","Dash"],"picked":"Doppelganger","floor":28.0},{"not_picked":["Skewer+1","Bane"],"picked":"Acrobatics","floor":31.0}],"player_experience":169415,"relics_obtained":[{"floor":9.0,"key":"Toy Ornithopter"},{"floor":12.0,"key":"Anchor"},{"floor":26.0,"key":"Akabeko"}],"event_choices":[{"damage_healed":0.0,"max_hp_gain":0.0,"max_hp_loss":0.0,"gold_gain":175.0,"event_name":"Liars Game","player_choice":"AGREE","floor":2.0,"gold_loss":0.0,"damage_taken":0.0,"cards_obtained":["Doubt"]},{"damage_healed":0.0,"max_hp_gain":0.0,"max_hp_loss":0.0,"gold_gain":0.0,"event_name":"Shining Light","player_choice":"Entered Light","floor":6.0,"gold_loss":0.0,"damage_taken":14.0,"cards_upgraded":["Blur","Strike_G"]},{"damage_healed":0.0,"max_hp_gain":0.0,"max_hp_loss":0.0,"gold_gain":0.0,"event_name":"Scrap Ooze","player_choice":"Success","floor":8.0,"gold_loss":0.0,"damage_taken":3.0,"relics_obtained":["Bronze Scales"]},{"damage_healed":0.0,"max_hp_gain":0.0,"max_hp_loss":0.0,"gold_gain":100.0,"event_name":"Golden Shrine","player_choice":"Pray","floor":13.0,"gold_loss":0.0,"damage_taken":0.0},{"cards_removed":["Defend_G"],"damage_healed":0.0,"max_hp_gain":0.0,"max_hp_loss":0.0,"gold_gain":0.0,"event_name":"Beggar","player_choice":"Gave Gold","floor":20.0,"gold_loss":75.0,"damage_taken":0.0},{"damage_healed":0.0,"max_hp_gain":0.0,"max_hp_loss":0.0,"gold_gain":0.0,"event_name":"Forgotten Altar","player_choice":"Smashed Altar","floor":22.0,"gold_loss":0.0,"damage_taken":0.0,"cards_obtained":["Decay"]},{"damage_healed":0.0,"max_hp_gain":0.0,"max_hp_loss":0.0,"gold_gain":0.0,"event_name":"Ghosts","player_choice":"Ignored","floor":29.0,"gold_loss":0.0,"damage_taken":0.0}],"is_beta":false,"boss_relics":[{"not_picked":["Snecko Eye","Fusion Hammer"],"picked":"Philosopher\u0027s Stone"}],"items_purged_floors":[5],"is_endless":false,"potions_floor_spawned":[4,10,12,16,18],"killed_by":"Champ","ascension_level":5}}