{"host":"ueaobptuyu87ouwy","time":1609946717,"event":{"mods":["Aspiration","Bard","BaseMod","Better Altar","Better Match","Better Note","Better Sensory Stone","Better Skull","Better Third Choice","BetterRewards","CCEM","Colored Map","Conspire","Downfall","GifTheSpireLib","Googly Eyes","Halation","Hermit","Highlight Path","Hubris","Infinite Spire","Jedi Mod","Jorbs\u0027s Wanderer Trilogy","Marisa????????","Mimic Mod","Minty Spire (QoL Compilation)","Permanent Neow","Replay The Spire","StSLib","Stuff the Spire","The Runesmith","Unceasing Turn Reminder","everything is the same but u backflip on backflip","slay the spire mod where everything is the same but ironclad has a cowboy hat"],"gold_per_floor":[115,85,45,55,66,66,76,107,133,133,151,170,15,40,40,135,135,153,172,172,172,184,210,227,243,275,301,312,237,247,263,263,263,263],"floor_reached":33,"playtime":1812,"items_purged":["Defend_R"],"score":303,"play_id":"b2da240c-dc85-4253-a10b-ab2a6f5e5f74","local_time":"20210106232516","is_ascension_mode":false,"campfire_choices":[{"data":"Perfected Strike","floor":6,"key":"SMITH"},{"data":"Limit Break","floor":10,"key":"SMITH"},{"data":"Bash","floor":15,"key":"SMITH"},{"floor":32,"key":"REST"}],"circlet_count":0,"master_deck":["Strike_R","Strike_R","Strike_R+1","Strike_R+1","Strike_R","Defend_R","Defend_R","Defend_R","Bash+1","Perfected Strike+1","Iron Wave+1","Inflame+1","Sword Boomerang","Limit Break+1","True Grit","conspire:Charge+1","ReplayTheSpireMod:Stacked","hubris:ReadiedAction+1","Juggernaut","Armaments+1","Pain","Perfected Strike+1","Iron Wave","Infernal Blade+1","Bloodletting+1","Uppercut","Twin Strike","Blood for Blood"],"relics":["Burning Blood","Whetstone","Pen Nib","jedi:crownofsimplicity","Guide Book","Toxic Egg 2","Black Blood","hubris:Teleporter","WarpedTongs","infinitespire:PuzzleCube","Replay:Mystery Machine","jedi:HeartOfTheCards"],"acts_visited":["Exordium","TheCity"],"potions_floor_usage":[16,22,23,30],"damage_taken":[{"damage":5,"enemies":"Jaw Worm","floor":1,"turns":4},{"damage":0,"enemies":"Cultist","floor":4,"turns":3},{"damage":10,"enemies":"Small Slimes","floor":5,"turns":4},{"damage":19,"enemies":"Blue Slaver","floor":7,"turns":3},{"damage":13,"enemies":"Gremlin Nob","floor":8,"turns":4},{"damage":0,"enemies":"3 Louse","floor":11,"turns":3},{"damage":0,"enemies":"Large Slime","floor":12,"turns":3},{"damage":9,"enemies":"3 Sentries","floor":14,"turns":6},{"damage":1,"enemies":"Hexaghost","floor":16,"turns":6},{"damage":23,"enemies":"Shell Parasite","floor":18,"turns":3},{"damage":0,"enemies":"Chosen","floor":19,"turns":4},{"damage":26,"enemies":"Centurion and Healer","floor":22,"turns":7},{"damage":51,"enemies":"Slavers","floor":23,"turns":7},{"damage":5,"enemies":"Snake Plant","floor":24,"turns":4},{"damage":8,"enemies":"3 Cultists","floor":25,"turns":4},{"damage":8,"enemies":"Cultist and Chosen","floor":26,"turns":6},{"damage":18,"enemies":"conspire:Head Lice","floor":27,"turns":4},{"damage":33,"enemies":"Cultist and Chosen","floor":28,"turns":5},{"damage":15,"enemies":"Centurion and Healer","floor":30,"turns":4},{"damage":23,"enemies":"Shelled Parasite and Fungi","floor":31,"turns":5},{"damage":69,"enemies":"hubris:MusketHawk","floor":33,"turns":6}],"seed_played":"-4698653185237636000","potions_obtained":[{"floor":2,"key":"FearPotion"},{"floor":2,"key":"Milkshake"},{"floor":4,"key":"CultistPotion"},{"floor":11,"key":"SkillPotion"},{"floor":24,"key":"BloodPotion"},{"floor":25,"key":"Reflective Coating"},{"floor":27,"key":"jedi:StrikingPotion"},{"floor":31,"key":"Guardian:BlockOnCardUsePotion"}],"is_trial":false,"path_per_floor":["M","?","$","M","M","R","M","E","T","R","M","M","$","E","R","B",null,"M","M","AVR","?","M","E","M","M","MIM","E","M","?","M","M","R","B"],"character_chosen":"IRONCLAD","items_purchased":["Iron Wave+1","Guide Book"],"campfire_rested":1,"item_purchase_floors":[3,13],"current_hp_per_floor":[80,80,80,80,76,76,63,56,56,56,62,68,68,65,65,70,80,63,69,69,69,61,28,41,51,61,61,46,46,49,44,68,0,0],"gold":263,"neow_bonus":"RANDOM_COMMON_RELIC","is_daily":false,"chose_seed":false,"campfire_upgraded":3,"win_rate":0.0,"timestamp":1609946716,"path_taken":["M","?","$","?","M","R","?","E","T","R","M","M","?","E","R","BOSS","M","M","AVR","?","M","E","M","M","MIM","E","?","?","M","M","R","BOSS"],"items_purchased_type":["Card","Relic"],"build_version":"2020-12-13","purchased_purges":1,"victory":false,"max_hp_per_floor":[80,80,80,80,80,80,80,80,80,80,80,80,80,80,80,80,80,80,80,80,80,80,80,80,80,80,80,80,80,80,80,80,80,80],"card_choices":[{"not_picked":["Massacre","Thunderclap"],"picked":"Perfected Strike","floor":1},{"not_picked":["Iron Wave","Replay:Undeath\u0027s Touch"],"picked":"Inflame","floor":4},{"not_picked":["Replay:Undeath\u0027s Touch","Shrug It Off"],"picked":"Sword Boomerang","floor":5},{"not_picked":["Shrug It Off","Headbutt"],"picked":"Limit Break","floor":7},{"not_picked":["Headbutt","Clash"],"picked":"True Grit","floor":8},{"not_picked":["Run Through","StuffTheSpire:Resist"],"picked":"conspire:Charge","floor":11},{"not_picked":["StuffTheSpire:Resist","Immolate"],"picked":"ReplayTheSpireMod:Stacked","floor":12},{"not_picked":["ReplayTheSpireMod:Strike From Hell","Twin Strike"],"picked":"hubris:ReadiedAction+1","floor":14},{"not_picked":["Replay:Many Hands+1","Demon Form"],"picked":"Juggernaut","floor":16},{"not_picked":["jedi:MakeshiftSword","Flex+1","StuffTheSpire:RockThrow+1"],"picked":"SKIP","floor":18},{"not_picked":["Rupture","Thunderclap+1"],"picked":"Armaments+1","floor":19},{"not_picked":["Body Slam+1","Juggernaut","Replay:Undeath\u0027s Touch+1"],"picked":"SKIP","floor":22},{"not_picked":["Clash+1","StuffTheSpire:Slingshot+1"],"picked":"Perfected Strike+1","floor":23},{"not_picked":["Body Slam","Disarm+1"],"picked":"Iron Wave","floor":24},{"not_picked":["Perfected Strike","Combust"],"picked":"Infernal Blade+1","floor":25},{"not_picked":["Burning Pact+1","StuffTheSpire:Pyroclast"],"picked":"Bloodletting+1","floor":26},{"not_picked":["Shrug It Off+1","Ghostly Armor+1"],"picked":"Uppercut","floor":27},{"not_picked":["Run Through","Pommel Strike"],"picked":"Twin Strike","floor":28},{"not_picked":["Run Through","Warcry+1","Reckless Charge"],"picked":"SKIP","floor":30},{"not_picked":["Dropkick","Headbutt+1"],"picked":"Blood for Blood","floor":31}],"player_experience":41867,"relics_obtained":[{"floor":8,"key":"Pen Nib"},{"floor":9,"key":"jedi:crownofsimplicity"},{"floor":14,"key":"Toxic Egg 2"},{"floor":23,"key":"infinitespire:PuzzleCube"},{"floor":27,"key":"Replay:Mystery Machine"}],"event_choices":[{"damage_healed":0,"gold_gain":0,"player_choice":"Bought 2 Potions","damage_taken":0,"max_hp_gain":0,"max_hp_loss":0,"event_name":"The Woman in Blue","floor":2,"gold_loss":0},{"damage_healed":0,"gold_gain":0,"player_choice":"Rummage","damage_taken":0,"relics_obtained":["WarpedTongs"],"max_hp_gain":0,"max_hp_loss":0,"event_name":"Accursed Blacksmith","floor":21,"gold_loss":0,"cards_obtained":["Pain"]},{"damage_healed":0,"gold_gain":0,"player_choice":"Paid Gold","damage_taken":0,"relics_obtained":["jedi:HeartOfTheCards"],"max_hp_gain":0,"max_hp_loss":0,"event_name":"WeMeetAgain","floor":29,"gold_loss":75}],"is_beta":false,"boss_relics":[{"not_picked":["Snecko Eye","hubris:BlackHole","halation:PinkAlligatorPlush"]}],"items_purged_floors":[20],"is_endless":false,"potions_floor_spawned":[4,7,11,12,14,24,25,27,31],"killed_by":"hubris:MusketHawk","ascension_level":0}}