{"host":"u7lm8z2rvb4dg2oo","time":1609912862,"event":{"mods":["AchievementEnabler","BaseMod","Colored Map","Colored Powertips","Curses Come First","Googly Eyes","Highlight Path","Minty Spire (QoL Compilation)","Quick Restart","StSLib"],"gold_per_floor":[411,89,101,113,113,141,141,4,75,86,114,125,125,125,125,220,220,232,232,232,48,48,75,86,86,86,102,129,129,154,170,170,271,271,286,302,67,79,133,133,162,176,224,243,43,55,55,72,72,72],"floor_reached":51,"playtime":3406,"items_purged":["Shame","Strike_P"],"score":1426,"play_id":"47b3cb91-d967-4e87-840e-99f034f629b0","local_time":"20210106010102","is_ascension_mode":true,"campfire_choices":[{"floor":7,"key":"REST"},{"floor":13,"key":"REST"},{"floor":15,"key":"REST"},{"floor":25,"key":"DIG"},{"floor":29,"key":"DIG"},{"floor":32,"key":"DIG"},{"floor":40,"key":"DIG"},{"floor":47,"key":"DIG"},{"floor":49,"key":"DIG"}],"circlet_count":0,"master_deck":["Eruption+1","Vigilance+1","Tantrum+1","BattleHymn+1","Consecrate+1","Scrawl+1","LessonLearned+1","Wallop+1","Prostrate","CutThroughFate+1","Bite+1","Bite+1","Bite+1","Bite+1","Bite+1","TalkToTheHand+1","Consecrate+1","TalkToTheHand+1","FearNoEvil+1","Brilliance+1","Ragnarok+1","DeusExMachina+1","MasterReality+1","Adaptation+1","Wallop+1","The Bomb","Indignation+1"],"relics":["PureWater","Old Coin","Molten Egg 2","Bronze Scales","StrikeDummy","Omamori","Calling Bell","Strawberry","TeardropLocket","Shovel","Bag of Marbles","Dead Branch","White Beast Statue","Eternal Feather","Gremlin Horn","Frozen Egg 2","Potion Belt","Bottled Flame","Peace Pipe","Astrolabe","Akabeko","Thread and Needle","Ornamental Fan","Question Card","Bag of Preparation","HornCleat","Incense Burner"],"acts_visited":["Exordium","TheCity","TheBeyond"],"potions_floor_usage":[11,16,23,28,28,30,30,33,33,36,50,50,50],"damage_taken":[{"damage":1,"enemies":"Cultist","floor":1,"turns":4},{"damage":0,"enemies":"2 Louse","floor":3,"turns":2},{"damage":0,"enemies":"Jaw Worm","floor":4,"turns":3},{"damage":35,"enemies":"Gremlin Nob","floor":6,"turns":5},{"damage":0,"enemies":"2 Fungi Beasts","floor":10,"turns":1},{"damage":16,"enemies":"Lagavulin","floor":11,"turns":5},{"damage":12,"enemies":"Exordium Thugs","floor":12,"turns":2},{"damage":0,"enemies":"Slime Boss","floor":16,"turns":5},{"damage":0,"enemies":"2 Thieves","floor":18,"turns":2},{"damage":0,"enemies":"Book of Stabbing","floor":23,"turns":3},{"damage":7,"enemies":"3 Byrds","floor":24,"turns":3},{"damage":4,"enemies":"Shelled Parasite and Fungi","floor":27,"turns":3},{"damage":0,"enemies":"Slavers","floor":28,"turns":1},{"damage":0,"enemies":"Book of Stabbing","floor":30,"turns":3},{"damage":15,"enemies":"Snake Plant","floor":31,"turns":4},{"damage":48,"enemies":"Automaton","floor":33,"turns":7},{"damage":2,"enemies":"3 Shapes","floor":35,"turns":2},{"damage":6,"enemies":"3 Darklings","floor":36,"turns":3},{"damage":7,"enemies":"Spire Growth","floor":38,"turns":4},{"damage":0,"enemies":"2 Orb Walkers","floor":39,"turns":1},{"damage":0,"enemies":"Giant Head","floor":41,"turns":7},{"damage":0,"enemies":"Sphere and 2 Shapes","floor":42,"turns":3},{"damage":6,"enemies":"Transient","floor":44,"turns":5},{"damage":0,"enemies":"Spire Growth","floor":46,"turns":3},{"damage":0,"enemies":"3 Darklings","floor":48,"turns":2},{"damage":0,"enemies":"Donu and Deca","floor":50,"turns":4}],"seed_played":"863939338874014011","potions_obtained":[{"floor":6,"key":"DuplicationPotion"},{"floor":10,"key":"Block Potion"},{"floor":11,"key":"SkillPotion"},{"floor":12,"key":"Fire Potion"},{"floor":24,"key":"Weak Potion"},{"floor":27,"key":"BlessingOfTheForge"},{"floor":28,"key":"AttackPotion"},{"floor":30,"key":"Ancient Potion"},{"floor":31,"key":"Weak Potion"},{"floor":33,"key":"SmokeBomb"},{"floor":35,"key":"SkillPotion"},{"floor":36,"key":"FearPotion"},{"floor":38,"key":"ColorlessPotion"},{"floor":39,"key":"FearPotion"},{"floor":42,"key":"Energy Potion"},{"floor":48,"key":"Energy Potion"}],"is_trial":false,"path_per_floor":["M","$","M","M","?","E","R","$","T","M","E","M","R","?","R","B",null,"M","?","?","$","?","E","M","R","T","M","E","R","E","M","R","B",null,"M","M","$","M","?","R","E","M","T","M","$","M","R","M","R","B",null],"character_chosen":"WATCHER","items_purchased":["Molten Egg 2","Wallop+1","Bag of Marbles","TalkToTheHand+1","Akabeko","LiquidMemories","The Bomb","Indignation"],"campfire_rested":3,"item_purchase_floors":[2,8,21,21,37,37,45,45],"current_hp_per_floor":[64,64,64,64,64,29,50,50,50,50,34,22,43,43,64,64,77,77,55,55,55,55,55,51,51,51,53,55,55,55,46,55,28,48,49,55,55,48,48,55,55,55,55,49,49,55,55,55,55,55],"gold":72,"neow_bonus":"ONE_RARE_RELIC","is_daily":false,"chose_seed":false,"campfire_upgraded":0,"win_rate":0.0,"timestamp":1609912862,"path_taken":["M","$","M","M","?","E","R","?","T","M","E","M","R","?","R","BOSS","M","?","?","$","?","E","M","R","T","M","E","R","E","?","R","BOSS","M","M","$","M","?","R","E","M","T","M","$","M","R","M","R","BOSS"],"items_purchased_type":["Relic","Card","Relic","Card","Relic","Potion","Card","Card"],"build_version":"2020-12-22","purchased_purges":2,"victory":true,"max_hp_per_floor":[72,72,72,72,72,72,72,72,72,72,72,72,72,72,72,72,79,79,55,55,55,55,55,55,55,55,55,55,55,55,55,55,55,55,55,55,55,55,55,55,55,55,55,55,55,55,55,55,55,55],"card_choices":[{"not_picked":["Indignation","Worship"],"picked":"Tantrum","floor":1},{"not_picked":["ClearTheMind","SashWhip+1"],"picked":"BattleHymn","floor":3},{"not_picked":["Prostrate","BowlingBash+1"],"picked":"Consecrate+1","floor":4},{"not_picked":["WindmillStrike+1","MentalFortress"],"picked":"LessonLearned+1","floor":6},{"not_picked":["ThirdEye","PathToVictory","Crescendo"],"picked":"SKIP","floor":10},{"not_picked":["JustLucky+1","Evaluate"],"picked":"Prostrate","floor":11},{"not_picked":["ClearTheMind","BowlingBash+1"],"picked":"CutThroughFate+1","floor":12},{"not_picked":["ConjureBlade","Scrawl"],"picked":"Devotion","floor":16},{"not_picked":["Pray","ClearTheMind","EmptyFist+1"],"picked":"SKIP","floor":18},{"not_picked":["Collect","Evaluate+1","CutThroughFate+1"],"picked":"SKIP","floor":23},{"not_picked":["ThirdEye","CrushJoints+1"],"picked":"Consecrate+1","floor":24},{"not_picked":["SashWhip+1","Nirvana"],"picked":"TalkToTheHand+1","floor":27},{"not_picked":["Devotion+1","Collect","WreathOfFlame+1"],"picked":"SKIP","floor":28},{"not_picked":["Swivel","Wallop+1"],"picked":"FearNoEvil+1","floor":30},{"not_picked":["Nirvana+1","LikeWater+1","FlyingSleeves+1"],"picked":"SKIP","floor":31},{"not_picked":["Alpha","Omniscience"],"picked":"Brilliance+1","floor":33},{"not_picked":["Protect+1","FlurryOfBlows+1","Prostrate"],"picked":"SKIP","floor":35},{"not_picked":["Halt","FearNoEvil+1","SandsOfTime+1"],"picked":"SKIP","floor":36},{"not_picked":["BowlingBash+1","Weave+1","Wireheading+1"],"picked":"SKIP","floor":38},{"not_picked":["BowlingBash+1","SashWhip+1"],"picked":"Adaptation+1","floor":39},{"not_picked":["CutThroughFate+1","InnerPeace+1"],"picked":"Wallop+1","floor":41},{"not_picked":["FollowUp+1","EmptyFist+1","WreathOfFlame+1","Crescendo+1"],"picked":"SKIP","floor":42},{"not_picked":["Wallop+1","Tantrum+1","Consecrate+1","BowlingBash+1"],"picked":"SKIP","floor":44},{"not_picked":["Protect","Pray+1","Evaluate","FlyingSleeves+1"],"picked":"SKIP","floor":46},{"not_picked":["WreathOfFlame","Fasting2+1","EmptyMind","FollowUp+1"],"picked":"SKIP","floor":48}],"player_experience":1090316,"relics_obtained":[{"floor":6,"key":"Bronze Scales"},{"floor":9,"key":"StrikeDummy"},{"floor":11,"key":"Omamori"},{"floor":17,"key":"Strawberry"},{"floor":17,"key":"TeardropLocket"},{"floor":17,"key":"Shovel"},{"floor":23,"key":"White Beast Statue"},{"floor":25,"key":"Eternal Feather"},{"floor":26,"key":"Gremlin Horn"},{"floor":28,"key":"Frozen Egg 2"},{"floor":29,"key":"Potion Belt"},{"floor":30,"key":"Bottled Flame"},{"floor":32,"key":"Peace Pipe"},{"floor":39,"key":"Thread and Needle"},{"floor":40,"key":"Ornamental Fan"},{"floor":41,"key":"Question Card"},{"floor":43,"key":"Bag of Preparation"},{"floor":47,"key":"HornCleat"},{"floor":49,"key":"Incense Burner"}],"event_choices":[{"damage_healed":0,"gold_gain":0,"cards_transformed":["Strike_P"],"player_choice":"Transformed","damage_taken":0,"max_hp_gain":0,"max_hp_loss":0,"event_name":"Transmorgrifier","floor":5,"gold_loss":0,"cards_obtained":["Scrawl"]},{"damage_healed":0,"gold_gain":0,"player_choice":"Upgraded","damage_taken":0,"max_hp_gain":0,"max_hp_loss":0,"event_name":"Upgrade Shrine","floor":14,"gold_loss":0,"cards_upgraded":["Scrawl"]},{"damage_healed":0,"gold_gain":0,"player_choice":"Became a vampire","damage_taken":0,"max_hp_gain":0,"max_hp_loss":24,"event_name":"Vampires","floor":19,"gold_loss":0,"cards_obtained":["Bite","Bite","Bite","Bite","Bite"]},{"cards_removed":["Defend_P"],"damage_healed":0,"gold_gain":0,"player_choice":"Elegance","damage_taken":0,"max_hp_gain":0,"max_hp_loss":0,"event_name":"Back to Basics","floor":20,"gold_loss":0},{"cards_removed":["Devotion"],"damage_healed":0,"gold_gain":0,"player_choice":"Gave Card","damage_taken":0,"relics_obtained":["Dead Branch"],"max_hp_gain":0,"max_hp_loss":0,"event_name":"WeMeetAgain","floor":22,"gold_loss":0},{"damage_healed":0,"gold_gain":0,"player_choice":"Fight","damage_taken":0,"max_hp_gain":0,"max_hp_loss":0,"event_name":"Mysterious Sphere","floor":39,"gold_loss":0}],"is_beta":false,"boss_relics":[{"not_picked":["HolyWater","SlaversCollar"],"picked":"Calling Bell"},{"not_picked":["Sozu","Snecko Eye"],"picked":"Astrolabe"}],"items_purged_floors":[2,8],"is_endless":false,"potions_floor_spawned":[6,10,11,12,24,27,28,30,31,33,35,36,38,39,41,42,44,46,48],"ascension_level":9}}