{"host":"zx10cf1fsoa3eqiy","time":1609912847,"event":{"mods":["BaseMod","Colored Powertips","Downfall","Highlight Path","Minty Spire (QoL Compilation)","Quick Restart","Replay The Spire","Shop Mod","StSLib","Td1madao Mod","The Servant 0.9.4","Yuri Mod"],"gold_per_floor":[110,127,127,139,151,192,204,241,253,296,308,348,372,384,396,508,520,546,558,570,150,165,165,179,191,191,202,202,127,127,156,156,256,256,276,286,306,306,322,351,351,378,378,4,4,23,23,40,40,40,40,40,15,49,49,49],"floor_reached":55,"playtime":3643,"items_purged":["Hallucinations","ReplayTheSpireMod:Restless Dread"],"score":1045,"play_id":"8c390565-b2c4-4e40-9656-312550390a23","local_time":"20210106140047","is_ascension_mode":true,"campfire_choices":[{"floor":15.0,"key":"REST"},{"floor":23.0,"key":"REST"},{"floor":32.0,"key":"REST"},{"floor":45,"key":"REST"},{"floor":49,"key":"RECALL"},{"data":"Aggregate","floor":52,"key":"SMITH"}],"circlet_count":0,"master_deck":["Strike_B+1","Defend_B+1","Defend_B+1","Defend_B+1","Zap","Dualcast","Double Energy","Aggregate+1","Core Surge+1","Leap","Tempest","Redo","Echo Form","Leap","Dark Shackles","Sweeping Beam+1","Melter","Hallucinations","Storm","Capacitor+1","Electrodynamics","Sunder+1","Storm","Echo Form","Barrage+1","Defragment","Consume","Leap","Streamline+1","Buffer+1","ReplayTheSpireMod:Calculation Training"],"relics":["Cracked Core","NeowsBlessing","PreservedInsect","Replay:Bottled Steam","Divine Protection","Replay:Towering Pillar of Hats","ChewingGum","Cursed Key","Inserter","MerchantsRug","Cables","Pondfish Scales","Nuclear Battery","Guardian:GemstoneGun","Toy Ornithopter","Oddly Smooth Stone","Frozen Egg 2","Bottled Lightning","Calipers"],"acts_visited":["Exordium","TheCity","TheBeyond","TheEnding"],"potions_floor_usage":[39,50,50,50,50,50,55],"damage_taken":[{"damage":0.0,"enemies":"Cultist","floor":1.0,"turns":1.0},{"damage":0.0,"enemies":"Small Slimes","floor":2.0,"turns":1.0},{"damage":0.0,"enemies":"Gremlin Nob","floor":6.0,"turns":1.0},{"damage":21.0,"enemies":"3 Sentries","floor":8.0,"turns":6.0},{"damage":1.0,"enemies":"Gremlin Nob","floor":10.0,"turns":3.0},{"damage":22.0,"enemies":"Lagavulin","floor":12.0,"turns":4.0},{"damage":0.0,"enemies":"2 Louse","floor":13.0,"turns":1.0},{"damage":65.0,"enemies":"Fading Forest","floor":16.0,"turns":11.0},{"damage":9.0,"enemies":"Spheric Guardian","floor":18.0,"turns":4.0},{"damage":1.0,"enemies":"Shell Parasite","floor":22.0,"turns":5.0},{"damage":0.0,"enemies":"Cultist and Chosen","floor":24.0,"turns":6.0},{"damage":10.0,"enemies":"Snake Plant","floor":25.0,"turns":4.0},{"damage":5.0,"enemies":"Centurion and Healer","floor":27.0,"turns":8.0},{"damage":28.0,"enemies":"Gremlin Leader","floor":31.0,"turns":4.0},{"damage":32.0,"enemies":"Automaton","floor":33.0,"turns":9.0},{"damage":0.0,"enemies":"3 Shapes","floor":35.0,"turns":4.0},{"damage":2.0,"enemies":"3 Darklings","floor":36.0,"turns":5.0},{"damage":18,"enemies":"Jaw Worm Horde","floor":39,"turns":4},{"damage":0,"enemies":"R_Hoarder","floor":40,"turns":5},{"damage":0,"enemies":"Giant Head","floor":42,"turns":4},{"damage":0,"enemies":"Transient","floor":46,"turns":5},{"damage":0,"enemies":"Sphere and 2 Shapes","floor":48,"turns":3},{"damage":74,"enemies":"Awakened One","floor":50,"turns":9},{"damage":20,"enemies":"Shield and Spear","floor":54,"turns":4},{"damage":53,"enemies":"The Heart","floor":55,"turns":5}],"seed_played":"8692168210115968952","potions_obtained":[{"floor":6.0,"key":"EssenceOfSteel"},{"floor":8.0,"key":"LiquidBronze"},{"floor":13.0,"key":"Block Potion"},{"floor":25.0,"key":"Energy Potion"},{"floor":27.0,"key":"DuplicationPotion"},{"floor":31.0,"key":"Block Potion"},{"floor":36.0,"key":"Fire Potion"},{"floor":42,"key":"BlessingOfTheForge"},{"floor":47,"key":"Milkshake"},{"floor":47,"key":"Guardian:BlockOnCardUsePotion"},{"floor":47,"key":"champ:CounterPotion"},{"floor":48,"key":"GamblersBrew"},{"floor":54,"key":"Strength Potion"}],"is_trial":false,"path_per_floor":["M","M","T","?","?","E","$","E","T","E","$","E","M","?","R","B",null,"M","T","?","$","M","R","M","M","T","M","?","?","?","E","R","B",null,"M","M","?","?","M","E","?","E","T","$","R","M","?","M","R","B",null,"R","$","E","B"],"character_chosen":"DEFECT","items_purchased":["MerchantsRug","Cables","Leap","Dark Shackles","Consume","Bottled Lightning","Buffer+1"],"campfire_rested":4,"item_purchase_floors":[21,21,21,21,44,44,53],"current_hp_per_floor":[75,75,75,75,75,75,75,61,61,60,60,38,38,38,62,15,65,56,56,40,40,39,65,65,55,55,50,50,50,50,22,48,16,69,69,67,46,46,28,28,28,28,28,28,54,54,54,54,54,5,67,67,67,47,0,0],"gold":49,"neow_bonus":"THREE_ENEMY_KILL","is_daily":false,"chose_seed":false,"campfire_upgraded":1,"win_rate":0.0,"timestamp":1609912847,"path_taken":["M","M","?","?","?","E","$","E","T","E","$","E","?","?","R","BOSS","M","?","?","$","M","R","M","M","T","M","?","?","?","E","R","BOSS","M","M","?","?","?","E","?","E","T","?","R","M","?","?","R","BOSS","R","$","E","BOSS"],"items_purchased_type":["Relic","Relic","Card","Card","Card","Relic","Card"],"build_version":"2020-12-22","purchased_purges":2,"victory":false,"max_hp_per_floor":[75,75,75,75,75,75,75,82,82,82,82,82,82,82,82,82,82,82,82,87,87,87,87,87,87,87,87,87,87,87,87,87,87,87,87,87,87,87,87,87,87,87,87,87,87,87,87,87,87,87,87,87,87,87,87,87],"card_choices":[{"not_picked":["Gash","Coolheaded"],"picked":"Double Energy","floor":1.0},{"not_picked":["Fusion","Coolheaded"],"picked":"Aggregate","floor":2.0},{"not_picked":["Compile Driver","Force Field"],"picked":"Leap","floor":6.0},{"not_picked":["BasicCrystalCard","Steam"],"picked":"Tempest","floor":8.0},{"not_picked":["Gash","Chaos","ReplayTheSpireMod:Reroute Power"],"picked":"SKIP","floor":10.0},{"not_picked":["Rainbow","Thunder Strike"],"picked":"Redo","floor":12.0},{"not_picked":["Coolheaded","ReplaySort","Cold Snap"],"picked":"SKIP","floor":13.0},{"not_picked":["Thunder Strike","Meteor Strike"],"picked":"Echo Form","floor":16.0},{"not_picked":["Reprogram","Turbo","Gash+1"],"picked":"SKIP","floor":18.0},{"not_picked":["ReplaySort","Rip and Tear","Blizzard"],"picked":"SKIP","floor":22.0},{"not_picked":["Gash","Darkness"],"picked":"Sweeping Beam+1","floor":24.0},{"not_picked":["Meteor Strike","Gash"],"picked":"Melter","floor":25.0},{"not_picked":["Turbo","Stack"],"picked":"Storm","floor":27.0},{"not_picked":["Static Discharge","Sweeping Beam"],"picked":"Capacitor+1","floor":31.0},{"not_picked":["Fission","Creative AI"],"picked":"Electrodynamics","floor":33.0},{"not_picked":["ReplaySort","Beam Cell","BasicCrystalCard+1"],"picked":"SKIP","floor":35.0},{"not_picked":["Go for the Eyes","Melter"],"picked":"Sunder+1","floor":36.0},{"not_picked":["Turbo","Static Discharge+1"],"picked":"Storm","floor":37},{"not_picked":["Rebound+1","Beam Cell"],"picked":"Barrage+1","floor":39},{"not_picked":["Rip and Tear","Cold Snap"],"picked":"Defragment","floor":40},{"not_picked":["Hello World+1","Turbo","Meteor Strike"],"picked":"SKIP","floor":42},{"not_picked":["Rip and Tear","Stack"],"picked":"Leap","floor":46},{"not_picked":["Turbo","ReplayTheSpireMod:System Scan"],"picked":"Streamline+1","floor":48},{"not_picked":["Beam Cell","Coolheaded"],"picked":"ReplayTheSpireMod:Calculation Training","floor":54}],"player_experience":276019,"relics_obtained":[{"floor":3.0,"key":"MawBank"},{"floor":6.0,"key":"PreservedInsect"},{"floor":8.0,"key":"Strawberry"},{"floor":9.0,"key":"Replay:Bottled Steam"},{"floor":10.0,"key":"Divine Protection"},{"floor":12.0,"key":"Replay:Towering Pillar of Hats"},{"floor":26.0,"key":"Pondfish Scales"},{"floor":31.0,"key":"Potion Belt"},{"floor":37,"key":"Guardian:GemstoneGun"},{"floor":40,"key":"Toy Ornithopter"},{"floor":42,"key":"Oddly Smooth Stone"},{"floor":43,"key":"Frozen Egg 2"},{"floor":54,"key":"Calipers"}],"event_choices":[{"damage_healed":0.0,"max_hp_gain":0.0,"max_hp_loss":0.0,"gold_gain":0.0,"event_name":"The Woman in Blue","player_choice":"Bought 0 Potions","floor":5.0,"gold_loss":0.0,"damage_taken":0.0},{"cards_removed":["Strike_B"],"damage_healed":0.0,"max_hp_gain":0.0,"max_hp_loss":0.0,"gold_gain":0.0,"event_name":"Wheel of Change","player_choice":"Card Removal","floor":14.0,"gold_loss":0.0,"damage_taken":0.0},{"damage_healed":0.0,"max_hp_gain":5.0,"max_hp_loss":0.0,"gold_gain":0.0,"event_name":"Forgotten Altar","player_choice":"Shed Blood","floor":20.0,"gold_loss":0.0,"damage_taken":21.0},{"cards_removed":["Strike_B"],"damage_healed":0.0,"max_hp_gain":0.0,"max_hp_loss":0.0,"gold_gain":0.0,"event_name":"Beggar","player_choice":"Gave Gold","floor":29.0,"gold_loss":75.0,"damage_taken":0.0},{"damage_healed":0.0,"max_hp_gain":0.0,"max_hp_loss":0.0,"gold_gain":0.0,"event_name":"Back to Basics","player_choice":"Simplicity","floor":30.0,"gold_loss":0.0,"damage_taken":0.0,"cards_upgraded":["Strike_B","Strike_B","Defend_B","Defend_B","Defend_B"]},{"damage_healed":0,"gold_gain":0,"player_choice":"Copied","damage_taken":0,"max_hp_gain":0,"max_hp_loss":0,"event_name":"Duplicator","floor":38,"gold_loss":0,"cards_obtained":["Echo Form"]},{"cards_removed":["Strike_B"],"damage_healed":0,"gold_gain":0,"player_choice":"Removed Attack","damage_taken":0,"max_hp_gain":0,"max_hp_loss":0,"event_name":"Falling","floor":41,"gold_loss":0},{"damage_healed":0,"gold_gain":0,"player_choice":"Got Potions","damage_taken":0,"max_hp_gain":0,"max_hp_loss":0,"event_name":"Lab","floor":47,"gold_loss":0}],"is_beta":false,"boss_relics":[{"not_picked":["Busted Crown","SlaversCollar"],"picked":"Replay:Grab Bag"},{"not_picked":["Velvet Choker","Sozu"],"picked":"ChewingGum"},{"not_picked":["Runic Dome","Coffee Dripper"],"picked":"Cursed Key"},{"not_picked":["SacredBark","Ring of Chaos"],"picked":"Inserter"},{"not_picked":["Pandora\u0027s Box","Tiny House"],"picked":"Nuclear Battery"}],"items_purged_floors":[21,44],"is_endless":false,"potions_floor_spawned":[6,8,13,25,27,31,36,42,48,54],"killed_by":"The Heart","ascension_level":5}}