{"host":"fdmexzkyss3ff9bv","time":1609966367,"event":{"mods":["BaseMod","Beaked The Cultist","BetterRewards","Downfall","Glutton Mod","Halation","Hubris","Infinite Spire","Minty Spire (QoL Compilation)","Replay The Spire","StSLib","The Animator","The Blackbeard","The Bug Knight","The Construct","The Mystic","The Servant 0.9.4","The Witch"],"gold_per_floor":[112,150,53,65,27,31,31],"floor_reached":6,"playtime":442,"items_purged":[],"score":34,"play_id":"c979ba61-2f97-4f59-a212-ac067ef197af","local_time":"20210106215247","is_ascension_mode":false,"campfire_choices":[],"circlet_count":0,"master_deck":["Strike_B","Strike_B","Strike_B","Strike_B","Defend_B","Defend_B","Defend_B","Defend_B","Zap","Dualcast","FIFO Queue","Tempest","Steam Power","FIFO Queue","Redo","ReplayTheSpireMod:Splinters","Rebound","Sunder","expansioncontent:PolyBeam","ReplaySolidLightProjector","Aggregate"],"relics":["Cracked Core","Solar Panel","infinitespire:CursedDice","infinitespire:Midas Blood"],"acts_visited":["Exordium"],"potions_floor_usage":[],"damage_taken":[{"damage":13,"enemies":"Jaw Worm","floor":1,"turns":5},{"damage":2,"enemies":"Small Slimes","floor":4,"turns":3},{"damage":31,"enemies":"Lagavulin","floor":6,"turns":5}],"seed_played":"-1552942295337435172","potions_obtained":[{"floor":1,"key":"FearPotion"}],"is_trial":false,"path_per_floor":["M","?","$","M","$","E"],"character_chosen":"DEFECT","items_purchased":["Solar Panel","FIFO Queue","Tempest","Steam Power","FIFO Queue","expansioncontent:PolyBeam","Aggregate"],"campfire_rested":0,"item_purchase_floors":[0,0,0,0,0,3,5],"current_hp_per_floor":[35,35,35,39,39,8,8],"gold":31,"neow_bonus":"","is_daily":false,"chose_seed":false,"campfire_upgraded":0,"win_rate":0.0,"timestamp":1609966367,"path_taken":["M","?","$","M","$","E"],"items_purchased_type":["Relic","Card","Card","Card","Card","Card","Card"],"build_version":"2020-12-13","purchased_purges":0,"victory":false,"max_hp_per_floor":[75,75,75,75,75,75,75],"card_choices":[{"not_picked":["Fusion","Rip and Tear"],"picked":"Redo","floor":1},{"not_picked":["BasicCrystalCard","Conserve Battery"],"picked":"Rebound","floor":2},{"not_picked":["Rebound","Chaos"],"picked":"Sunder","floor":2},{"not_picked":["Beam Cell","Redo"],"picked":"ReplaySolidLightProjector","floor":4}],"player_experience":87900,"relics_obtained":[{"floor":2,"key":"infinitespire:Midas Blood"}],"event_choices":[],"is_beta":false,"boss_relics":[],"items_purged_floors":[],"is_endless":false,"potions_floor_spawned":[1],"killed_by":"Lagavulin","ascension_level":0}}