{"host":"4vq2xwkpdrxril92","time":1609913094,"event":{"mods":["BaseMod","Better Third Choice","Card Forge","Custom Start","Dota2Spire","Energized Spire","Fireblade Mod","Hubris","Infinite Spire","Minty Spire (QoL Compilation)","Quick Restart","Rare Cards Sparkle","Shop Mod","StSLib","The Cursed","Åy?ï®?îvÅzREMEMod"],"gold_per_floor":[1721,1733,1745,1796,1808,2116,2415,2276,2476,2527,2370,2330,2375,2131,2131,2837,2837,2873,2873,2873,2873,2918,3220,3525,3824,4024,4326,4090,4090,4005,3802,3802,4511,4511,4562,4562,5961,5764,5691,5984,6280,6503,6753,7082,7082,7363,7363,7363],"floor_reached":47,"playtime":10936,"items_purged":[],"score":1194,"play_id":"c911ed62-7b33-40b1-ae7a-02d1e991fe40","local_time":"20210106150454","daily_mods":["SealedDeck","Vintage","Green Cards","Heirloom","Time Dilation","Flight","Cursed Run","Elite Swarm","Lethality","Midas"],"is_ascension_mode":false,"campfire_choices":[{"floor":15.0,"key":"DIG"},{"floor":32.0,"key":"DIG"}],"circlet_count":0,"master_deck":["infinitespire:Neurotoxin+1","Noxious Fumes+1","Corpse Explosion+1","Burst+1","Calculated Gamble+1","Catalyst+1","Genetic Algorithm+1","Deadly Poison+1","Bouncing Flask+1","Body Slam+1","Shame","Shame","hubris:DuctTapeCard"],"relics":["Cursed Key","Darkstone Periapt","Du-Vu Doll","Hammer of Thor","Seething Fire","Anvil of the Gods","REME_ComplimentaryCards","REME_DemonsWealth","Nuclear Battery","hubris:64BitClover","hubris:TenFootPole","Anchor","Blue Candle","Darkstone Periapt","hubris:EmptyBottle","infinitespire:EmpoweringShard","infinitespire:FocusingShard","hubris:Potato","Philosopher\u0027s Stone","infinitespire:ShieldingShard","Dota2Spire:AghanimScepter","FossilizedHelix","FireBladeMod:GymTowel","energizedSpire:HugeHouse","REME_LimitBreaker","infinitespire:Lychee Nut","infinitespire:WardingShard","WristBlade","Vajra","Matryoshka","The Specimen","Shovel","Singing Bowl","Smiling Mask","Membership Card","Medical Kit","Orrery","hubris:GlazedTorus","hubris:Icosahedron","Dota2Spire:MagicBottle","hubris:Towel","PreservedInsect","Dota2Spire:LinkenSphere","MerchantsRug","Self Forming Clay","infinitespire:Lucky Rock","HandDrill","StrikeDummy","InkBottle","Dota2Spire:Mjollnir","Dota2Spire:EchoSabre","Oddly Smooth Stone","Boot","Bag of Preparation","hubris:FunFungus","TheAbacus","hubris:TinFlute","energizedSpire:NeverEndingSparkler","HornCleat","energizedSpire:MagnifyingGlass","infinitespire:BottledMercury","Paper Frog","hubris:ToyBattleship","Dota2Spire:MonkeyKingBar","hubris:DuctTape","Prayer Wheel","Gremlin Horn","Shuriken","Dota2Spire:EtherealBlade","Chemical X","Art of War","infinitespire:BottledMercury","MutagenicStrength","Tiny Chest","Potion Belt","Dota2Spire:BladeMail","Frozen Eye","Dota2Spire:BlackKingBar","hubris:Backtick","infinitespire:Bottled Soul","Bag of Marbles","hubris:IronBody","Regal Pillow","Cauldron","hubris:SlimyHat","Dota2Spire:Butterfly","hubris:MobiusCoin","Dota2Spire:HandOfMidas","Lantern","hubris:MedicalManual","Akabeko"],"acts_visited":["Exordium","TheCity","TheBeyond"],"potions_floor_usage":[],"damage_taken":[{"damage":0.0,"enemies":"Jaw Worm","floor":1.0,"turns":2.0},{"damage":0.0,"enemies":"Small Slimes","floor":4.0,"turns":2.0},{"damage":0.0,"enemies":"3 Sentries","floor":6.0,"turns":1.0},{"damage":0.0,"enemies":"Lagavulin","floor":7.0,"turns":1.0},{"damage":0.0,"enemies":"2 Louse","floor":10.0,"turns":1.0},{"damage":0.0,"enemies":"Blue Slaver","floor":13.0,"turns":1.0},{"damage":0.0,"enemies":"Hexaghost","floor":16.0,"turns":1.0},{"damage":0.0,"enemies":"Shell Parasite","floor":18.0,"turns":1.0},{"damage":0.0,"enemies":"2 Thieves","floor":22.0,"turns":1.0},{"damage":0.0,"enemies":"Book of Stabbing","floor":23.0,"turns":1.0},{"damage":0.0,"enemies":"Nightmare","floor":24.0,"turns":1.0},{"damage":0.0,"enemies":"Book of Stabbing","floor":25.0,"turns":1.0},{"damage":0.0,"enemies":"Slavers","floor":27.0,"turns":1.0},{"damage":0.0,"enemies":"Collector","floor":33.0,"turns":1.0},{"damage":0.0,"enemies":"3 Darklings","floor":35.0,"turns":1.0},{"damage":0.0,"enemies":"Reptomancer","floor":40.0,"turns":1.0},{"damage":0.0,"enemies":"Nemesis","floor":41.0,"turns":1.0},{"damage":0.0,"enemies":"Giant Head","floor":44.0,"turns":1.0},{"damage":0.0,"enemies":"Nemesis","floor":46.0,"turns":1.0},{"damage":0,"enemies":"Orb Walker","floor":47,"turns":1}],"seed_played":"6452859781681991835","potions_obtained":[{"floor":6.0,"key":"Block Potion"},{"floor":7.0,"key":"CultistPotion"},{"floor":12.0,"key":"BlessingOfTheForge"},{"floor":12.0,"key":"EssenceOfSteel"},{"floor":12.0,"key":"REME_GoldPotion"},{"floor":23.0,"key":"DistilledChaos"},{"floor":25.0,"key":"ElixirPotion"},{"floor":27.0,"key":"Fire Potion"},{"floor":38.0,"key":"Block Potion"},{"floor":38.0,"key":"DistilledChaos"},{"floor":38.0,"key":"SneckoOil"},{"floor":38.0,"key":"SpeedPotion"},{"floor":38.0,"key":"SkillPotion"},{"floor":41.0,"key":"FairyPotion"},{"floor":46.0,"key":"Dota2Spire:Clarity"}],"is_trial":true,"path_per_floor":["M","?","?","M","?","E","E","$","T","M","$","?","M","$","R","B",null,"M","AVR","?","?","M","E","NM","E","T","E","$","?","?","$","R","B",null,"M","?","?","$","$","E","E","T","T","E","AVR","E","M"],"character_chosen":"IRONCLAD","items_purchased":["MerchantsRug","Self Forming Clay","infinitespire:Lucky Rock","HandDrill","Dota2Spire:EchoSabre","Oddly Smooth Stone","Bag of Preparation","hubris:FunFungus","TheAbacus","Chemical X","Art of War","infinitespire:BottledMercury","Potion Belt","Dota2Spire:BladeMail","Frozen Eye","hubris:IronBody","Regal Pillow","Cauldron","Body Slam","hubris:SlimyHat"],"campfire_rested":0,"item_purchase_floors":[8,8,8,8,11,11,14,14,14,28,28,28,31,31,31,38,38,38,38,39],"current_hp_per_floor":[154,154,154,154,154,166,178,178,190,190,190,190,190,190,190,214,214,214,214,214,214,214,226,238,250,262,274,274,274,274,274,274,298,298,298,298,322,322,322,334,346,358,370,382,382,394,394,394],"gold":7363,"neow_bonus":"","is_daily":false,"chose_seed":false,"campfire_upgraded":0,"win_rate":0.0,"timestamp":1609913094,"path_taken":["M","?","?","M","?","E","E","?","T","?","$","?","?","$","R","BOSS","M","AVR","?","?","?","E","NM","E","T","E","?","?","?","$","R","BOSS","M","?","?","?","$","E","E","?","T","E","AVR","E","?"],"items_purchased_type":["Relic","Relic","Relic","Relic","Relic","Relic","Relic","Relic","Relic","Relic","Relic","Relic","Relic","Relic","Relic","Relic","Relic","Relic","Card","Relic"],"build_version":"2020-12-22","purchased_purges":0,"victory":false,"max_hp_per_floor":[154,154,154,154,154,166,178,178,190,190,190,190,190,190,190,214,214,214,214,214,214,214,226,238,250,262,274,274,274,274,274,274,298,298,298,298,322,322,322,334,346,358,370,382,382,394,394,394],"card_choices":[{"not_picked":["Infinite Blades","Inflame","Rampage"],"picked":"hubris:Compulsion","floor":0.0},{"not_picked":["Intimidate","Concentrate","REME_SingleHolding"],"picked":"Injury","floor":0.0},{"not_picked":["Sever Soul","Cleave","Clothesline"],"picked":"Regret","floor":0.0},{"not_picked":["Thunderclap","FireBladeMod:PyromancerForm","Footwork"],"picked":"TheCursedMod:Dregs","floor":0.0},{"not_picked":["Seeing Red","FireBladeMod:SmashingEndurance","FireBladeMod:Turtle"],"picked":"hubris:Compulsion","floor":0.0},{"not_picked":["FireBladeMod:LightningCombo","Burst","Unload"],"picked":"hubris:Despair","floor":6.0},{"not_picked":["FireBladeMod:RapidHits","Demon Form","After Image"],"picked":"Shame","floor":7.0},{"not_picked":["Venomology","Double Tap","Reaper"],"picked":"Regret","floor":16.0},{"not_picked":["REME_Fury","FireBladeMod:DebilitatingBlow","A Thousand Cuts"],"picked":"hubris:Compulsion","floor":23.0},{"not_picked":["Malaise","Impervious","Phantasmal Killer"],"picked":"Normality","floor":24.0},{"not_picked":["Brutality","Exhume","Phantasmal Killer"],"picked":"Injury","floor":25.0},{"not_picked":["FireBladeMod:EternalEndurance","Offering","Wraith Form v2"],"picked":"Injury","floor":27.0},{"not_picked":["REME_SpectralBlade","FireBladeMod:BattleMage","Phantasmal Killer"],"picked":"Decay","floor":33.0},{"not_picked":["Unload","FireBladeMod:EternalEndurance","Bullet Time"],"picked":"Pain","floor":40.0},{"not_picked":["Die Die Die","FireBladeMod:BattleStamina","Fiend Fire"],"picked":"TheCursedMod:Dregs","floor":41.0},{"not_picked":["FireBladeMod:Ignition","FireBladeMod:DeathBlade","REME_ShadowForm"],"picked":"Shame","floor":44.0},{"not_picked":["Phantasmal Killer","Bludgeon","REME_Fury"],"picked":"Shame","floor":46.0}],"player_experience":1250063,"relics_obtained":[{"floor":1.0,"key":"hubris:GlazedTorus"},{"floor":4.0,"key":"Dota2Spire:MagicBottle"},{"floor":6.0,"key":"PreservedInsect"},{"floor":7.0,"key":"Dota2Spire:LinkenSphere"},{"floor":9.0,"key":"StrikeDummy"},{"floor":9.0,"key":"InkBottle"},{"floor":10.0,"key":"Dota2Spire:Mjollnir"},{"floor":13.0,"key":"Boot"},{"floor":15.0,"key":"hubris:TinFlute"},{"floor":18.0,"key":"HornCleat"},{"floor":22.0,"key":"hubris:ToyBattleship"},{"floor":23.0,"key":"Dota2Spire:MonkeyKingBar"},{"floor":24.0,"key":"hubris:DuctTape"},{"floor":25.0,"key":"Prayer Wheel"},{"floor":26.0,"key":"Gremlin Horn"},{"floor":26.0,"key":"Shuriken"},{"floor":27.0,"key":"Dota2Spire:EtherealBlade"},{"floor":32.0,"key":"Dota2Spire:BlackKingBar"},{"floor":35.0,"key":"Bag of Marbles"},{"floor":40.0,"key":"Dota2Spire:Butterfly"},{"floor":41.0,"key":"hubris:MobiusCoin"},{"floor":42.0,"key":"Dota2Spire:HandOfMidas"},{"floor":43.0,"key":"Lantern"},{"floor":44.0,"key":"hubris:MedicalManual"},{"floor":46.0,"key":"Akabeko"}],"event_choices":[{"cards_removed":["REME_GreenPollution"],"damage_healed":0.0,"max_hp_gain":0.0,"max_hp_loss":0.0,"gold_gain":0.0,"event_name":"Living Wall","player_choice":"Forget","floor":2.0,"gold_loss":0.0,"damage_taken":0.0},{"damage_healed":0.0,"max_hp_gain":0.0,"max_hp_loss":0.0,"gold_gain":0.0,"event_name":"The Woman in Blue","player_choice":"Bought 3 Potions","floor":12.0,"gold_loss":0.0,"damage_taken":0.0},{"damage_healed":0.0,"max_hp_gain":0.0,"max_hp_loss":0.0,"gold_gain":0.0,"event_name":"Vampires","player_choice":"Ignored","floor":20.0,"gold_loss":0.0,"damage_taken":0.0},{"damage_healed":0.0,"max_hp_gain":0.0,"max_hp_loss":0.0,"gold_gain":0.0,"event_name":"The Mausoleum","player_choice":"Opened","floor":21.0,"gold_loss":0.0,"damage_taken":0.0,"relics_obtained":["Paper Frog"]},{"damage_healed":0.0,"max_hp_gain":0.0,"max_hp_loss":0.0,"gold_gain":0.0,"event_name":"Drug Dealer","player_choice":"Inject Mutagens","floor":29.0,"gold_loss":0.0,"damage_taken":0.0,"relics_obtained":["MutagenicStrength"]},{"damage_healed":0.0,"max_hp_gain":0.0,"max_hp_loss":0.0,"gold_gain":0.0,"event_name":"Addict","player_choice":"Obtained Relic","floor":30.0,"gold_loss":85.0,"damage_taken":0.0,"relics_obtained":["Tiny Chest"]},{"damage_healed":0.0,"max_hp_gain":0.0,"max_hp_loss":0.0,"gold_gain":999.0,"event_name":"MindBloom","player_choice":"Gold","floor":37.0,"gold_loss":0.0,"damage_taken":0.0,"cards_obtained":["Normality","Normality"]}],"is_beta":false,"boss_relics":[{"not_picked":["Mark of Pain","hubris:RunicObelisk"],"picked":"energizedSpire:NeverEndingSparkler"},{"not_picked":["Fusion Hammer","hubris:BlackHole"],"picked":"hubris:Backtick"}],"items_purged_floors":[],"is_endless":true,"potions_floor_spawned":[6,7,13,23,25,27,41,46],"killed_by":"Orb Walker","ascension_level":0}}