{"host":"gttgmv2wah99hzdm","time":1609893479,"event":{"mods":["AchievementEnabler","BaseMod","Bestiary","Block Reminder","Filter the Spire","Minty Spire (QoL Compilation)","Relic Stats","ojb\u0027s Better Paths Mod","ojb\u0027s Info Mod"],"gold_per_floor":[118,132,145,56,56,56,88,88,88,105,139,139,36,36,36],"floor_reached":14,"playtime":901,"items_purged":[],"score":196,"play_id":"8f94e59e-a87e-4dfd-a3f2-4d6f8e60e1ca","local_time":"20210105183759","is_ascension_mode":true,"campfire_choices":[{"data":"Bash","floor":6.0,"key":"SMITH"},{"floor":8.0,"key":"REST"},{"floor":12,"key":"REST"}],"circlet_count":0,"master_deck":["AscendersBane","Strike_R","Strike_R","Strike_R","Strike_R","Strike_R","Defend_R","Defend_R","Defend_R","Defend_R","Bash+1","Shockwave","Spot Weakness","Flash of Steel","Uppercut","True Grit","Sword Boomerang"],"relics":["SacredBark","Matryoshka"],"acts_visited":["Exordium"],"potions_floor_usage":[14],"damage_taken":[{"damage":16.0,"enemies":"Jaw Worm","floor":1.0,"turns":6.0},{"damage":2.0,"enemies":"2 Louse","floor":2.0,"turns":4.0},{"damage":12.0,"enemies":"Cultist","floor":3.0,"turns":4.0},{"damage":50.0,"enemies":"Gremlin Nob","floor":7.0,"turns":5.0},{"damage":0.0,"enemies":"Gremlin Gang","floor":10.0,"turns":2.0},{"damage":37.0,"enemies":"3 Sentries","floor":11.0,"turns":8.0},{"damage":38,"enemies":"Lagavulin","floor":14,"turns":6}],"seed_played":"-7339437159700756908","potions_obtained":[{"floor":1.0,"key":"CultistPotion"},{"floor":2.0,"key":"BloodPotion"},{"floor":7.0,"key":"DistilledChaos"}],"is_trial":false,"path_per_floor":["M","M","M","$","?","R","E","R","T","M","E","R","$","E"],"character_chosen":"IRONCLAD","items_purchased":["Flash of Steel","ColorlessPotion","Sword Boomerang"],"campfire_rested":2,"item_purchase_floors":[4,13,13],"current_hp_per_floor":[52,50,38,38,38,38,18,40,40,40,3,25,25,0,0],"gold":36,"neow_bonus":"BOSS_RELIC","is_daily":false,"chose_seed":false,"campfire_upgraded":1,"win_rate":0.0,"timestamp":1609893479,"path_taken":["M","M","M","$","?","R","E","R","T","M","E","R","$","E"],"items_purchased_type":["Card","Potion","Card"],"build_version":"2020-12-22","purchased_purges":0,"victory":false,"max_hp_per_floor":[75,75,75,75,75,75,75,75,75,75,75,75,75,75,75],"relic_stats":{"counters":[7,35],"obtain_stats":[{"Matryoshka":9,"SacredBark":0,"Burning Blood":0},{"Matryoshka":4,"SacredBark":0,"Burning Blood":0},{"Matryoshka":19,"SacredBark":0,"Burning Blood":0}]},"card_choices":[{"not_picked":["Seeing Red","Heavy Blade"],"picked":"Shockwave","floor":1.0},{"not_picked":["Feel No Pain","True Grit"],"picked":"Spot Weakness","floor":2.0},{"not_picked":["Shrug It Off","Armaments","Shockwave"],"picked":"SKIP","floor":3.0},{"not_picked":["Pummel","Clash"],"picked":"Uppercut","floor":7.0},{"not_picked":["Clash","Thunderclap"],"picked":"True Grit","floor":10.0},{"not_picked":["Shockwave","Heavy Blade","Double Tap"],"picked":"SKIP","floor":11}],"player_experience":1066532,"relics_obtained":[{"floor":9.0,"key":"Matryoshka"}],"event_choices":[{"damage_healed":0.0,"max_hp_gain":0.0,"max_hp_loss":0.0,"gold_gain":0.0,"event_name":"Liars Game","player_choice":"Ignored","floor":5.0,"gold_loss":0.0,"damage_taken":0.0}],"is_beta":false,"boss_relics":[],"items_purged_floors":[],"is_endless":false,"potions_floor_spawned":[1,2,7],"killed_by":"Lagavulin","ascension_level":20}}