{"host":"ur405gpummdrt5xj","time":1609894466,"event":{"mods":["BaseMod","Colored Map","Minty Spire (QoL Compilation)","Quick Restart"],"gold_per_floor":[109,109,59,59,59,59,86,86,113,140,168,188,188,35,35,131,131,147,147,72,90,103,130,143,143,194,232,245,255,284,304,304,304,304],"floor_reached":33,"playtime":1360,"items_purged":["Strike_P"],"score":526,"play_id":"af03921d-233a-4d39-af03-80af1a69cdd6","local_time":"20210105165426","is_ascension_mode":true,"campfire_choices":[{"data":"CutThroughFate","floor":6,"key":"SMITH"},{"floor":8,"key":"REST"},{"floor":13,"key":"REST"},{"data":"Consecrate","floor":15,"key":"SMITH"},{"floor":32,"key":"REST"}],"circlet_count":0,"master_deck":["Strike_P+1","Strike_P+1","Defend_P+1","Defend_P+1","Defend_P+1","Eruption+1","Vigilance+1","CutThroughFate+1","Consecrate+1","LessonLearned+1","Wallop+1","EmptyFist+1"],"relics":["PureWater","War Paint","Potion Belt","Akabeko","Odd Mushroom","PreservedInsect","Happy Flower","Fusion Hammer","Orichalcum","Ancient Tea Set","CeramicFish","Dead Branch"],"acts_visited":["Exordium","TheCity"],"potions_floor_usage":[16,16,21,27,33],"damage_taken":[{"damage":2,"enemies":"2 Louse","floor":1,"turns":2},{"damage":6,"enemies":"Gremlin Nob","floor":7,"turns":3},{"damage":0,"enemies":"The Mushroom Lair","floor":10,"turns":3},{"damage":20,"enemies":"3 Sentries","floor":11,"turns":5},{"damage":0,"enemies":"Small Slimes","floor":12,"turns":2},{"damage":44,"enemies":"Hexaghost","floor":16,"turns":8},{"damage":0,"enemies":"3 Byrds","floor":18,"turns":4},{"damage":0,"enemies":"Chosen","floor":21,"turns":1},{"damage":0,"enemies":"3 Cultists","floor":22,"turns":3},{"damage":0,"enemies":"Gremlin Leader","floor":23,"turns":3},{"damage":0,"enemies":"Cultist and Chosen","floor":24,"turns":4},{"damage":0,"enemies":"Slavers","floor":27,"turns":2},{"damage":0,"enemies":"Centurion and Healer","floor":28,"turns":3},{"damage":0,"enemies":"Snake Plant","floor":29,"turns":3},{"damage":20,"enemies":"Gremlin Leader","floor":30,"turns":3},{"damage":0,"enemies":"Cultist and Chosen","floor":31,"turns":3},{"damage":67,"enemies":"Champ","floor":33,"turns":9}],"seed_played":"-5040237469229083987","potions_obtained":[{"floor":7,"key":"GamblersBrew"},{"floor":11,"key":"PowerPotion"},{"floor":18,"key":"Fire Potion"},{"floor":22,"key":"AttackPotion"},{"floor":28,"key":"Explosive Potion"},{"floor":29,"key":"SmokeBomb"},{"floor":31,"key":"Ancient Potion"}],"is_trial":false,"path_per_floor":["M","?","?","?","$","R","E","R","T","?","E","M","R","$","R","B",null,"M","?","$","M","M","E","M","$","T","E","M","M","E","M","R","B"],"character_chosen":"WATCHER","items_purchased":["Happy Flower"],"campfire_rested":3,"item_purchase_floors":[14],"current_hp_per_floor":[63,56,56,42,42,42,36,57,57,57,37,37,58,58,58,14,58,58,58,58,58,58,58,58,58,58,58,58,58,38,38,59,0,0],"gold":304,"neow_bonus":"TRANSFORM_CARD","is_daily":false,"chose_seed":false,"campfire_upgraded":2,"win_rate":0.0,"timestamp":1609894466,"path_taken":["M","?","?","?","$","R","E","R","T","?","E","M","R","$","R","BOSS","M","?","$","M","M","E","?","$","T","E","M","M","E","M","R","BOSS"],"items_purchased_type":["Relic"],"build_version":"2020-12-22","purchased_purges":1,"victory":false,"max_hp_per_floor":[72,72,72,72,72,72,72,72,72,72,72,72,72,72,72,72,72,72,72,72,72,72,72,72,72,72,72,72,72,72,72,72,72,72],"card_choices":[{"not_picked":["EmptyBody","ThirdEye","JustLucky"],"picked":"SKIP","floor":1},{"not_picked":["FearNoEvil","Establishment","CrushJoints"],"picked":"SKIP","floor":7},{"not_picked":["JustLucky","CrushJoints"],"picked":"Consecrate","floor":11},{"not_picked":["Meditate","WaveOfTheHand","FlurryOfBlows"],"picked":"SKIP","floor":12},{"not_picked":["Devotion","DevaForm"],"picked":"LessonLearned","floor":16},{"not_picked":["JustLucky+1","FollowUp","CrushJoints"],"picked":"SKIP","floor":18},{"not_picked":["CrushJoints","InnerPeace","WreathOfFlame"],"picked":"SKIP","floor":21},{"not_picked":["Crescendo","SashWhip","BowlingBash"],"picked":"SKIP","floor":22},{"not_picked":["Crescendo","SashWhip","BowlingBash"],"picked":"SKIP","floor":22},{"not_picked":["BattleHymn","EmptyBody","Evaluate"],"picked":"SKIP","floor":23},{"not_picked":["Vengeance+1","Fasting2","CarveReality+1"],"picked":"SKIP","floor":24},{"not_picked":["WaveOfTheHand+1","ReachHeaven"],"picked":"Wallop","floor":27},{"not_picked":["FlyingSleeves","Wish","Wireheading+1"],"picked":"SKIP","floor":28},{"not_picked":["Study","Fasting2","Halt"],"picked":"SKIP","floor":29},{"not_picked":["FlurryOfBlows","EmptyMind","Wish"],"picked":"SKIP","floor":30},{"not_picked":["Perseverance+1","FollowUp"],"picked":"EmptyFist+1","floor":31}],"player_experience":528253,"relics_obtained":[{"floor":7,"key":"Potion Belt"},{"floor":9,"key":"Akabeko"},{"floor":10,"key":"Odd Mushroom"},{"floor":11,"key":"PreservedInsect"},{"floor":23,"key":"Orichalcum"},{"floor":26,"key":"Ancient Tea Set"},{"floor":27,"key":"CeramicFish"},{"floor":30,"key":"Dead Branch"}],"event_choices":[{"damage_healed":0,"gold_gain":0,"player_choice":"Success","damage_taken":7,"relics_obtained":["War Paint"],"max_hp_gain":0,"max_hp_loss":0,"event_name":"Scrap Ooze","floor":2,"gold_loss":0},{"cards_removed":["Strike_P"],"damage_healed":0,"gold_gain":0,"player_choice":"Card Removal","damage_taken":0,"max_hp_gain":0,"max_hp_loss":0,"event_name":"The Cleric","floor":3,"gold_loss":50},{"damage_healed":0,"gold_gain":0,"player_choice":"Entered Light","damage_taken":14,"max_hp_gain":0,"max_hp_loss":0,"event_name":"Shining Light","floor":4,"gold_loss":0,"cards_upgraded":["Defend_P","Eruption"]},{"damage_healed":0,"gold_gain":0,"player_choice":"Fought Mushrooms","damage_taken":0,"max_hp_gain":0,"max_hp_loss":0,"event_name":"Mushrooms","floor":10,"gold_loss":0},{"damage_healed":0,"gold_gain":0,"player_choice":"Upgraded","damage_taken":0,"max_hp_gain":0,"max_hp_loss":0,"event_name":"Upgrade Shrine","floor":19,"gold_loss":0,"cards_upgraded":["LessonLearned"]}],"is_beta":false,"boss_relics":[{"not_picked":["Runic Pyramid","Pandora\u0027s Box"],"picked":"Fusion Hammer"}],"items_purged_floors":[20],"is_endless":false,"potions_floor_spawned":[7,11,18,22,28,29,31],"killed_by":"Champ","ascension_level":9}}