{"host":"ynimr9ugvc6f046i","time":1609947674,"event":{"mods":["2.2 Compatiblity","BaseMod","Colored Map","DeckTracker","Highlight Path","Keyboard Shortcuts","Minty Spire (QoL Compilation)","Permanent Neow","Quick Restart","StSLib","SuperFastMode"],"gold_per_floor":[117,130,130,157,157,191,191,207,232,232,242,274,179,151,151,225,225,239,239,252,264,264,264],"floor_reached":22,"playtime":514,"items_purged":["Strike_R"],"score":392,"play_id":"12d0462c-d408-4230-b93a-4ddf3f3ce71c","local_time":"20210107004114","is_ascension_mode":true,"campfire_choices":[{"data":"Apotheosis","floor":10.0,"key":"SMITH"},{"data":"Evolve","floor":15.0,"key":"SMITH"}],"circlet_count":0,"master_deck":["AscendersBane","Strike_R","Strike_R","Defend_R","Defend_R","Defend_R","Defend_R","Bash","Apotheosis+1","Pommel Strike","Dropkick","Rage","Disarm","Evolve+1","Double Tap"],"relics":["Black Blood","Bronze Scales","The Courier","Paper Frog","MealTicket","Omamori"],"acts_visited":["Exordium","TheCity"],"potions_floor_usage":[21],"damage_taken":[{"damage":0.0,"enemies":"Cultist","floor":1.0,"turns":4.0},{"damage":7.0,"enemies":"Jaw Worm","floor":2.0,"turns":4.0},{"damage":8.0,"enemies":"Lagavulin","floor":6.0,"turns":7.0},{"damage":10.0,"enemies":"Small Slimes","floor":8.0,"turns":3.0},{"damage":5.0,"enemies":"2 Fungi Beasts","floor":11.0,"turns":3.0},{"damage":16.0,"enemies":"3 Sentries","floor":12.0,"turns":11.0},{"damage":16.0,"enemies":"Exordium Thugs","floor":14.0,"turns":4.0},{"damage":3.0,"enemies":"Hexaghost","floor":16.0,"turns":7.0},{"damage":9.0,"enemies":"Chosen","floor":18.0,"turns":5.0},{"damage":31.0,"enemies":"3 Byrds","floor":20.0,"turns":4.0},{"damage":47,"enemies":"Shelled Parasite and Fungi","floor":21,"turns":4},{"damage":29,"enemies":"Centurion and Healer","floor":22,"turns":4}],"seed_played":"4638004140233835171","potions_obtained":[{"floor":6.0,"key":"SteroidPotion"},{"floor":12.0,"key":"BloodPotion"},{"floor":14.0,"key":"AttackPotion"}],"is_trial":false,"path_per_floor":["M","M","?","T","?","E","?","M","T","R","M","E","$","M","R","B",null,"M","T","M","M","M"],"character_chosen":"IRONCLAD","items_purchased":["Evolve"],"campfire_rested":0,"item_purchase_floors":[13],"current_hp_per_floor":[68,67,67,67,60,58,58,54,54,54,55,45,60,50,50,53,64,67,67,48,26,0,0],"gold":264,"neow_bonus":"RANDOM_COLORLESS_2","is_daily":false,"chose_seed":false,"campfire_upgraded":2,"win_rate":0.0,"timestamp":1609947674,"path_taken":["M","?","?","?","?","E","?","?","T","R","M","E","$","M","R","BOSS","M","?","?","M","M"],"items_purchased_type":["Card"],"build_version":"2020-12-22","purchased_purges":1,"victory":false,"max_hp_per_floor":[68,68,68,68,68,68,68,68,68,68,68,68,68,68,68,68,68,68,68,68,68,68,68],"card_choices":[{"not_picked":["Headbutt","Wild Strike"],"picked":"Pommel Strike","floor":1.0},{"not_picked":["Perfected Strike","Sword Boomerang"],"picked":"Dropkick","floor":2.0},{"not_picked":["Combust","Headbutt","Iron Wave"],"picked":"SKIP","floor":6.0},{"not_picked":["Bloodletting","Pommel Strike","Heavy Blade"],"picked":"SKIP","floor":8.0},{"not_picked":["Warcry","Wild Strike"],"picked":"Rage","floor":11.0},{"not_picked":["Searing Blow","Bludgeon"],"picked":"Disarm","floor":12.0},{"not_picked":["Anger","Iron Wave","Warcry"],"picked":"SKIP","floor":14.0},{"not_picked":["Anger","Iron Wave","Warcry"],"picked":"SKIP","floor":14.0},{"not_picked":["Feed","Reaper"],"picked":"Double Tap","floor":16.0},{"not_picked":["Intimidate","Clothesline","Flex"],"picked":"SKIP","floor":18.0},{"not_picked":["Armaments","Pommel Strike","Clash"],"picked":"SKIP","floor":20.0},{"not_picked":["Armaments","Fire Breathing","Searing Blow"],"picked":"SKIP","floor":21}],"player_experience":364713,"relics_obtained":[{"floor":4.0,"key":"Bronze Scales"},{"floor":6.0,"key":"The Courier"},{"floor":9.0,"key":"MealTicket"},{"floor":12.0,"key":"Omamori"}],"event_choices":[{"cards_removed":["Strike_R"],"damage_healed":0.0,"max_hp_gain":0.0,"max_hp_loss":0.0,"gold_gain":0.0,"event_name":"Living Wall","player_choice":"Forget","floor":3.0,"gold_loss":0.0,"damage_taken":0.0},{"cards_removed":["Strike_R"],"damage_healed":0.0,"max_hp_gain":0.0,"max_hp_loss":0.0,"gold_gain":0.0,"event_name":"Golden Wing","player_choice":"Card Removal","floor":5.0,"gold_loss":0.0,"damage_taken":7.0},{"damage_healed":0.0,"max_hp_gain":0.0,"max_hp_loss":0.0,"gold_gain":0.0,"event_name":"WeMeetAgain","player_choice":"Gave Potion","floor":7.0,"gold_loss":0.0,"damage_taken":0.0,"relics_obtained":["Paper Frog"]}],"is_beta":false,"boss_relics":[{"not_picked":["SlaversCollar","Runic Dome"],"picked":"Black Blood"}],"items_purged_floors":[13],"is_endless":false,"potions_floor_spawned":[6,12,14],"killed_by":"Centurion and Healer","ascension_level":20}}