{"host":"ixtszv54kd1m8623","time":1609953560,"event":{"mods":["Act Like it!","Aspiration","Bard","BaseMod","Beaked The Cultist","ChefMod","Colored Map","Colored Powertips","Conspire","Downfall","Duelist Mod","Gensokyo","GifTheSpireLib","Halation","Hermit","Hubris","Infinite Spire","Jorbs\u0027s Wanderer Trilogy","Lobotomy","Minty Spire (QoL Compilation)","Replay The Spire","Robot Space Explorer","Shade Mod","StSLib","The Animator","The Blackbeard","The Bug Knight","The Cursed","The Disciple","The Dragon Tamer","The Marked","The Runesmith","The Servant 0.9.4"],"gold_per_floor":[142,156,172,186,203,235,235,249,275,305,305,330,19,38,38,135,135,117,117,135,0,0,0,10,26,26,26,42,54,54,81,81,178,178,198,198,228,228,247,276,276,276],"floor_reached":41,"playtime":3232,"items_purged":[],"score":629,"play_id":"1708c715-0222-4925-9abd-ed7bd6796685","local_time":"20210106091920","is_ascension_mode":true,"campfire_choices":[{"data":"theDuelist:Geargiauger","floor":7,"key":"SMITH"},{"floor":11,"key":"REST"},{"data":"theDuelist:JunkKuriboh","floor":23,"key":"SMITH"},{"floor":30,"key":"REST"},{"floor":32,"key":"REST"}],"circlet_count":0,"master_deck":["theDuelist:Biofalcon+1","theDuelist:CastleWalls","theDuelist:CastleWalls","theDuelist:Deskbot004+1","theDuelist:Deskbot004+1","theDuelist:Deskbot005+1","theDuelist:Deskbot005+1","theDuelist:GreenGadget+1","theDuelist:Sparks","theDuelist:Sparks","theDuelist:BlastJuggler+1","theDuelist:PlatinumGadget+1","theDuelist:GoldGadget+1","theDuelist:Flashbang","theDuelist:MachineKing+1","theDuelist:Geargiauger+1","theDuelist:Deskbot003+1","theDuelist:WonderGarage+1","theDuelist:AllySalvo+1","theDuelist:QuillboltHedgehog+1","Regret","theDuelist:Shekhinaga+1","theDuelist:Deskbot001+1","theDuelist:JunkKuriboh+1","theDuelist:UnionHangar+1","CurseOfTheBell","theDuelist:Geartown+1","theDuelist:Tuningware+1","theDuelist:BlackSalvo+1","theDuelist:OrcustCrescendo+1","theDuelist:TokenVacuum+1","theDuelist:JinzoLord+1","theDuelist:BlockGolem","theDuelist:MetalholdMovingBlockade+1","theDuelist:WingedKuriboh+1","theDuelist:BlastHeldTribute","theDuelist:Geargiauger+1"],"relics":["theDuelist:MillenniumPuzzle","theDuelist:CardPoolRelic","theDuelist:CardPoolBasicRelic","theDuelist:BoosterPackPoolRelic","theDuelist:CardPoolAddRelic","theDuelist:CardPoolMinusRelic","theDuelist:CardPoolSaveRelic","theDuelist:CardPoolOptionsRelic","theDuelist:ZoneToken","Ancient Tea Set","theDuelist:DuelistOrichalcum","hubris:OldNail","Membership Card","Darkstone Periapt","hubris:ToyBattleship","conspire:RoyalGoblet","hubris:Towel","Darkstone Periapt","theDuelist:EngineeringToken","Calling Bell","Bag of Marbles","theDuelist:BoosterPackSpellEgg","Mango","hubris:64BitClover","Busted Crown","Calipers","hubris:Icosahedron","Replay:Bottled Steam"],"acts_visited":["Exordium","TheCity","TheBeyond"],"potions_floor_usage":[10,10,16,18,25,33,37],"damage_taken":[{"damage":2,"enemies":"conspire:RoseBush","floor":1,"turns":3},{"damage":0,"enemies":"Cultist","floor":2,"turns":3},{"damage":0,"enemies":"Small Slimes","floor":3,"turns":3},{"damage":10,"enemies":"Blue Slaver","floor":4,"turns":3},{"damage":0,"enemies":"Red Slaver","floor":5,"turns":2},{"damage":15,"enemies":"3 Sentries","floor":6,"turns":7},{"damage":10,"enemies":"Looter","floor":8,"turns":2},{"damage":11,"enemies":"Lagavulin","floor":10,"turns":6},{"damage":0,"enemies":"Exordium Thugs","floor":14,"turns":4},{"damage":32,"enemies":"The Guardian","floor":16,"turns":11},{"damage":12,"enemies":"2 Thieves","floor":18,"turns":4},{"damage":12,"enemies":"conspire:FuzzyDice","floor":20,"turns":6},{"damage":15,"enemies":"Cultist and Chosen","floor":24,"turns":6},{"damage":34,"enemies":"Chosen and Byrds","floor":25,"turns":9},{"damage":6,"enemies":"Snecko","floor":28,"turns":5},{"damage":13,"enemies":"3 Cultists","floor":29,"turns":5},{"damage":10,"enemies":"HollowMod:Nosk","floor":31,"turns":5},{"damage":13,"enemies":"Collector","floor":33,"turns":5},{"damage":16,"enemies":"3 Shapes","floor":35,"turns":4},{"damage":50,"enemies":"conspire:MimicChest","floor":37,"turns":7},{"damage":0,"enemies":"Orb Walker","floor":39,"turns":2},{"damage":0,"enemies":"R_Hoarder","floor":40,"turns":11},{"damage":74,"enemies":"3 Darklings","floor":41,"turns":4}],"seed_played":"-149342480618399787","potions_obtained":[{"floor":2,"key":"FearPotion"},{"floor":3,"key":"theDuelist:VampireVial"},{"floor":5,"key":"theDuelist:SummonFuryPotion"},{"floor":10,"key":"Explosive Potion"},{"floor":14,"key":"conspire:TimeTravelPotion"},{"floor":16,"key":"Venom Potion"},{"floor":18,"key":"theDuelist:FlamingBottle"},{"floor":24,"key":"theDuelist:DebuffArmorPotion"},{"floor":29,"key":"Strength Potion"},{"floor":40,"key":"Strength Potion"}],"is_trial":false,"path_per_floor":["M","M","M","M","M","E","R","M","T","E","R","T","$","M","R_BF","B",null,"M","?","M","?","?","R","M","M","T","AVR","M","M","R","E","R","B",null,"M","?","?","?","M","E","M"],"character_chosen":"THE_DUELIST","items_purchased":["Membership Card","Darkstone Periapt","theDuelist:AllySalvo"],"campfire_rested":3,"item_purchase_floors":[13,13,13],"current_hp_per_floor":[78,78,78,68,68,53,53,43,43,32,56,56,56,56,62,30,86,74,74,62,62,82,82,67,44,44,70,64,51,90,80,119,106,132,116,106,74,74,74,74,0,0],"gold":276,"neow_bonus":"RANDOM_EVENT","is_daily":false,"chose_seed":false,"campfire_upgraded":2,"win_rate":0.0,"timestamp":1609953560,"path_taken":["M","M","M","M","?","E","R","M","T","E","R","?","$","M","R_BF","BOSS","M","?","M","?","?","R","M","?","T","AVR","M","M","R","E","R","BOSS","M","?","?","?","?","E","M"],"items_purchased_type":["Relic","Relic","Card"],"build_version":"2020-12-22","purchased_purges":0,"victory":false,"max_hp_per_floor":[80,80,80,80,80,80,80,80,80,80,80,80,80,80,86,86,86,86,86,86,86,106,106,106,106,106,132,132,132,132,132,132,132,132,132,132,132,132,132,132,132,132],"card_choices":[{"not_picked":["theDuelist:TokenVacuum","theDuelist:CyberRaider","theDuelist:Tuningware","theDuelist:AirCrackingStorm"],"picked":"theDuelist:BlastJuggler","floor":1},{"not_picked":["theDuelist:Oilman+1","theDuelist:GoldenBlastJuggler+1"],"picked":"theDuelist:PlatinumGadget+1","floor":2},{"not_picked":["theDuelist:SlotMachine","theDuelist:Overworked","theDuelist:OrcustCrescendo","theDuelist:GravityLash"],"picked":"theDuelist:GoldGadget","floor":3},{"not_picked":["theDuelist:PsychicShockwave","theDuelist:PineappleBlast","theDuelist:IronDraw","theDuelist:NightmareWheel"],"picked":"theDuelist:Flashbang","floor":4},{"not_picked":["theDuelist:SteamTrainKing","theDuelist:MetalDragon"],"picked":"theDuelist:MachineKing","floor":5},{"not_picked":["theDuelist:CyberArchfiend","theDuelist:CannonSoldier","theDuelist:BlastJuggler","theDuelist:LimiterRemoval"],"picked":"theDuelist:Geargiauger","floor":6},{"not_picked":["theDuelist:TokenVacuum","theDuelist:Biofalcon","theDuelist:Deskbot001","theDuelist:GravityBlaster"],"picked":"theDuelist:Deskbot003","floor":8},{"not_picked":["theDuelist:FrontlineObserver","theDuelist:Factory100Machines","theDuelist:CannonSoldier","theDuelist:Deskbot004"],"picked":"theDuelist:WonderGarage","floor":10},{"not_picked":["theDuelist:GreenGadget","theDuelist:Biofalcon","theDuelist:AncientGearFist","theDuelist:CyberneticFusion"],"picked":"theDuelist:QuillboltHedgehog","floor":14},{"not_picked":["theDuelist:OrcustCrescendo","theDuelist:MachineKingPrototype","theDuelist:IronhammerGiant","theDuelist:Deskbot009"],"picked":"theDuelist:Shekhinaga","floor":16},{"not_picked":["theDuelist:ScrapBeast","theDuelist:CoreBlaster","theDuelist:CannonSoldier+1","theDuelist:BlastJuggler"],"picked":"theDuelist:Deskbot001","floor":18},{"not_picked":["theDuelist:CannonSoldier","theDuelist:CyberRaider","theDuelist:BlastJuggler","theDuelist:CyberneticFusion"],"picked":"theDuelist:JunkKuriboh","floor":20},{"not_picked":["theDuelist:LightningVortex","theDuelist:JunkSpeeder","theDuelist:Wiseman","theDuelist:MagicalStone+1"],"picked":"theDuelist:DianKeto","floor":24},{"not_picked":["theDuelist:DoubleTool","theDuelist:CoreBlaster","theDuelist:StimPack","theDuelist:Factory100Machines"],"picked":"theDuelist:UnionHangar+1","floor":25},{"not_picked":["theDuelist:TokenVacuum+1","theDuelist:BlastJuggler+1","theDuelist:JunkKuriboh","theDuelist:CardsFromTheSky+1"],"picked":"theDuelist:Geartown+1","floor":28},{"not_picked":["theDuelist:JunkWarrior+1","theDuelist:AncientGearChimera+1","theDuelist:YellowGadget","theDuelist:GenexAllyBirdman+1"],"picked":"theDuelist:Tuningware","floor":29},{"not_picked":["theDuelist:GearGigant","theDuelist:GreenGadget+1","theDuelist:Deskbot004","theDuelist:Deskbot005"],"picked":"theDuelist:BlackSalvo","floor":31},{"not_picked":["theDuelist:Shekhinaga+1","theDuelist:PlatinumGadget","theDuelist:MachineKingPrototype","theDuelist:GoldGadget"],"picked":"theDuelist:OrcustCrescendo+1","floor":33},{"not_picked":["theDuelist:Deskbot004","theDuelist:Factory100Machines+1"],"picked":"theDuelist:TokenVacuum+1","floor":35},{"not_picked":["theDuelist:Shekhinaga","theDuelist:PineappleBlast+1"],"picked":"theDuelist:JinzoLord+1","floor":36},{"not_picked":["theDuelist:LabyrinthWall+1","theDuelist:LostGuardian"],"picked":"theDuelist:BlockGolem","floor":36},{"not_picked":["theDuelist:WonderGarage+1","theDuelist:OutriggerExtension+1","theDuelist:ImperialOrder+1"],"picked":"theDuelist:MetalholdMovingBlockade","floor":36},{"not_picked":["theDuelist:GoldenApples","theDuelist:SystemDown+1"],"picked":"theDuelist:WingedKuriboh+1","floor":37},{"not_picked":["theDuelist:GravityBlaster+1","theDuelist:WonderGarage+1"],"picked":"theDuelist:BlastHeldTribute","floor":39},{"not_picked":["theDuelist:Biofalcon+1","theDuelist:Deskbot005+1"],"picked":"theDuelist:Geargiauger+1","floor":40}],"player_experience":178146,"relics_obtained":[{"floor":6,"key":"theDuelist:ZoneToken"},{"floor":9,"key":"Ancient Tea Set"},{"floor":10,"key":"theDuelist:DuelistOrichalcum"},{"floor":12,"key":"hubris:OldNail"},{"floor":26,"key":"theDuelist:EngineeringToken"},{"floor":27,"key":"Bag of Marbles"},{"floor":27,"key":"theDuelist:BoosterPackSpellEgg"},{"floor":27,"key":"Mango"},{"floor":31,"key":"hubris:64BitClover"},{"floor":37,"key":"Calipers"},{"floor":40,"key":"Replay:Bottled Steam"}],"event_choices":[{"damage_healed":0,"gold_gain":0,"player_choice":"Grow","damage_taken":0,"max_hp_gain":0,"max_hp_loss":0,"event_name":"Living Wall","floor":0,"gold_loss":0,"cards_upgraded":["theDuelist:Deskbot004"]},{"damage_healed":0,"gold_gain":0,"player_choice":"Box","damage_taken":0,"relics_obtained":["hubris:ToyBattleship"],"max_hp_gain":0,"max_hp_loss":0,"event_name":"Big Fish","floor":15,"gold_loss":0,"cards_obtained":["Regret"]},{"damage_healed":0,"gold_gain":0,"player_choice":"Duplicated Relic - Darkstone Periapt","duelist":true,"damage_taken":0,"max_hp_gain":0,"max_hp_loss":0,"event_name":"Relic Duplicator","floor":21,"gold_loss":0},{"total_magic_score":70,"gold_gain":0,"duelist":true,"damage_taken":0,"relics_obtained":[],"points":17,"max_hp_gain":20,"max_hp_loss":0,"spent_points":{"magic":4,"greed":0,"war":0,"power":4,"hunger":4},"event_name":"Nameless Tomb","hunger_reward":4,"floor":22,"gold_loss":0,"cards_obtained":[]},{"damage_healed":0,"gold_gain":0,"player_choice":"Memory 3","damage_taken":10,"max_hp_gain":0,"max_hp_loss":0,"event_name":"SensoryStone","floor":36,"gold_loss":0}],"is_beta":false,"boss_relics":[{"not_picked":["aspiration:ServantSkillbook","conspire:RunicOctahedron"],"picked":"conspire:RoyalGoblet"},{"not_picked":["aspiration:RitualDagger","Ooze Armor"],"picked":"Busted Crown"}],"items_purged_floors":[],"is_endless":false,"potions_floor_spawned":[2,3,5,10,14,16,18,24,29,31,40],"killed_by":"3 Darklings","ascension_level":1}}