{"host":"ch74xfb1n85e86fc","time":1609926633,"event":{"mods":["AchievementEnabler","BaseMod","Colored Map","DeckTracker","Minty Spire (QoL Compilation)","Relic Stats","StSLib","SuperFastMode","everything is the same but u backflip on backflip"],"gold_per_floor":[10,10,26,44,59,59,69,86,86,119,133,133,12,12,12,113,113,129,142,57,57,70,70,97,130,130,143,143,93,122,135,135,233,233,249,260,210,225,19,46,46,6,31,58,76,104,104,124,124,124,124],"floor_reached":50,"playtime":2348,"items_purged":["Strike_G","Strike_G","Strike_G","Defend_G"],"score":743,"play_id":"82fa1bfc-c1c2-43c6-9052-9b87daf96c4d","local_time":"20210106185033","is_ascension_mode":true,"campfire_choices":[{"data":"Infinite Blades","floor":6.0,"key":"SMITH"},{"data":"Accuracy","floor":12.0,"key":"SMITH"},{"data":"Footwork","floor":15,"key":"SMITH"},{"floor":23,"key":"RECALL"},{"floor":32,"key":"REST"},{"floor":47,"key":"REST"},{"floor":49,"key":"REST"}],"circlet_count":0,"master_deck":["Defend_G","Defend_G","Defend_G","Survivor","Neutralize","Reflex+1","Adrenaline","Accuracy+1","Tools of the Trade","Dagger Spray","Calculated Gamble","Infinite Blades+1","Escape Plan","Masterful Stab","Deadly Poison","Footwork+1","Adrenaline+1","Riddle With Holes+1","PiercingWail","Deflect","Storm of Steel","Terror","Blade Dance+1","Tactician+1","Blade Dance+1","Blade Dance+1"],"relics":["Ring of the Snake","Singing Bowl","Smiling Mask","CaptainsWheel","Fusion Hammer","Letter Opener","Red Mask","Pantograph","Blue Candle","Black Star","TheAbacus","Meat on the Bone","The Courier","Boot","Ancient Tea Set","War Paint","Nunchaku","Ice Cream","TungstenRod"],"acts_visited":["Exordium","TheCity","TheBeyond"],"potions_floor_usage":[16,30,36,36,44,46,50],"damage_taken":[{"damage":1.0,"enemies":"Small Slimes","floor":1.0,"turns":4.0},{"damage":3.0,"enemies":"Jaw Worm","floor":3.0,"turns":6.0},{"damage":0.0,"enemies":"2 Louse","floor":4.0,"turns":2.0},{"damage":14.0,"enemies":"Exordium Thugs","floor":5.0,"turns":7.0},{"damage":0.0,"enemies":"3 Louse","floor":7.0,"turns":1.0},{"damage":10.0,"enemies":"2 Fungi Beasts","floor":8.0,"turns":4.0},{"damage":28.0,"enemies":"Gremlin Nob","floor":10.0,"turns":4.0},{"damage":0.0,"enemies":"Blue Slaver","floor":11.0,"turns":3.0},{"damage":0,"enemies":"Hexaghost","floor":16,"turns":6},{"damage":0,"enemies":"Shell Parasite","floor":18,"turns":4},{"damage":0,"enemies":"Chosen","floor":19,"turns":4},{"damage":0,"enemies":"3 Cultists","floor":22,"turns":4},{"damage":8,"enemies":"Masked Bandits","floor":24,"turns":4},{"damage":16,"enemies":"Gremlin Leader","floor":25,"turns":6},{"damage":6,"enemies":"Chosen and Byrds","floor":27,"turns":5},{"damage":12,"enemies":"Slavers","floor":30,"turns":5},{"damage":0,"enemies":"Cultist and Chosen","floor":31,"turns":5},{"damage":33,"enemies":"Champ","floor":33,"turns":12},{"damage":6,"enemies":"3 Shapes","floor":35,"turns":3},{"damage":17,"enemies":"3 Darklings","floor":36,"turns":4},{"damage":5,"enemies":"4 Shapes","floor":38,"turns":4},{"damage":30,"enemies":"Nemesis","floor":40,"turns":9},{"damage":16,"enemies":"Giant Head","floor":44,"turns":7},{"damage":9,"enemies":"Spire Growth","floor":45,"turns":3},{"damage":17,"enemies":"Nemesis","floor":46,"turns":3},{"damage":1,"enemies":"Sphere and 2 Shapes","floor":48,"turns":3},{"damage":95,"enemies":"Time Eater","floor":50,"turns":10}],"seed_played":"-7388433987830806830","potions_obtained":[{"floor":1.0,"key":"SteroidPotion"},{"floor":4.0,"key":"SneckoOil"},{"floor":10.0,"key":"Energy Potion"},{"floor":11.0,"key":"PowerPotion"},{"floor":24,"key":"SkillPotion"},{"floor":30,"key":"Fire Potion"},{"floor":33,"key":"AttackPotion"},{"floor":36,"key":"Swift Potion"},{"floor":44,"key":"GamblersBrew"},{"floor":45,"key":"ColorlessPotion"}],"is_trial":false,"path_per_floor":["M","?","M","M","M","R","M","M","T","E","M","R","$","?","R","B",null,"M","M","?","?","M","R","?","E","T","M","?","$","E","M","R","B",null,"M","M","$","M","$","E","?","$","T","E","M","E","R","M","R","B"],"character_chosen":"THE_SILENT","items_purchased":["Footwork","TheAbacus","SkillPotion"],"campfire_rested":3,"item_purchase_floors":[13,39,42],"current_hp_per_floor":[69,69,66,66,52,52,52,42,42,16,16,16,16,16,16,16,72,72,72,72,72,72,72,66,52,52,48,33,33,23,25,51,43,87,81,66,66,63,63,33,33,33,33,29,32,27,54,55,82,0,0],"gold":124,"neow_bonus":"TRANSFORM_TWO_CARDS","is_daily":false,"chose_seed":false,"campfire_upgraded":3,"win_rate":0.0,"timestamp":1609926633,"path_taken":["M","?","M","M","M","R","M","M","T","E","M","R","$","?","R","BOSS","M","M","?","?","?","R","?","E","T","M","?","?","E","M","R","BOSS","M","M","$","M","$","E","?","?","T","E","M","E","R","M","R","BOSS"],"items_purchased_type":["Card","Relic","Potion"],"build_version":"2020-12-22","purchased_purges":4,"victory":false,"max_hp_per_floor":[70,70,70,70,70,70,70,70,70,72,72,72,72,72,72,72,72,72,72,72,72,72,72,74,76,76,78,83,83,85,87,87,87,87,87,89,89,91,91,91,91,91,91,91,91,91,91,93,93,93,93],"relic_stats":{"Singing Bowl":18,"counters":[27,132],"Blue Candle":[0],"Letter Opener":[341],"War Paint":["Reflex","Adrenaline"],"Smiling Mask":250,"Boot":[19],"Nunchaku":[7],"TheAbacus":[72],"Pantograph":36,"Black Star":3,"obtain_stats":[{"Ice Cream":46,"Singing Bowl":9,"Blue Candle":30,"The Courier":40,"Letter Opener":20,"War Paint":44,"Smiling Mask":10,"Boot":41,"Ancient Tea Set":43,"CaptainsWheel":14,"Nunchaku":44,"TheAbacus":39,"Pantograph":25,"Fusion Hammer":17,"Red Mask":24,"Black Star":34,"TungstenRod":46,"Ring of the Snake":0,"Meat on the Bone":40},{"Ice Cream":25,"Singing Bowl":6,"Blue Candle":16,"The Courier":22,"Letter Opener":11,"War Paint":23,"Smiling Mask":7,"Boot":22,"Ancient Tea Set":22,"CaptainsWheel":8,"Nunchaku":23,"TheAbacus":21,"Pantograph":14,"Fusion Hammer":9,"Red Mask":13,"Black Star":18,"TungstenRod":25,"Ring of the Snake":0,"Meat on the Bone":22},{"Ice Cream":119,"Singing Bowl":24,"Blue Candle":69,"The Courier":106,"Letter Opener":45,"War Paint":113,"Smiling Mask":28,"Boot":106,"Ancient Tea Set":106,"CaptainsWheel":31,"Nunchaku":113,"TheAbacus":97,"Pantograph":59,"Fusion Hammer":37,"Red Mask":53,"Black Star":86,"TungstenRod":119,"Ring of the Snake":0,"Meat on the Bone":106}],"TungstenRod":10,"Ring of the Snake":[54],"Meat on the Bone":36},"card_choices":[{"not_picked":["Prepared","Dodge and Roll"],"picked":"Accuracy","floor":1.0},{"not_picked":["Deflect","Footwork"],"picked":"Dagger Spray","floor":3.0},{"not_picked":["Bullet Time","Quick Slash"],"picked":"Calculated Gamble","floor":4.0},{"not_picked":["Sucker Punch","Distraction"],"picked":"Infinite Blades","floor":5.0},{"not_picked":["Bane","Prepared"],"picked":"Escape Plan","floor":7.0},{"not_picked":["Outmaneuver","Deflect"],"picked":"Masterful Stab","floor":8.0},{"not_picked":["Sucker Punch","Catalyst","Quick Slash"],"picked":"Singing Bowl","floor":10.0},{"not_picked":["Calculated Gamble","Dagger Throw"],"picked":"Deadly Poison","floor":11.0},{"not_picked":["A Thousand Cuts","Phantasmal Killer"],"picked":"Adrenaline","floor":16},{"not_picked":["Bane","Underhanded Strike+1"],"picked":"Riddle With Holes+1","floor":18},{"not_picked":["Blur","Concentrate"],"picked":"PiercingWail","floor":19},{"not_picked":["Footwork","Dagger Throw"],"picked":"Deflect","floor":22},{"not_picked":["Deadly Poison","Deflect","Underhanded Strike"],"picked":"Singing Bowl","floor":24},{"not_picked":["Bane","Calculated Gamble","Cloak And Dagger"],"picked":"Singing Bowl","floor":25},{"not_picked":["Dagger Throw","Deflect","PiercingWail"],"picked":"Singing Bowl","floor":27},{"not_picked":["Footwork","Concentrate","Masterful Stab+1"],"picked":"Singing Bowl","floor":30},{"not_picked":["Flying Knee","Dodge and Roll+1","Leg Sweep"],"picked":"Singing Bowl","floor":31},{"not_picked":["Malaise","Venomology"],"picked":"Storm of Steel","floor":33},{"not_picked":["Bane","Quick Slash+1"],"picked":"Terror","floor":35},{"not_picked":["Underhanded Strike","Deadly Poison+1","Endless Agony+1"],"picked":"Singing Bowl","floor":36},{"not_picked":["Flying Knee","Dash","Dagger Throw+1"],"picked":"Singing Bowl","floor":38},{"not_picked":["Dodge and Roll+1","Predator"],"picked":"Blade Dance+1","floor":40},{"not_picked":["Masterful Stab+1","All Out Attack"],"picked":"Tactician+1","floor":44},{"not_picked":["Quick Slash","Blur"],"picked":"Blade Dance+1","floor":45},{"not_picked":["Tactician+1","Flechettes"],"picked":"Blade Dance+1","floor":46},{"not_picked":["Dagger Spray+1","Corpse Explosion","Infinite Blades"],"picked":"Singing Bowl","floor":48}],"player_experience":36024,"relics_obtained":[{"floor":9.0,"key":"Singing Bowl"},{"floor":10.0,"key":"Smiling Mask"},{"floor":24,"key":"Red Mask"},{"floor":25,"key":"Pantograph"},{"floor":30,"key":"Blue Candle"},{"floor":40,"key":"Meat on the Bone"},{"floor":40,"key":"The Courier"},{"floor":43,"key":"Ancient Tea Set"},{"floor":44,"key":"War Paint"},{"floor":44,"key":"Nunchaku"},{"floor":46,"key":"Ice Cream"},{"floor":46,"key":"TungstenRod"}],"event_choices":[{"damage_healed":0.0,"max_hp_gain":0.0,"max_hp_loss":0.0,"gold_gain":0.0,"cards_transformed":["Strike_G"],"event_name":"Living Wall","player_choice":"Change","floor":2.0,"gold_loss":0.0,"damage_taken":0.0,"cards_obtained":["Tools of the Trade"]},{"damage_healed":0,"gold_gain":0,"player_choice":"Searched \u00271\u0027 times","damage_taken":0,"relics_obtained":["CaptainsWheel"],"max_hp_gain":0,"max_hp_loss":0,"event_name":"Dead Adventurer","floor":14,"gold_loss":0},{"damage_healed":0,"gold_gain":0,"player_choice":"Obtained Relic","damage_taken":0,"relics_obtained":["Letter Opener"],"max_hp_gain":0,"max_hp_loss":0,"event_name":"Addict","floor":20,"gold_loss":85},{"damage_healed":0,"gold_gain":0,"player_choice":"Ignored","damage_taken":0,"max_hp_gain":0,"max_hp_loss":0,"event_name":"Ghosts","floor":21,"gold_loss":0},{"damage_healed":0,"gold_gain":0,"player_choice":"Fought Bandits","damage_taken":0,"max_hp_gain":0,"max_hp_loss":0,"event_name":"Masked Bandits","floor":24,"gold_loss":0},{"damage_healed":0,"gold_gain":0,"player_choice":"Shed Blood","damage_taken":20,"max_hp_gain":5,"max_hp_loss":0,"event_name":"Forgotten Altar","floor":28,"gold_loss":0},{"damage_healed":0,"gold_gain":0,"player_choice":"Gave Potion","damage_taken":0,"relics_obtained":["Boot"],"max_hp_gain":0,"max_hp_loss":0,"event_name":"WeMeetAgain","floor":41,"gold_loss":0}],"is_beta":false,"boss_relics":[{"not_picked":["Ectoplasm","SlaversCollar"],"picked":"Fusion Hammer"},{"not_picked":["Cursed Key","Snecko Eye"],"picked":"Black Star"}],"items_purged_floors":[13,29,37,39],"is_endless":false,"potions_floor_spawned":[1,4,10,11,24,30,33,36,44,45],"killed_by":"Time Eater","ascension_level":3}}