{"host":"k3q0k2m1mxhfmd6y","time":1609940836,"event":{"mods":["AchievementEnabler","BaseMod","BetterRewards","Colored Map","Colored Powertips","Downfall","Googly Eyes","Hubris","Minty Spire (QoL Compilation)","Permanent Neow","Quick Restart","Replay The Spire","StSLib","SuperFastMode","The IronCluck","slay the spire mod where everything is the same but ironclad has a cowboy hat"],"gold_per_floor":[109,109,126,137,157,184,197,197,224,253,253,263,296,296,296,296,296],"floor_reached":16,"playtime":476,"items_purged":[],"score":128,"play_id":"c1015b0a-4089-4fa2-a851-411f96d94abd","local_time":"20210106134716","is_ascension_mode":true,"campfire_choices":[{"data":"Spot Weakness","floor":8,"key":"SMITH"},{"data":"Bash","floor":11,"key":"SMITH"},{"data":"Shockwave","floor":15,"key":"SMITH"}],"circlet_count":0,"master_deck":["Strike_R","Strike_R","Strike_R","Strike_R","Strike_R","Defend_R","Defend_R","Defend_R","Defend_R","Bash+1","Run Through","Thunderclap","Cleave","Clash","Spot Weakness+1","Double Tap","Shockwave+1","Run Through","Regret"],"relics":["Burning Blood","hubris:Towel","FossilizedHelix","Bronze Scales","hubris:TenFootPole","Happy Flower","Boot"],"acts_visited":["Exordium"],"potions_floor_usage":[6,6,13],"damage_taken":[{"damage":5,"enemies":"Small Slimes","floor":1,"turns":4},{"damage":6,"enemies":"Jaw Worm","floor":3,"turns":3},{"damage":6,"enemies":"Cultist","floor":4,"turns":3},{"damage":4,"enemies":"Large Slime","floor":5,"turns":6},{"damage":8,"enemies":"3 Sentries","floor":6,"turns":5},{"damage":12,"enemies":"Blue Slaver","floor":7,"turns":3},{"damage":19,"enemies":"Replay:BlueRogue","floor":10,"turns":5},{"damage":0,"enemies":"2 Fungi Beasts","floor":12,"turns":2},{"damage":18,"enemies":"3 Sentries","floor":13,"turns":4},{"damage":72,"enemies":"Fading Forest","floor":16,"turns":10}],"seed_played":"8860407360420076362","potions_obtained":[{"floor":3,"key":"PowerPotion"},{"floor":4,"key":"sneckomod:MuddlingPotion"},{"floor":5,"key":"Swift Potion"},{"floor":12,"key":"champ:CounterPotion"}],"is_trial":false,"path_per_floor":["M","?","M","M","M","E","M","R","T","E","R","M","E","?","R","B"],"character_chosen":"IRONCLAD","items_purchased":[],"campfire_rested":0,"item_purchase_floors":[],"current_hp_per_floor":[80,80,80,80,80,78,72,72,72,59,59,65,53,53,53,0,0],"gold":296,"neow_bonus":"THREE_CARDS","is_daily":false,"chose_seed":false,"campfire_upgraded":3,"win_rate":0.0,"timestamp":1609940836,"path_taken":["M","?","M","M","M","E","M","R","T","E","R","M","E","?","R","BOSS"],"items_purchased_type":[],"build_version":"2020-12-22","purchased_purges":0,"victory":false,"max_hp_per_floor":[80,80,80,80,80,80,80,80,80,80,80,80,80,80,80,80,80],"card_choices":[{"not_picked":["Thunderclap","Iron Wave"],"picked":"Run Through","floor":0},{"not_picked":["ReplayTheSpireMod:Limb From Limb","ReplayTheSpireMod:LeadingStrike"],"picked":"Thunderclap","floor":1},{"not_picked":["Thunderclap","Dropkick"],"picked":"Cleave","floor":3},{"not_picked":["hubris:CleavingFinish","True Grit"],"picked":"Clash","floor":4},{"not_picked":["Wild Strike","Power Through"],"picked":"Spot Weakness","floor":5},{"not_picked":["Searing Blow","Burning Pact"],"picked":"Double Tap","floor":6},{"not_picked":["Shockwave","Pommel Strike","hubris:ReadiedAction"],"picked":"SKIP","floor":7},{"not_picked":["Thunderclap","Replay:Undeath\u0027s Touch","hubris:ReadiedAction"],"picked":"SKIP","floor":10},{"not_picked":["Thunderclap","Replay:Undeath\u0027s Touch","hubris:ReadiedAction"],"picked":"SKIP","floor":10},{"not_picked":["Massacre","Life Link"],"picked":"Shockwave","floor":12},{"not_picked":["Abandon","Hemokinesis"],"picked":"Run Through","floor":13}],"player_experience":109292,"relics_obtained":[{"floor":6,"key":"FossilizedHelix"},{"floor":9,"key":"Bronze Scales"},{"floor":10,"key":"hubris:TenFootPole"},{"floor":13,"key":"Happy Flower"}],"event_choices":[{"damage_healed":0,"gold_gain":0,"player_choice":"Box","damage_taken":0,"relics_obtained":["Boot"],"max_hp_gain":0,"max_hp_loss":0,"event_name":"Big Fish","floor":14,"gold_loss":0,"cards_obtained":["Regret"]}],"is_beta":false,"boss_relics":[],"items_purged_floors":[],"is_endless":false,"potions_floor_spawned":[3,4,5,12],"killed_by":"Fading Forest","ascension_level":1}}