{"host":"qa029bqsloh3rj2z","time":1609958686,"event":{"mods":["AchievementEnabler","BaseMod","Colored Powertips","DeckTracker","Minty Spire (QoL Compilation)"],"gold_per_floor":[116,191,191,64,76,108,108,126,126,126,126,126,26,26,26,154,154,133,164,164,183,199,199,199],"floor_reached":23,"playtime":1970,"items_purged":["Strike_R","Defend_R"],"score":187,"play_id":"f9a72210-b243-47dd-a958-8ba52dc93255","local_time":"20210106134446","is_ascension_mode":false,"campfire_choices":[{"floor":7,"key":"REST"},{"data":"Bash","floor":12,"key":"SMITH"},{"data":"Clash","floor":15,"key":"SMITH"}],"circlet_count":0,"master_deck":["Strike_R","Strike_R","Defend_R","Defend_R","Bash+1","Iron Wave","Clash+1","Shrug It Off+1","Infernal Blade"],"relics":["Black Blood","Red Skull","Frozen Egg 2","Golden Idol","Red Mask"],"acts_visited":["Exordium","TheCity"],"potions_floor_usage":[6,23,23,23],"damage_taken":[{"damage":6,"enemies":"2 Louse","floor":1,"turns":3},{"damage":0,"enemies":"Cultist","floor":5,"turns":3},{"damage":74,"enemies":"3 Sentries","floor":6,"turns":19},{"damage":0,"enemies":"Small Slimes","floor":8,"turns":3},{"damage":27,"enemies":"The Guardian","floor":16,"turns":12},{"damage":28,"enemies":"2 Thieves","floor":18,"turns":5},{"damage":37,"enemies":"Masked Bandits","floor":19,"turns":6},{"damage":22,"enemies":"3 Byrds","floor":21,"turns":7},{"damage":14,"enemies":"Snake Plant","floor":22,"turns":4},{"damage":23,"enemies":"Book of Stabbing","floor":23,"turns":6}],"seed_played":"-8820459534609745766","potions_obtained":[{"floor":5,"key":"BlessingOfTheForge"},{"floor":6,"key":"SkillPotion"},{"floor":16,"key":"Dexterity Potion"},{"floor":21,"key":"PowerPotion"}],"is_trial":false,"path_per_floor":["M","?","?","$","M","E","R","M","T","?","?","R","$","?","R","B",null,"M","?","?","M","M","E"],"character_chosen":"IRONCLAD","items_purchased":["Clash"],"campfire_rested":1,"item_purchase_floors":[4],"current_hp_per_floor":[80,69,69,69,75,7,31,37,37,37,37,37,37,74,74,53,74,58,33,33,23,21,0,0],"gold":199,"neow_bonus":"REMOVE_CARD","is_daily":false,"chose_seed":false,"campfire_upgraded":2,"win_rate":0.0,"timestamp":1609958686,"path_taken":["M","?","?","$","?","E","R","M","T","?","?","R","$","?","R","BOSS","M","?","?","?","M","E"],"items_purchased_type":["Card"],"build_version":"2020-12-22","purchased_purges":2,"victory":false,"max_hp_per_floor":[80,80,80,80,80,80,80,80,80,80,74,74,74,74,74,74,74,74,74,74,74,74,74,74],"card_choices":[{"not_picked":["Armaments","Second Wind","Iron Wave"],"picked":"SKIP","floor":1},{"not_picked":["Ghostly Armor","Uppercut"],"picked":"Shrug It Off","floor":5},{"not_picked":["Pommel Strike","Spot Weakness","Hemokinesis"],"picked":"SKIP","floor":6},{"not_picked":["Intimidate","True Grit","Dark Embrace"],"picked":"SKIP","floor":8},{"not_picked":["Pummel+1","Ghostly Armor","Power Through"],"picked":"SKIP","floor":18},{"not_picked":["Rampage","Clothesline","Flex"],"picked":"SKIP","floor":21},{"not_picked":["Metallicize+1","Clash","Perfected Strike"],"picked":"SKIP","floor":22}],"player_experience":15179,"relics_obtained":[{"floor":6,"key":"Red Skull"},{"floor":9,"key":"Frozen Egg 2"},{"floor":19,"key":"Red Mask"}],"event_choices":[{"damage_healed":0,"gold_gain":75,"player_choice":"Gather Gold","damage_taken":11,"max_hp_gain":0,"max_hp_loss":0,"event_name":"World of Goop","floor":2,"gold_loss":0},{"cards_removed":["Strike_R"],"damage_healed":0,"gold_gain":0,"player_choice":"Took Card","damage_taken":0,"max_hp_gain":0,"max_hp_loss":0,"event_name":"NoteForYourself","floor":3,"gold_loss":0,"cards_obtained":["Iron Wave"]},{"damage_healed":0,"gold_gain":0,"player_choice":"Grow","damage_taken":0,"max_hp_gain":0,"max_hp_loss":0,"event_name":"Living Wall","floor":10,"gold_loss":0,"cards_upgraded":["Shrug It Off"]},{"damage_healed":0,"gold_gain":0,"player_choice":"Lose Max HP","damage_taken":0,"relics_obtained":["Golden Idol"],"max_hp_gain":0,"max_hp_loss":6,"event_name":"Golden Idol","floor":11,"gold_loss":0},{"damage_healed":37,"gold_gain":0,"player_choice":"Full Heal","damage_taken":0,"max_hp_gain":0,"max_hp_loss":0,"event_name":"Wheel of Change","floor":14,"gold_loss":0},{"damage_healed":0,"gold_gain":0,"player_choice":"Fought Bandits","damage_taken":0,"max_hp_gain":0,"max_hp_loss":0,"event_name":"Masked Bandits","floor":19,"gold_loss":0},{"damage_healed":0,"gold_gain":0,"cards_transformed":["Defend_R"],"player_choice":"Transformed","damage_taken":0,"max_hp_gain":0,"max_hp_loss":0,"event_name":"Transmorgrifier","floor":20,"gold_loss":0,"cards_obtained":["Infernal Blade"]}],"is_beta":false,"boss_relics":[{"not_picked":["Philosopher\u0027s Stone","Tiny House"],"picked":"Black Blood"}],"items_purged_floors":[4,13],"is_endless":false,"potions_floor_spawned":[5,6,16,21],"killed_by":"Book of Stabbing","ascension_level":0}}