{"host":"i0avyit1s6jb1siw","time":1609949282,"event":{"mods":["BaseMod","DeckTracker","Dota2Spire","Highlight Path","Minty Spire (QoL Compilation)","Quick Restart","StSLib","SuperFastMode"],"gold_per_floor":[109,34,49,49,61,61,89,89,116,116,116],"floor_reached":10,"playtime":134,"items_purged":["Defend_P"],"score":132,"play_id":"32de69ba-fe31-4f66-a0db-9481bab58f3d","local_time":"20210106170802","is_ascension_mode":true,"campfire_choices":[{"data":"Vigilance","floor":6.0,"key":"SMITH"},{"data":"Tantrum","floor":8,"key":"SMITH"}],"circlet_count":0,"master_deck":["AscendersBane","Strike_P","Strike_P","Strike_P","Strike_P","Defend_P","Defend_P","Defend_P","Eruption+1","Vigilance+1","CrushJoints+1","Tantrum+1"],"relics":["PureWater","Dota2Spire:MaskOfMadness","Potion Belt"],"acts_visited":[],"potions_floor_usage":[10],"damage_taken":[{"damage":4.0,"enemies":"2 Louse","floor":1.0,"turns":3.0},{"damage":0.0,"enemies":"Small Slimes","floor":3.0,"turns":2.0},{"damage":0.0,"enemies":"Jaw Worm","floor":5.0,"turns":1.0},{"damage":32,"enemies":"Gremlin Nob","floor":7,"turns":4},{"damage":35,"enemies":"3 Sentries","floor":10,"turns":3}],"seed_played":"224818136095776545","potions_obtained":[{"floor":5.0,"key":"Dota2Spire:HealingSalve"}],"is_trial":false,"path_per_floor":["M","$","M","?","M","R","E","R","T","E"],"character_chosen":"WATCHER","items_purchased":[],"campfire_rested":0,"item_purchase_floors":[],"current_hp_per_floor":[57,57,57,57,57,57,25,25,25,0,0],"gold":116,"neow_bonus":"UPGRADE_CARD","is_daily":false,"chose_seed":false,"campfire_upgraded":2,"win_rate":0.0,"timestamp":1609949282,"path_taken":["M","$","M","?","M","R","E","R","T","E"],"items_purchased_type":[],"build_version":"2020-12-22","purchased_purges":1,"victory":false,"max_hp_per_floor":[68,68,68,68,68,68,68,68,68,68,68],"card_choices":[{"not_picked":["Halt","WindmillStrike","Wireheading"],"picked":"SKIP","floor":1.0},{"not_picked":["Protect","BowlingBash"],"picked":"CrushJoints","floor":3.0},{"not_picked":["Vengeance","PathToVictory","CrushJoints"],"picked":"SKIP","floor":5.0},{"not_picked":["CutThroughFate","Worship"],"picked":"Tantrum","floor":7}],"player_experience":2177157,"relics_obtained":[{"floor":7,"key":"Dota2Spire:MaskOfMadness"},{"floor":9,"key":"Potion Belt"}],"event_choices":[{"damage_healed":0.0,"max_hp_gain":0.0,"max_hp_loss":0.0,"gold_gain":0.0,"event_name":"Living Wall","player_choice":"Grow","floor":4.0,"gold_loss":0.0,"damage_taken":0.0,"cards_upgraded":["CrushJoints"]}],"is_beta":false,"boss_relics":[],"items_purged_floors":[2],"is_endless":false,"potions_floor_spawned":[5],"killed_by":"3 Sentries","ascension_level":20}}