{"host":"ea20mv0bbraasqto","time":1609973519,"event":{"mods":["AchievementEnabler","Act Like it!","Arknights The Spire","BaseMod","Better Match","BetterRewards","CapriCore","Card Forge","Colored Map","Curses Come First","DeckTracker","Downfall","Evolution","Faster Ascension Climbing","Gold Saver","Grow up Mod","Hermit","Marisa????????","Minty Spire (QoL Compilation)","Permanent Neow","Quick Restart","Shop Mod","Spicy Shops","StSLib","The Juggle","The Necromancer","TheHeartMod","TheSwordswoman","Uncapped","Unceasing Turn Reminder","noobMod"],"gold_per_floor":[110,110,128,143,143,183,33,52,52,22,22,65,89,89,89,225,225,256,279,49,74,101,129,129,150,150,13,13,38,62,84,84,221,221,246,266,281,5,20,41,41,41,41,62,62,85,140,415,415,415,415,415,115,148,148],"floor_reached":56,"playtime":3701,"items_purged":[],"score":1292,"play_id":"3a0b16a1-2732-4269-9c7a-b2ebf1bf6006","local_time":"20210106235159","is_ascension_mode":false,"campfire_choices":[{"floor":11,"key":"RECALL"},{"floor":15,"key":"REST"},{"floor":24,"key":"REST"},{"data":"hermit:Showdown","floor":32,"key":"SMITH"},{"floor":42,"key":"REST"},{"floor":45,"key":"REST"},{"floor":49,"key":"REST"},{"floor":52,"key":"REST"}],"circlet_count":0,"master_deck":["hermit:Strike_Hermit+1","hermit:Strike_Hermit+1","hermit:Strike_Hermit+1","hermit:Strike_Hermit+1","hermit:Defend_Hermit+1","hermit:Defend_Hermit+1","hermit:Defend_Hermit+1","hermit:Defend_Hermit+1","hermit:Maintenance+1","hermit:EternalForm+1","hermit:Maintenance+1","hermit:Showdown+1","hermit:Maintenance+1","hermit:EyeOfTheStorm+1","hermit:Maintenance+1","hermit:Strike_Hermit+1","hermit:Maintenance+1","hermit:Defend_Hermit+1","hermit:EyeOfTheStorm+1","hermit:Maintenance+1"],"relics":["hermit:Momento","Hammer of Thor","Seething Fire","Anvil of the Gods","EVO:Axolotl","ice","NeowsBlessing","Oddly Smooth Stone","Golden Idol","Bottled Tornado","Anchor","Bag of Marbles","SacredBark","MerchantsRug","Membership Card","Ornamental Fan","Snecko Eye","ClockworkSouvenir","Darkstone Periapt","Centennial Puzzle","Sundial","Bronze Scales","Nunchaku","hermit:Horseshoe","Shuriken","Happy Flower"],"acts_visited":["Exordium","TheCity","TheBeyond","TheEnding"],"potions_floor_usage":[6,19,31,50,55,55,55],"damage_taken":[{"damage":0,"enemies":"2 Louse","floor":1,"turns":1},{"damage":0,"enemies":"Jaw Worm","floor":3,"turns":1},{"damage":0,"enemies":"Cultist","floor":4,"turns":1},{"damage":6,"enemies":"3 Sentries","floor":6,"turns":5},{"damage":0,"enemies":"2 Fungi Beasts","floor":8,"turns":2},{"damage":9,"enemies":"Lagavulin","floor":12,"turns":4},{"damage":0,"enemies":"Blue Slaver","floor":13,"turns":1},{"damage":101,"enemies":"Hexaghost","floor":16,"turns":7},{"damage":7,"enemies":"Shell Parasite","floor":18,"turns":4},{"damage":0,"enemies":"3 Byrds","floor":19,"turns":4},{"damage":0,"enemies":"Snake Plant","floor":21,"turns":4},{"damage":0,"enemies":"Snecko","floor":22,"turns":3},{"damage":5,"enemies":"Shelled Parasite and Fungi","floor":23,"turns":5},{"damage":52,"enemies":"Sentry and Sphere","floor":25,"turns":6},{"damage":0,"enemies":"Centurion and Healer","floor":29,"turns":4},{"damage":1,"enemies":"Snecko","floor":30,"turns":4},{"damage":1,"enemies":"Shelled Parasite and Fungi","floor":31,"turns":5},{"damage":62,"enemies":"Automaton","floor":33,"turns":9},{"damage":0,"enemies":"Orb Walker","floor":35,"turns":2},{"damage":28,"enemies":"3 Shapes","floor":36,"turns":5},{"damage":0,"enemies":"Maw","floor":37,"turns":6},{"damage":0,"enemies":"3 Darklings","floor":39,"turns":6},{"damage":0,"enemies":"Sphere and 2 Shapes","floor":40,"turns":4},{"damage":15,"enemies":"4 Shapes","floor":44,"turns":10},{"damage":0,"enemies":"Spire Growth","floor":46,"turns":5},{"damage":0,"enemies":"Donu and Deca","floor":50,"turns":9},{"damage":35,"enemies":"Shield and Spear","floor":54,"turns":6},{"damage":82,"enemies":"The Heart","floor":55,"turns":9}],"seed_played":"918562374406205943","potions_obtained":[{"floor":3,"key":"Dexterity Potion"},{"floor":4,"key":"Regen Potion"},{"floor":10,"key":"DistilledChaos"},{"floor":10,"key":"Dexterity Potion"},{"floor":12,"key":"CultistPotion"},{"floor":19,"key":"SmokeBomb"},{"floor":22,"key":"SpeedPotion"},{"floor":31,"key":"Guardian:BlockOnCardUsePotion"},{"floor":39,"key":"Dexterity Potion"}],"is_trial":false,"path_per_floor":["M","?","M","M","?","E","$","M","T","?","R","E","M","$","R","B",null,"M","M","$","M","M","M","R","M","T","$","?","M","M","M","R","B",null,"M","M","M","$","M","M","?","R","T","M","R","M","T","?","R","B",null,"R","$","E","B",null],"character_chosen":"HERMIT","items_purchased":["Anchor","MerchantsRug","hermit:Tonic","Membership Card","Ornamental Fan","ClockworkSouvenir","Darkstone Periapt","Centennial Puzzle","Nunchaku","hermit:Horseshoe","LiquidBronze","Shuriken"],"campfire_rested":6,"item_purchase_floors":[7,20,20,27,27,38,38,38,53,53,53,53],"current_hp_per_floor":[95,80,90,100,110,128,138,148,158,168,178,179,189,199,225,134,245,248,258,268,278,288,293,315,273,283,293,303,313,322,331,341,289,415,425,407,417,427,437,447,485,495,505,500,525,535,545,561,571,581,591,601,611,586,524],"gold":148,"neow_bonus":"THREE_ENEMY_KILL","is_daily":false,"chose_seed":false,"campfire_upgraded":1,"win_rate":0.0,"timestamp":1609973519,"path_taken":["M","?","M","M","?","E","$","M","T","?","R","E","M","$","R","BOSS","M","M","$","?","M","M","R","M","T","$","?","M","M","M","R","BOSS","M","M","M","$","M","M","?","R","T","?","R","M","?","?","R","BOSS","R","$","E","BOSS"],"items_purchased_type":["Relic","Relic","Potion","Relic","Relic","Relic","Relic","Relic","Relic","Relic","Potion","Relic"],"build_version":"2020-12-22","purchased_purges":0,"victory":true,"max_hp_per_floor":[95,105,115,125,125,135,145,155,165,175,185,195,205,215,225,235,245,255,265,275,285,295,305,315,325,335,345,355,365,375,385,395,405,415,425,435,445,455,465,475,485,495,505,515,525,535,545,561,571,581,591,601,611,621,641],"card_choices":[{"not_picked":["hermit:Vantage","hermit:Misfire"],"picked":"hermit:Maintenance","floor":1},{"not_picked":["hermit:Coalescence","hermit:Feint"],"picked":"hermit:TrackingShot","floor":3},{"not_picked":["hermit:CursedWeapon","hermit:Deadeye"],"picked":"hermit:EyeOfTheStorm","floor":4},{"not_picked":["hermit:Glare","hermit:LowProfile"],"picked":"hermit:Deadeye","floor":6},{"not_picked":["hermit:Manifest","hermit:WideOpen"],"picked":"hermit:TakeAim","floor":8},{"not_picked":["hermit:HighCaliber","hermit:LowProfile"],"picked":"hermit:CalledShot","floor":12},{"not_picked":["hermit:Malice","hermit:Roulette","hermit:LowProfile"],"picked":"SKIP","floor":13},{"not_picked":["hermit:Adapt","hermit:OverwhelmingPower"],"picked":"hermit:HighNoon","floor":16},{"not_picked":["hermit:Dive+1","hermit:Manifest+1","hermit:DeadMansHand+1"],"picked":"SKIP","floor":18},{"not_picked":["hermit:Vantage","hermit:Roulette+1","hermit:RoundhouseKick"],"picked":"SKIP","floor":19},{"not_picked":["hermit:ItchyTrigger","hermit:Misfire"],"picked":"hermit:TakeCover+1","floor":21},{"not_picked":["hermit:SprayPray","hermit:Grudge"],"picked":"hermit:Quickdraw","floor":22},{"not_picked":["hermit:LowProfile","hermit:Spite"],"picked":"hermit:Glare","floor":23},{"not_picked":["hermit:Misfire","hermit:Coalescence","hermit:Virtue"],"picked":"SKIP","floor":25},{"not_picked":["hermit:BodyArmor","hermit:Vantage"],"picked":"hermit:Ricochet","floor":29},{"not_picked":["hermit:OverwhelmingPower","hermit:Glare"],"picked":"hermit:Quickdraw","floor":30},{"not_picked":["hermit:Spite","hermit:Shortfuse"],"picked":"hermit:Showdown","floor":31},{"not_picked":["hermit:BodyArmor+1","hermit:Headshot+1"],"picked":"hermit:Maintenance","floor":35},{"not_picked":["hermit:WideOpen","hermit:LowProfile","hermit:Feint"],"picked":"SKIP","floor":36},{"not_picked":["hermit:Desperado","hermit:Misfire+1","hermit:HoleUp+1"],"picked":"SKIP","floor":37},{"not_picked":["hermit:WideOpen","hermit:Cheat+1","hermit:CalledShot"],"picked":"SKIP","floor":39},{"not_picked":["hermit:ItchyTrigger","hermit:Deadeye+1","hermit:LoneWolf"],"picked":"SKIP","floor":40},{"not_picked":["hermit:Dissolve","hermit:Scavenge","hermit:Quickdraw"],"picked":"SKIP","floor":44},{"not_picked":["hermit:Manifest+1","hermit:Misfire+1","hermit:FlashPowder"],"picked":"SKIP","floor":46},{"not_picked":["hermit:Snipe+1","hermit:ShadowCloak","hermit:Horror+1"],"picked":"SKIP","floor":54}],"player_experience":190461,"relics_obtained":[{"floor":6,"key":"Bottled Tornado"},{"floor":12,"key":"Bag of Marbles"},{"floor":26,"key":"Blue Candle"},{"floor":43,"key":"Sundial"},{"floor":47,"key":"Bronze Scales"},{"floor":54,"key":"Happy Flower"}],"event_choices":[{"damage_healed":0,"gold_gain":0,"player_choice":"Success","damage_taken":25,"relics_obtained":["Oddly Smooth Stone"],"max_hp_gain":0,"max_hp_loss":0,"event_name":"Scrap Ooze","floor":2,"gold_loss":0},{"damage_healed":0,"gold_gain":0,"player_choice":"Lose Max HP","damage_taken":0,"relics_obtained":["Golden Idol"],"max_hp_gain":0,"max_hp_loss":10,"event_name":"Golden Idol","floor":5,"gold_loss":0},{"damage_healed":0,"gold_gain":0,"player_choice":"Bought 2 Potions","damage_taken":0,"max_hp_gain":0,"max_hp_loss":0,"event_name":"The Woman in Blue","floor":10,"gold_loss":0},{"damage_healed":0,"gold_gain":0,"player_choice":"Ignored","damage_taken":0,"max_hp_gain":0,"max_hp_loss":0,"event_name":"Vampires","floor":28,"gold_loss":0},{"cards_removed":["hermit:Maintenance"],"damage_healed":28,"gold_gain":0,"player_choice":"Offered Uncommon","damage_taken":0,"max_hp_gain":0,"max_hp_loss":0,"event_name":"Bonfire Elementals","floor":41,"gold_loss":0},{"damage_healed":0,"gold_gain":275,"player_choice":"Desecrate","damage_taken":0,"max_hp_gain":0,"max_hp_loss":0,"event_name":"Golden Shrine","floor":48,"gold_loss":0,"cards_obtained":["Regret"]}],"is_beta":false,"boss_relics":[{"not_picked":["SlaversCollar","Cursed Key"],"picked":"SacredBark"},{"not_picked":["Runic Dome","Black Star"],"picked":"Snecko Eye"}],"items_purged_floors":[],"is_endless":false,"potions_floor_spawned":[3,4,12,19,22,25,31,33,36,39,46,54],"ascension_level":0}}