{"host":"armnliea5o2aqs4b","time":1609929936,"event":{"mods":["BaseMod","Hermit","Hubris","Infinite Spire","Minty Spire (QoL Compilation)","Quick Restart","StSLib","The Construct","The Disciple","The Forsaken"],"gold_per_floor":[117,67,47,67,43,377,377,79,79,29,29,58,73,107,107,206,206,218,236,236,236,255,255,270,270,270,270,297,310,310,325,325,420,420,431,431,448,19,19,19,19,19,46,64,64,80,99,111,111,111,111],"floor_reached":50,"playtime":1297,"items_purged":["Strike_B","Strike_B+1"],"score":530,"play_id":"751c3d95-98ca-4217-a4e6-c0e6caf12e63","local_time":"20210106214536","is_ascension_mode":true,"campfire_choices":[{"data":"hubris:PowerSurge","floor":7,"key":"SMITH"},{"data":"Loop","floor":11,"key":"SMITH"},{"data":"Electrodynamics","floor":15,"key":"SMITH"},{"data":"Tempest","floor":23,"key":"SMITH"},{"floor":30,"key":"REST"},{"floor":32,"key":"REST"},{"data":"Capacitor","floor":40,"key":"SMITH"},{"data":"Multi-Cast","floor":45,"key":"SMITH"},{"floor":49,"key":"REST"}],"circlet_count":0,"master_deck":["Strike_B+1","Defend_B+1","Defend_B+1","Defend_B+1","Defend_B+1","Zap","Dualcast","Static Discharge","Ball Lightning","Ball Lightning","Compile Driver","hubris:PowerSurge+1","Loop+1","Electrodynamics+1","Buffer+1","Tempest+1","Multi-Cast+1","White Noise+1","Capacitor+1","Capacitor"],"relics":["Cracked Core","NeowsBlessing","Old Coin","DataDisk","infinitespire:Bottled Soul","Art of War","hubris:Potato","hubris:HollowSoul","Nilry\u0027s Codex","infinitespire:Eraser","Boot","construct:WeddingRing","Nunchaku","Bottled Tornado","HornCleat","infinitespire:Satchel"],"acts_visited":["Exordium","TheCity","TheBeyond"],"potions_floor_usage":[16,33,50,50,50],"damage_taken":[{"damage":0,"enemies":"Jaw Worm","floor":1,"turns":1},{"damage":0,"enemies":"Cultist","floor":4,"turns":1},{"damage":0,"enemies":"3 Sentries","floor":6,"turns":1},{"damage":13,"enemies":"Lagavulin","floor":12,"turns":3},{"damage":0,"enemies":"2 Louse","floor":13,"turns":2},{"damage":6,"enemies":"Gremlin Nob","floor":14,"turns":3},{"damage":21,"enemies":"Hexaghost","floor":16,"turns":4},{"damage":0,"enemies":"Spheric Guardian","floor":18,"turns":3},{"damage":4,"enemies":"3 Byrds","floor":19,"turns":2},{"damage":0,"enemies":"Cultist and Chosen","floor":22,"turns":3},{"damage":5,"enemies":"Snecko","floor":24,"turns":3},{"damage":31,"enemies":"Gremlin Leader","floor":28,"turns":3},{"damage":4,"enemies":"Centurion and Healer","floor":29,"turns":3},{"damage":19,"enemies":"Shelled Parasite and Fungi","floor":31,"turns":4},{"damage":17,"enemies":"Collector","floor":33,"turns":6},{"damage":0,"enemies":"3 Darklings","floor":35,"turns":2},{"damage":0,"enemies":"3 Shapes","floor":37,"turns":3},{"damage":0,"enemies":"Sphere and 2 Shapes","floor":44,"turns":3},{"damage":16,"enemies":"4 Shapes","floor":46,"turns":3},{"damage":13,"enemies":"Maw","floor":47,"turns":6},{"damage":0,"enemies":"3 Darklings","floor":48,"turns":1},{"damage":25,"enemies":"Time Eater","floor":50,"turns":2}],"seed_played":"-32257232194013792","potions_obtained":[{"floor":1,"key":"AttackPotion"},{"floor":3,"key":"DuplicationPotion"},{"floor":19,"key":"construct:ShiftPotion"},{"floor":28,"key":"Dexterity Potion"},{"floor":44,"key":"ColorlessPotion"}],"is_trial":false,"path_per_floor":["M","$","?","M","$","E","R","$","T","?","R","E","M","E","R","B",null,"M","M","?","?","M","R","M","?","T","?","E","M","R","M","R","B",null,"M","T","M","$","?","R","AVR","$","T","M","R","M","M","M","R","B"],"character_chosen":"DEFECT","items_purchased":["Ball Lightning","Compile Driver","DataDisk","Loop","Capacitor","Bottled Tornado"],"campfire_rested":3,"item_purchase_floors":[2,5,8,8,38,38],"current_hp_per_floor":[75,75,75,75,75,75,75,75,75,75,75,62,62,56,56,35,75,75,71,55,55,55,55,50,50,50,50,19,15,37,18,40,23,75,75,75,75,75,75,75,75,75,75,75,75,59,46,46,68,0,0],"gold":111,"neow_bonus":"THREE_ENEMY_KILL","is_daily":false,"chose_seed":false,"campfire_upgraded":6,"win_rate":0.0,"timestamp":1609929936,"path_taken":["M","$","?","M","$","E","R","?","T","?","R","E","?","E","R","BOSS","M","M","?","?","M","R","M","?","T","?","E","M","R","?","R","BOSS","M","?","M","$","?","R","AVR","?","T","?","R","M","M","M","R","BOSS"],"items_purchased_type":["Card","Card","Relic","Card","Card","Relic"],"build_version":"2020-12-22","purchased_purges":2,"victory":false,"max_hp_per_floor":[75,75,75,75,75,75,75,75,75,75,75,75,75,75,75,75,75,75,75,75,75,75,75,75,75,75,75,75,75,75,75,75,75,75,75,75,75,75,75,75,75,75,75,75,75,75,75,75,75,75,75],"card_choices":[{"not_picked":["Go for the Eyes","Steam Power"],"picked":"Static Discharge","floor":1},{"not_picked":["Leap","Redo"],"picked":"Ball Lightning","floor":4},{"not_picked":["Rebound","Beam Cell"],"picked":"hubris:PowerSurge","floor":6},{"not_picked":["Barrage","Leap"],"picked":"Electrodynamics","floor":12},{"not_picked":["Undo","Hologram","Leap"],"picked":"SKIP","floor":13},{"not_picked":["Steam","Cold Snap","Chill"],"picked":"SKIP","floor":14},{"not_picked":["Meteor Strike","hubris:SpecializedCircuitry"],"picked":"Buffer","floor":16},{"not_picked":["Stack","Darkness","Static Discharge"],"picked":"SKIP","floor":18},{"not_picked":["Ball Lightning+1","Rebound","Lockon"],"picked":"SKIP","floor":19},{"not_picked":["Aggregate","Genetic Algorithm"],"picked":"Tempest","floor":22},{"not_picked":["Sweeping Beam","Turbo","Ball Lightning"],"picked":"SKIP","floor":24},{"not_picked":["Ball Lightning","Reprogram","Beam Cell"],"picked":"SKIP","floor":28},{"not_picked":["Coolheaded+1","Auto Shields","Scrape"],"picked":"SKIP","floor":29},{"not_picked":["Rip and Tear","Leap","Glacier+1"],"picked":"SKIP","floor":31},{"not_picked":["Electrodynamics","Core Surge"],"picked":"Multi-Cast","floor":33},{"not_picked":["Barrage","Undo"],"picked":"White Noise+1","floor":35},{"not_picked":["Barrage","Coolheaded+1"],"picked":"Capacitor","floor":37},{"not_picked":["Compile Driver+1","Cold Snap+1","Blizzard"],"picked":"SKIP","floor":44},{"not_picked":["hubris:Prefetch","Stack+1","Turbo+1"],"picked":"SKIP","floor":46},{"not_picked":["Beam Cell+1","Rebound","Undo"],"picked":"SKIP","floor":47},{"not_picked":["Self Repair+1","Force Field","Leap+1"],"picked":"SKIP","floor":48}],"player_experience":175887,"relics_obtained":[{"floor":6,"key":"Old Coin"},{"floor":9,"key":"infinitespire:Bottled Soul"},{"floor":12,"key":"Art of War"},{"floor":14,"key":"hubris:Potato"},{"floor":20,"key":"Nilry\u0027s Codex"},{"floor":26,"key":"infinitespire:Eraser"},{"floor":28,"key":"Boot"},{"floor":36,"key":"Nunchaku"},{"floor":43,"key":"infinitespire:Satchel"}],"event_choices":[{"damage_healed":0,"gold_gain":0,"player_choice":"Bought 1 Potion","damage_taken":0,"max_hp_gain":0,"max_hp_loss":0,"event_name":"The Woman in Blue","floor":3,"gold_loss":0},{"cards_removed":["Strike_B"],"damage_healed":0,"gold_gain":0,"player_choice":"Card Removal","damage_taken":0,"max_hp_gain":0,"max_hp_loss":0,"event_name":"The Cleric","floor":10,"gold_loss":50},{"damage_healed":0,"gold_gain":0,"player_choice":"Obtained Book","damage_taken":16,"max_hp_gain":0,"max_hp_loss":0,"event_name":"Cursed Tome","floor":20,"gold_loss":0},{"damage_healed":0,"gold_gain":0,"player_choice":"Simplicity","damage_taken":0,"max_hp_gain":0,"max_hp_loss":0,"event_name":"Back to Basics","floor":25,"gold_loss":0,"cards_upgraded":["Strike_B","Strike_B","Defend_B","Defend_B","Defend_B","Defend_B"]},{"damage_healed":0,"gold_gain":0,"player_choice":"Ignored","damage_taken":0,"max_hp_gain":0,"max_hp_loss":0,"event_name":"Ghosts","floor":27,"gold_loss":0}],"is_beta":false,"boss_relics":[{"not_picked":["Cursed Key","Pandora\u0027s Box"],"picked":"hubris:HollowSoul"},{"not_picked":["Nuclear Battery","Empty Cage"],"picked":"construct:WeddingRing"}],"items_purged_floors":[8,38],"is_endless":false,"potions_floor_spawned":[1,19,28,44,46,47,48],"killed_by":"Time Eater","ascension_level":1}}