{"host":"e73i1h3j8sub0lkx","time":1609901551,"event":{"mods":["BaseMod","Minty Spire (QoL Compilation)","Quick Restart","SIMod","Small Relic Pack","StSLib","Trackpad","Wandering Minibosses"],"gold_per_floor":[118,118,132,143,224,224,256,256,256,256,48,67,102,117,117,212,212,226,226,146,166,166,166,501,518,543,655,667,667],"floor_reached":28,"playtime":1576,"items_purged":["Strike_TS","Grand Finale"],"score":258,"play_id":"ef29521a-2dfe-43cf-ad61-9cd96669812d","local_time":"20210105215231","is_ascension_mode":true,"campfire_choices":[{"floor":6,"key":"REST"},{"data":"TenInstruments","floor":8,"key":"SMITH"},{"data":"Tornado","floor":15,"key":"SMITH"},{"floor":23,"key":"REST"}],"circlet_count":0,"master_deck":["Stare","Laughter","TenInstruments+1","TwentyPercentcooler","Tornado","PartyTime","Lasso","LadiesDemeanor","BigDeal","RunningOfTheLeaves","Sisterhood","PinkiePromise","Tornado+1","BeautySensation","TakeTheLead","HideCarefully","Boundary","Perfectionism","Whining","PartyTime","Magictrain","Magic_Beam","relicPack:TruthCard","Judgement","InspirationRecovery"],"relics":["The_element_of_harmony","relicPack:DSword","The Courier","Strawberry","Gremlin Horn","Anchor","Pandora\u0027s Box","relicPack:EdsArm","Old Coin","MawBank","Turnip","Letter Opener"],"acts_visited":["Exordium","TheCity"],"potions_floor_usage":[7,27,27],"damage_taken":[{"damage":0,"enemies":"Jaw Worm","floor":1,"turns":5},{"damage":0,"enemies":"Small Slimes","floor":3,"turns":3},{"damage":0,"enemies":"2 Louse","floor":4,"turns":3},{"damage":8,"enemies":"3 Sentries","floor":7,"turns":4},{"damage":3,"enemies":"Large Slime","floor":12,"turns":6},{"damage":19,"enemies":"Gremlin Nob","floor":13,"turns":4},{"damage":6,"enemies":"Exordium Wildlife","floor":14,"turns":4},{"damage":24,"enemies":"Hexaghost","floor":16,"turns":8},{"damage":12,"enemies":"Shell Parasite","floor":18,"turns":5},{"damage":17,"enemies":"Spheric Guardian","floor":21,"turns":4},{"damage":18,"enemies":"Gremlin Leader","floor":24,"turns":6},{"damage":15,"enemies":"Snecko","floor":25,"turns":4},{"damage":12,"enemies":"Colosseum Slavers","floor":27,"turns":7},{"damage":24,"enemies":"Colosseum Nobs","floor":27,"turns":4},{"damage":2,"enemies":"Book of Stabbing","floor":28,"turns":2}],"seed_played":"-6593148504427217000","potions_obtained":[{"floor":1,"key":"Dexterity Potion"},{"floor":4,"key":"Block Potion"},{"floor":14,"key":"FearPotion"},{"floor":16,"key":"Dexterity Potion"},{"floor":25,"key":"Swift Potion"}],"is_trial":false,"path_per_floor":["M","?","M","M","T","R","E","R","T","?","$","M","E","M","R","B",null,"M","?","$","M","?","R","E","M","T","?","E"],"character_chosen":"TWI_CLASS","items_purchased":["LadiesDemeanor","BigDeal"],"campfire_rested":2,"item_purchase_floors":[11,11],"current_hp_per_floor":[82,47,47,47,47,71,70,70,70,70,70,67,48,42,42,18,89,77,77,77,60,44,70,52,37,37,1,0,0],"gold":667,"neow_bonus":"ONE_RANDOM_RARE_CARD","is_daily":false,"chose_seed":false,"campfire_upgraded":2,"win_rate":0.0,"timestamp":1609901551,"path_taken":["M","?","M","M","?","R","E","R","T","?","?","?","E","M","R","BOSS","M","?","$","M","?","R","E","M","T","?","E"],"items_purchased_type":["Card","Card"],"build_version":"2020-12-22","purchased_purges":2,"victory":false,"max_hp_per_floor":[82,82,82,82,82,82,89,89,89,89,89,89,89,89,89,89,89,89,84,84,84,89,89,89,89,89,89,89,89],"card_choices":[{"not_picked":["Return_To_Past"],"picked":"Laughter","floor":1},{"not_picked":["Anxiousness"],"picked":"TenInstruments","floor":1},{"not_picked":["ThunderCloud"],"picked":"TwentyPercentcooler","floor":3},{"not_picked":["KillingWithKindness"],"picked":"Tornado","floor":3},{"not_picked":["KillingWithKindness"],"picked":"BehindTheScene","floor":4},{"not_picked":["ThrowingApples"],"picked":"PartyTime","floor":4},{"not_picked":["Louder"],"picked":"AppleFever","floor":7},{"not_picked":["Magictrain"],"picked":"Lasso","floor":7},{"not_picked":["TasteRainbow"],"picked":"RunningOfTheLeaves","floor":12},{"not_picked":["KillingWithKindness"],"picked":"Sisterhood","floor":12},{"not_picked":["ThrowingApples"],"picked":"PinkiePromise","floor":13},{"not_picked":["Batlization"],"picked":"ServeMeal","floor":13},{"not_picked":["FollowTherRainbow"],"picked":"Tornado","floor":14},{"not_picked":["Boundary","HideCarefully"],"picked":"SKIP","floor":14},{"not_picked":["MirrorLake"],"picked":"BeautySensation","floor":16},{"not_picked":["LadiesDemeanor"],"picked":"TakeTheLead","floor":16},{"not_picked":["Magictrain"],"picked":"Magic_Beam","floor":18},{"not_picked":["BatchProduction","Batlization"],"picked":"SKIP","floor":18},{"not_picked":["ISayNo","AllByMyself"],"picked":"SKIP","floor":21},{"not_picked":["Celebrities+1","Anxiousness"],"picked":"SKIP","floor":21},{"not_picked":["PartyAlone+1","Whining"],"picked":"SKIP","floor":24},{"not_picked":["BatchProduction","Dear_Princess"],"picked":"SKIP","floor":24},{"not_picked":["AppleFeast+1","PartyTime"],"picked":"SKIP","floor":25},{"not_picked":["Yay+1","AllByMyself"],"picked":"SKIP","floor":25}],"player_experience":482425,"relics_obtained":[{"floor":5,"key":"The Courier"},{"floor":7,"key":"Strawberry"},{"floor":9,"key":"Gremlin Horn"},{"floor":13,"key":"Anchor"},{"floor":24,"key":"Old Coin"},{"floor":26,"key":"MawBank"},{"floor":27,"key":"Turnip"},{"floor":27,"key":"Letter Opener"}],"event_choices":[{"damage_healed":0,"gold_gain":0,"player_choice":"Ignored","damage_taken":0,"max_hp_gain":0,"max_hp_loss":0,"event_name":"Liars Game","floor":10,"gold_loss":0},{"damage_healed":0,"gold_gain":0,"player_choice":"Shed Blood","damage_taken":21,"max_hp_gain":5,"max_hp_loss":0,"event_name":"Forgotten Altar","floor":22,"gold_loss":0},{"damage_healed":0,"gold_gain":0,"player_choice":"Fight","damage_taken":0,"max_hp_gain":0,"max_hp_loss":0,"event_name":"Colosseum","floor":27,"gold_loss":0},{"damage_healed":0,"gold_gain":0,"player_choice":"Fought Nobs","damage_taken":0,"max_hp_gain":0,"max_hp_loss":0,"event_name":"Colosseum","floor":27,"gold_loss":0}],"is_beta":false,"boss_relics":[{"not_picked":["Astrolabe","trackpad:Trackpad"],"picked":"Pandora\u0027s Box"}],"items_purged_floors":[11,20],"is_endless":false,"potions_floor_spawned":[1,4,14,16,25,27],"killed_by":"Book of Stabbing","ascension_level":1}}