{"host":"nlbr7nnijupf3yfg","time":1609961191,"event":{"mods":["AchievementEnabler","BaseMod","Colored Powertips","DeckTracker","Downfall","Hubris","Marisa????????","Minty Spire (QoL Compilation)","Replay The Spire","StSLib","SuperFastMode"],"gold_per_floor":[99,119,134,119,119,119,143,128,128,128,146,158,175,175,187,284,284,284,284,284,284,284,284,284,269,269,269,269,269,269,269,269,269,269],"floor_reached":33,"playtime":764,"items_purged":[],"score":241,"play_id":"778ba2b3-4cb3-42ac-9cd2-af68b871e0ea","local_time":"20210106142631","is_ascension_mode":false,"campfire_choices":[{"data":"MysteriousBeam","floor":9,"key":"SMITH"},{"floor":27,"key":"REST"}],"circlet_count":0,"master_deck":["Strike_MRS","Strike_MRS","Strike_MRS","Defend_MRS","Defend_MRS","Defend_MRS","Defend_MRS","MasterSpark","UpSweep","WitchLeyline","GasGiant","MysteriousBeam+1","NonDirectionalLaser","PulseMagic","JA","PropBag","ShootingEcho+1","GrandCross","EscapeVelocity","WitchLeyline+1","DoubleSpark+1","MysteriousBeam","Occultation+1","FairyDestructionRay","DeepEcoloBomb+1","RitualDagger+1"],"relics":["MiniHakkero","Bronze Scales","hubris:ToyBattleship","Replay:WaspNest","Replay:Grab Bag","downfall:Hecktoplasm","Replay:Bronze Core","Ring of Chaos","hubris:Icosahedron","hubris:TenFootPole","Blue Candle"],"acts_visited":["Exordium","TheCity"],"potions_floor_usage":[16,16,30],"damage_taken":[{"damage":3,"enemies":"Small Slimes","floor":2,"turns":3},{"damage":1,"enemies":"2 Louse","floor":3,"turns":2},{"damage":2,"enemies":"downfall:FleeingMerchant","floor":4,"turns":4},{"damage":0,"enemies":"Cultist","floor":6,"turns":1},{"damage":5,"enemies":"downfall:FleeingMerchant","floor":8,"turns":4},{"damage":8,"enemies":"Exordium Wildlife","floor":11,"turns":3},{"damage":3,"enemies":"3 Louse","floor":12,"turns":2},{"damage":14,"enemies":"Blue Slaver","floor":13,"turns":2},{"damage":7,"enemies":"2 Fungi Beasts","floor":15,"turns":2},{"damage":26,"enemies":"downfall:Ironclad","floor":16,"turns":5},{"damage":10,"enemies":"Spheric Guardian","floor":19,"turns":2},{"damage":19,"enemies":"Snake Plant","floor":20,"turns":3},{"damage":14,"enemies":"Cultist and Chosen","floor":21,"turns":4},{"damage":16,"enemies":"downfall:FleeingMerchant","floor":25,"turns":5},{"damage":2,"enemies":"Centurion and Healer","floor":28,"turns":3},{"damage":14,"enemies":"Snecko","floor":29,"turns":3},{"damage":5,"enemies":"Chosen and Byrds","floor":30,"turns":3},{"damage":11,"enemies":"Cultist and Chosen","floor":32,"turns":3},{"damage":7,"enemies":"downfall:Watcher","floor":33,"turns":3}],"seed_played":"-2330472596411995022","potions_obtained":[{"floor":2,"key":"BottledSpark"},{"floor":12,"key":"Ancient Potion"},{"floor":13,"key":"Doom Potion"},{"floor":15,"key":"DuplicationPotion"},{"floor":28,"key":"Explosive Potion"},{"floor":30,"key":"SteroidPotion"},{"floor":31,"key":"CultistPotion"}],"is_trial":false,"path_per_floor":["R","M","M","$","?","M","T","$","R","?","M","M","M","T","M","B",null,"R","M","M","M","?","?","T","$","?","R","M","M","M","?","M","B"],"character_chosen":"MARISA","items_purchased":[],"campfire_rested":1,"item_purchase_floors":[],"current_hp_per_floor":[75,72,71,69,69,69,69,64,64,64,56,53,39,39,32,6,75,75,65,46,32,32,32,32,16,16,38,36,22,17,17,6,0,0],"gold":269,"neow_bonus":"RANDOM_COMMON_RELIC","is_daily":false,"chose_seed":false,"campfire_upgraded":1,"win_rate":0.0,"timestamp":1609961191,"path_taken":["R","M","M","$","?","?","T","$","R","?","M","M","M","?","M","BOSS","R","M","M","M","?","?","T","$","?","R","M","M","M","?","M","BOSS"],"items_purchased_type":[],"build_version":"2020-12-22","purchased_purges":0,"victory":false,"max_hp_per_floor":[75,75,75,75,75,75,75,75,75,75,75,75,75,75,75,75,75,75,75,75,75,75,75,75,75,75,75,75,75,75,75,75,75,75],"card_choices":[{"not_picked":["DeepEcoloBomb","OneTimeOff"],"picked":"WitchLeyline","floor":2},{"not_picked":["GravityBeat","NonDirectionalLaser"],"picked":"GasGiant","floor":3},{"not_picked":["MagicAbsorber","MilkyWay"],"picked":"MysteriousBeam","floor":4},{"not_picked":["AsteroidBelt","UnstableBomb"],"picked":"NonDirectionalLaser","floor":6},{"not_picked":["MysteriousBeam","MachineGunSpark"],"picked":"PulseMagic","floor":8},{"not_picked":["Occultation","AsteroidBelt"],"picked":"JA","floor":11},{"not_picked":["ShootingEcho","6A"],"picked":"PropBag","floor":12},{"not_picked":["NonDirectionalLaser","SporeBomb"],"picked":"ShootingEcho","floor":13},{"not_picked":["BlazeAway","MagicAbsorber"],"picked":"GrandCross","floor":15},{"not_picked":["BigCrunch","UltimateShortwave"],"picked":"EscapeVelocity","floor":16},{"not_picked":["SporeBomb+1","LuminesStrike"],"picked":"WitchLeyline+1","floor":19},{"not_picked":["MilkyWay","EarthLightRay"],"picked":"DoubleSpark+1","floor":20},{"not_picked":["ShootingEcho","GalacticHalo"],"picked":"MysteriousBeam","floor":21},{"not_picked":["WitchLeyline+1","PowerUp"],"picked":"Occultation+1","floor":25},{"not_picked":["PowerUp","NonDirectionalLaser"],"picked":"FairyDestructionRay","floor":28},{"not_picked":["WitchOfGreed","IllusionStar","AsteroidBelt"],"picked":"SKIP","floor":29},{"not_picked":["CollectingQuirk","Acceleration"],"picked":"DeepEcoloBomb+1","floor":30},{"not_picked":["PulseMagic","WitchLeyline+1","NonDirectionalLaser"],"picked":"SKIP","floor":32}],"player_experience":38198,"relics_obtained":[{"floor":7,"key":"hubris:ToyBattleship"},{"floor":14,"key":"Replay:WaspNest"},{"floor":24,"key":"hubris:TenFootPole"}],"event_choices":[{"damage_healed":0,"gold_gain":0,"player_choice":"Ignored","damage_taken":0,"max_hp_gain":0,"max_hp_loss":0,"event_name":"NoteForYourself","floor":5,"gold_loss":0}],"is_beta":false,"boss_relics":[{"not_picked":["hubris:ScarierMask","Replay:Drink Me"],"picked":"Replay:Grab Bag"},{"not_picked":["ReplayTheSpireMod:DimensionalGlitch","Velvet Choker"],"picked":"downfall:Hecktoplasm"},{"not_picked":["hubris:TerracottaHorce","Abe\u0027s Treasure"],"picked":"Replay:Bronze Core"},{"not_picked":["Runic Pyramid","Black Star"],"picked":"Ring of Chaos"}],"items_purged_floors":[],"is_endless":false,"potions_floor_spawned":[2,12,13,15,28,30],"killed_by":"downfall:Watcher","ascension_level":0}}