{"host":"6gwm7y0tp7acoxay","time":1609931091,"event":{"mods":["BaseMod","Colored Map","Keyboard Shortcuts","Minty Spire (QoL Compilation)","Quick Restart","StSLib","SuperFastMode","everything is the same but u backflip on backflip"],"gold_per_floor":[416,430,430,441,370,370,370,370,394,423,6,6,6,37,37,111,111,128,84,284,284,120,120,120,120,120,35,62,62,91,141,141,215,215,227,252,25,25,25,55,55,84,110,110,145,0,0,32,32,32,32,32,32,32,67,67,67],"floor_reached":56,"playtime":1963,"items_purged":["Dagger Throw"],"score":2269,"play_id":"e8e7f6ea-5b4f-4c55-b835-79cef95bbb6d","local_time":"20210106200451","daily_mods":["SealedDeck","Heirloom","Flight"],"is_ascension_mode":true,"campfire_choices":[{"data":"Catalyst","floor":6.0,"key":"SMITH"},{"data":"Catalyst","floor":7.0,"key":"SMITH"},{"data":"Deadly Poison","floor":8.0,"key":"SMITH"},{"data":"Noxious Fumes","floor":15.0,"key":"SMITH"},{"data":"Bouncing Flask","floor":23.0,"key":"SMITH"},{"floor":24.0,"key":"RECALL"},{"floor":25.0,"key":"REST"},{"floor":29.0,"key":"REST"},{"floor":32.0,"key":"REST"},{"data":"Tactician","floor":49.0,"key":"SMITH"},{"data":"Calculated Gamble","floor":53,"key":"SMITH"}],"circlet_count":0,"master_deck":["AscendersBane","Sucker Punch","Deadly Poison+1","Distraction","Acrobatics","Escape Plan","Catalyst+1","Dodge and Roll","Blur","PiercingWail","Noxious Fumes+1","Catalyst+1","Backflip","PiercingWail","After Image","Escape Plan","Caltrops","Bouncing Flask+1","Deflect","After Image","Prepared+1","Tactician+1","Calculated Gamble+1","Flash of Steel","PiercingWail+1"],"relics":["Ring of the Snake","Old Coin","Strawberry","Regal Pillow","Mango","Juzu Bracelet","Vajra","Empty Cage","Bottled Lightning","Torii","Toy Ornithopter","Bronze Scales","HoveringKite","Incense Burner","Lantern","Prayer Wheel","Sundial","Bag of Preparation","Eternal Feather","Red Mask","StoneCalendar","Question Card","Nunchaku"],"acts_visited":["Exordium","TheCity","TheBeyond","TheEnding"],"potions_floor_usage":[56],"damage_taken":[{"damage":12.0,"enemies":"Jaw Worm","floor":1.0,"turns":2.0},{"damage":0.0,"enemies":"Cultist","floor":2.0,"turns":3.0},{"damage":8.0,"enemies":"2 Louse","floor":4.0,"turns":2.0},{"damage":8.0,"enemies":"Gremlin Nob","floor":10.0,"turns":3.0},{"damage":18.0,"enemies":"3 Sentries","floor":14.0,"turns":7.0},{"damage":0.0,"enemies":"Hexaghost","floor":16.0,"turns":5.0},{"damage":2.0,"enemies":"3 Byrds","floor":18.0,"turns":5.0},{"damage":26.0,"enemies":"2 Thieves","floor":19.0,"turns":5.0},{"damage":62.0,"enemies":"Slavers","floor":28.0,"turns":6.0},{"damage":26.0,"enemies":"Gremlin Leader","floor":30.0,"turns":6.0},{"damage":51.0,"enemies":"Automaton","floor":33.0,"turns":8.0},{"damage":2.0,"enemies":"3 Shapes","floor":35.0,"turns":5.0},{"damage":0.0,"enemies":"Mind Bloom Boss Battle","floor":36.0,"turns":5.0},{"damage":0.0,"enemies":"Nemesis","floor":40.0,"turns":5.0},{"damage":26.0,"enemies":"Reptomancer","floor":42.0,"turns":6.0},{"damage":0.0,"enemies":"Giant Head","floor":45.0,"turns":5.0},{"damage":1.0,"enemies":"Nemesis","floor":48.0,"turns":5.0},{"damage":55,"enemies":"Time Eater","floor":50,"turns":12},{"damage":1,"enemies":"Awakened One","floor":51,"turns":14},{"damage":19,"enemies":"Shield and Spear","floor":55,"turns":6},{"damage":67,"enemies":"The Heart","floor":56,"turns":4}],"seed_played":"6172543053517521477","potions_obtained":[{"floor":1.0,"key":"AttackPotion"},{"floor":4.0,"key":"ColorlessPotion"},{"floor":10.0,"key":"Fruit Juice"},{"floor":18.0,"key":"LiquidBronze"},{"floor":19.0,"key":"SkillPotion"},{"floor":28.0,"key":"Energy Potion"},{"floor":39.0,"key":"Block Potion"},{"floor":42.0,"key":"Fire Potion"},{"floor":55,"key":"Dexterity Potion"}],"is_trial":true,"path_per_floor":["M","M","?","M","?","R","R","R","T","E","$","?","T","E","R","B",null,"M","M","?","?","$","R","R","R","T","?","E","R","E","?","R","B",null,"M","?","$","?","?","E","?","E","T","?","E","?","T","E","R","B","B",null,"R","$","E","B"],"character_chosen":"THE_SILENT","items_purchased":["Mango","Caltrops","Bouncing Flask","Lantern","Energy Potion"],"campfire_rested":3,"item_purchase_floors":[11,22,22,37,37],"current_hp_per_floor":[47,47,47,39,39,39,39,39,46,43,57,31,31,13,13,13,72,70,44,44,44,44,44,44,86,86,86,24,66,50,50,92,41,79,77,77,77,77,77,77,77,61,61,61,61,61,61,60,72,17,16,69,81,81,62,0,0],"gold":67,"neow_bonus":"","is_daily":false,"chose_seed":false,"campfire_upgraded":7,"win_rate":0.0,"timestamp":1609931091,"path_taken":["M","M","?","?","?","R","R","R","T","E","$","?","?","E","R","BOSS","M","M","?","?","$","R","R","R","T","?","E","R","E","?","R","BOSS","M","?","$","?","?","E","?","E","T","?","E","?","?","E","R","BOSS","BOSS","R","$","E","BOSS"],"items_purchased_type":["Relic","Card","Card","Relic","Potion"],"build_version":"2020-12-22","purchased_purges":1,"victory":false,"max_hp_per_floor":[66,66,66,66,66,66,66,66,73,78,92,92,92,92,92,92,92,92,92,92,92,92,92,92,92,92,92,92,92,92,92,92,92,92,92,92,92,87,87,87,87,87,87,87,87,87,87,87,87,87,87,87,87,87,87,87,87],"card_choices":[{"not_picked":["Dash","Deflect"],"picked":"Dodge and Roll","floor":1.0},{"not_picked":["Expertise","Prepared"],"picked":"Blur","floor":2.0},{"not_picked":["Dagger Throw","Blade Dance"],"picked":"Catalyst","floor":4.0},{"not_picked":["Deadly Poison","Sucker Punch"],"picked":"Backflip","floor":10.0},{"not_picked":["Dodge and Roll","Underhanded Strike"],"picked":"PiercingWail","floor":14.0},{"not_picked":["Envenom","Glass Knife"],"picked":"After Image","floor":16.0},{"not_picked":["Dagger Spray","Infinite Blades","Sucker Punch"],"picked":"SKIP","floor":18.0},{"not_picked":["Blade Dance","Distraction+1"],"picked":"Escape Plan","floor":19.0},{"not_picked":["Cloak And Dagger","Setup","Poisoned Stab+1"],"picked":"SKIP","floor":28.0},{"not_picked":["Cloak And Dagger","Setup","Poisoned Stab+1"],"picked":"SKIP","floor":28.0},{"not_picked":["Underhanded Strike","Dagger Throw"],"picked":"Deflect","floor":30.0},{"not_picked":["Doppelganger","Bullet Time"],"picked":"After Image","floor":33.0},{"not_picked":["Deflect","Bane"],"picked":"Prepared+1","floor":35.0},{"not_picked":["Masterful Stab+1","Backflip+1"],"picked":"Tactician","floor":36.0},{"not_picked":["Deflect","All Out Attack+1","Deadly Poison"],"picked":"SKIP","floor":40.0},{"not_picked":["Escape Plan","Blur+1"],"picked":"Calculated Gamble","floor":42.0},{"not_picked":["Jack Of All Trades","Violence"],"picked":"Flash of Steel","floor":44.0},{"not_picked":["PiercingWail","Crippling Poison","Bouncing Flask"],"picked":"SKIP","floor":45.0},{"not_picked":["Well Laid Plans+1","Backstab","Deadly Poison+1"],"picked":"SKIP","floor":48.0},{"not_picked":["Deflect","Blade Dance","Quick Slash+1"],"picked":"PiercingWail+1","floor":55}],"player_experience":4368832,"relics_obtained":[{"floor":9.0,"key":"Strawberry"},{"floor":10.0,"key":"Regal Pillow"},{"floor":14.0,"key":"Vajra"},{"floor":26.0,"key":"Bottled Lightning"},{"floor":28.0,"key":"Toy Ornithopter"},{"floor":30.0,"key":"Bronze Scales"},{"floor":36.0,"key":"Incense Burner"},{"floor":40.0,"key":"Prayer Wheel"},{"floor":42.0,"key":"Sundial"},{"floor":43.0,"key":"Bag of Preparation"},{"floor":45.0,"key":"Eternal Feather"},{"floor":47.0,"key":"StoneCalendar"},{"floor":48.0,"key":"Question Card"},{"floor":55,"key":"Nunchaku"}],"event_choices":[{"damage_healed":0.0,"max_hp_gain":0.0,"max_hp_loss":0.0,"gold_gain":0.0,"event_name":"Match and Keep!","player_choice":"2 cards matched","floor":3.0,"gold_loss":0.0,"damage_taken":0.0,"cards_obtained":["PiercingWail","Noxious Fumes"]},{"damage_healed":0.0,"max_hp_gain":0.0,"max_hp_loss":0.0,"gold_gain":0.0,"event_name":"World of Goop","player_choice":"Left Gold","floor":5.0,"gold_loss":71.0,"damage_taken":0.0},{"damage_healed":0.0,"max_hp_gain":0.0,"max_hp_loss":0.0,"gold_gain":0.0,"event_name":"Scrap Ooze","player_choice":"Success","floor":12.0,"gold_loss":0.0,"damage_taken":26.0,"relics_obtained":["Juzu Bracelet"]},{"damage_healed":0.0,"max_hp_gain":0.0,"max_hp_loss":0.0,"gold_gain":250.0,"event_name":"The Joust","player_choice":"Bet on Owner","floor":20.0,"gold_loss":50.0,"damage_taken":0.0},{"damage_healed":0.0,"max_hp_gain":0.0,"max_hp_loss":0.0,"gold_gain":0.0,"event_name":"Ghosts","player_choice":"Ignored","floor":21.0,"gold_loss":0.0,"damage_taken":0.0},{"damage_healed":0.0,"max_hp_gain":0.0,"max_hp_loss":0.0,"gold_gain":0.0,"event_name":"Addict","player_choice":"Obtained Relic","floor":27.0,"gold_loss":85.0,"damage_taken":0.0,"relics_obtained":["Torii"]},{"damage_healed":0.0,"max_hp_gain":0.0,"max_hp_loss":0.0,"gold_gain":50.0,"event_name":"Nest","player_choice":"Stole From Cult","floor":31.0,"gold_loss":0.0,"damage_taken":0.0},{"damage_healed":0.0,"max_hp_gain":0.0,"max_hp_loss":0.0,"gold_gain":0.0,"event_name":"MindBloom","player_choice":"Fight","floor":36.0,"gold_loss":0.0,"damage_taken":0.0},{"damage_healed":0.0,"max_hp_gain":0.0,"max_hp_loss":5.0,"gold_gain":0.0,"event_name":"Winding Halls","player_choice":"Max HP","floor":38.0,"gold_loss":0.0,"damage_taken":0.0},{"damage_healed":0.0,"max_hp_gain":0.0,"max_hp_loss":0.0,"gold_gain":0.0,"event_name":"Lab","player_choice":"Got Potions","floor":39.0,"gold_loss":0.0,"damage_taken":0.0},{"cards_removed":["Dagger Spray"],"damage_healed":0.0,"max_hp_gain":0.0,"max_hp_loss":0.0,"gold_gain":0.0,"event_name":"Falling","player_choice":"Removed Attack","floor":41.0,"gold_loss":0.0,"damage_taken":0.0},{"damage_healed":0.0,"max_hp_gain":0.0,"max_hp_loss":0.0,"gold_gain":0.0,"event_name":"SensoryStone","player_choice":"Memory 1","floor":44.0,"gold_loss":0.0,"damage_taken":0.0},{"damage_healed":0.0,"max_hp_gain":0.0,"max_hp_loss":0.0,"gold_gain":0.0,"event_name":"Tomb of Lord Red Mask","player_choice":"Paid","floor":46.0,"gold_loss":145.0,"damage_taken":0.0,"relics_obtained":["Red Mask"]}],"is_beta":false,"boss_relics":[{"not_picked":["Calling Bell","Tiny House"],"picked":"Empty Cage"},{"not_picked":["Ring of the Serpent","WristBlade"],"picked":"HoveringKite"}],"items_purged_floors":[11],"is_endless":false,"potions_floor_spawned":[1,4,10,18,19,28,40,42,55],"killed_by":"The Heart","ascension_level":20}}