{"host":"yp47u74hk6n79vj1","time":1609909285,"event":{"mods":["BaseMod","Colored Map","Highlight Path","Minty Spire (QoL Compilation)"],"gold_per_floor":[111,62,74,149,168,195,195,213,213,224,254,282,282,282],"floor_reached":13,"playtime":465,"items_purged":[],"score":109,"play_id":"94007105-acb0-42dd-bec4-13ce602dee01","local_time":"20210106000125","is_ascension_mode":true,"campfire_choices":[{"data":"True Grit","floor":7,"key":"SMITH"}],"circlet_count":0,"master_deck":["Strike_R","Strike_R","Strike_R","Strike_R","Strike_R","Defend_R","Defend_R","Defend_R","Defend_R","Metallicize","True Grit+1","Inflame","Cleave","Body Slam"],"relics":["Burning Blood","Lantern","Kunai","Odd Mushroom"],"acts_visited":["Exordium"],"potions_floor_usage":[6,12],"damage_taken":[{"damage":1,"enemies":"2 Louse","floor":1,"turns":4},{"damage":0,"enemies":"Cultist","floor":3,"turns":4},{"damage":0,"enemies":"Jaw Worm","floor":5,"turns":5},{"damage":38,"enemies":"Gremlin Nob","floor":6,"turns":6},{"damage":6,"enemies":"Blue Slaver","floor":8,"turns":4},{"damage":14,"enemies":"3 Louse","floor":10,"turns":5},{"damage":21,"enemies":"3 Sentries","floor":11,"turns":11},{"damage":15,"enemies":"The Mushroom Lair","floor":12,"turns":7},{"damage":20,"enemies":"Lagavulin","floor":13,"turns":5}],"seed_played":"-1537542100916595677","potions_obtained":[{"floor":5,"key":"BlessingOfTheForge"},{"floor":6,"key":"Dexterity Potion"},{"floor":10,"key":"Energy Potion"}],"is_trial":false,"path_per_floor":["M","$","M","?","M","E","R","M","T","M","E","?","E"],"character_chosen":"IRONCLAD","items_purchased":["True Grit"],"campfire_rested":0,"item_purchase_floors":[2],"current_hp_per_floor":[80,80,80,72,78,46,46,46,46,38,23,14,0,0],"gold":282,"neow_bonus":"REMOVE_CARD","is_daily":false,"chose_seed":false,"campfire_upgraded":1,"win_rate":0.0,"timestamp":1609909285,"path_taken":["M","$","M","?","M","E","R","?","T","M","E","?","E"],"items_purchased_type":["Card"],"build_version":"2020-12-22","purchased_purges":0,"victory":false,"max_hp_per_floor":[80,80,80,80,80,80,80,80,80,80,80,80,80,80],"card_choices":[{"not_picked":["True Grit","Shrug It Off"],"picked":"Metallicize","floor":1},{"not_picked":["Rupture","Power Through","Armaments"],"picked":"SKIP","floor":3},{"not_picked":["Rampage","Clash","Havoc"],"picked":"SKIP","floor":5},{"not_picked":["Sentinel","Flame Barrier"],"picked":"Inflame","floor":6},{"not_picked":["Pommel Strike","Carnage","Spot Weakness"],"picked":"SKIP","floor":8},{"not_picked":["Wild Strike","Thunderclap","Perfected Strike"],"picked":"SKIP","floor":10},{"not_picked":["Warcry","Headbutt"],"picked":"Cleave","floor":11},{"not_picked":["Heavy Blade","Clash"],"picked":"Body Slam","floor":12}],"player_experience":599826,"relics_obtained":[{"floor":6,"key":"Lantern"},{"floor":11,"key":"Kunai"},{"floor":12,"key":"Odd Mushroom"}],"event_choices":[{"damage_healed":0,"gold_gain":75,"player_choice":"Touch","damage_taken":8,"max_hp_gain":0,"max_hp_loss":0,"event_name":"FaceTrader","floor":4,"gold_loss":0},{"damage_healed":0,"gold_gain":0,"player_choice":"Fought Mushrooms","damage_taken":0,"max_hp_gain":0,"max_hp_loss":0,"event_name":"Mushrooms","floor":12,"gold_loss":0}],"is_beta":false,"boss_relics":[],"items_purged_floors":[],"is_endless":false,"potions_floor_spawned":[5,6,10],"killed_by":"Lagavulin","ascension_level":3}}