{"host":"78zdngn0u28jm0pp","time":1609917988,"event":{"mods":["BaseMod","Jorbs\u0027s Wanderer Trilogy","Minty Spire (QoL Compilation)","Permanent Neow","Quick Restart","Relic Stats","StSLib","Unceasing Turn Reminder"],"gold_per_floor":[111,111,127,127,144,172,191,191,245,245,48,76,113,152,152,251,251,281,300,327,242,242,242,291,291,340,360,127,127,162,162,162,239,239,254,254,339,339,377,408,408,420,445,456,475,530,530,530],"floor_reached":47,"playtime":3561,"items_purged":["Strike_G"],"score":974,"play_id":"07338924-47e5-4c3a-81fa-faab9a91146a","local_time":"20210106002628","is_ascension_mode":true,"campfire_choices":[{"floor":8.0,"key":"REST"},{"data":"Neutralize","floor":10.0,"key":"SMITH"},{"data":"Noxious Fumes","floor":15.0,"key":"SMITH"},{"floor":23.0,"key":"REST"},{"floor":25.0,"key":"REST"},{"data":"Blade Dance","floor":32.0,"key":"SMITH"},{"data":"Dagger Spray","floor":41,"key":"SMITH"}],"circlet_count":0,"master_deck":["AscendersBane","Strike_G+1","Strike_G+1","Defend_G+1","Defend_G+1","Defend_G+1","Defend_G+1","Defend_G+1","Survivor","Neutralize+1","Quick Slash+1","Dagger Spray+1","After Image","Backflip","Flying Knee+1","HandOfGreed","Acrobatics","Noxious Fumes+1","Leg Sweep","After Image","Acrobatics+1","Bouncing Flask+1","Blade Dance+1","Tactician+1","PiercingWail","Terror","Adrenaline","Slice+1","After Image","Blade Dance"],"relics":["Ring of the Snake","NeowsBlessing","Pantograph","Oddly Smooth Stone","WristBlade","Red Mask","Eternal Feather","MutagenicStrength","Bottled Flame","Orichalcum","Lee\u0027s Waffle","SlaversCollar","Lizard Tail","Ancient Tea Set","Whetstone"],"acts_visited":["Exordium","TheCity","TheBeyond"],"potions_floor_usage":[33,40],"damage_taken":[{"damage":0.0,"enemies":"2 Louse","floor":1.0,"turns":1.0},{"damage":0.0,"enemies":"Cultist","floor":3.0,"turns":1.0},{"damage":0.0,"enemies":"Small Slimes","floor":5.0,"turns":1.0},{"damage":40.0,"enemies":"Gremlin Nob","floor":6.0,"turns":5.0},{"damage":4.0,"enemies":"2 Fungi Beasts","floor":7.0,"turns":5.0},{"damage":8.0,"enemies":"Lagavulin","floor":12.0,"turns":8.0},{"damage":0.0,"enemies":"Blue Slaver","floor":13.0,"turns":7.0},{"damage":2.0,"enemies":"Looter","floor":14.0,"turns":4.0},{"damage":9.0,"enemies":"Hexaghost","floor":16.0,"turns":9.0},{"damage":7.0,"enemies":"Shell Parasite","floor":18.0,"turns":5.0},{"damage":18.0,"enemies":"Chosen","floor":19.0,"turns":7.0},{"damage":24.0,"enemies":"Masked Bandits","floor":20.0,"turns":4.0},{"damage":32.0,"enemies":"Book of Stabbing","floor":24.0,"turns":7.0},{"damage":41.0,"enemies":"Snecko","floor":27.0,"turns":8.0},{"damage":16.0,"enemies":"Cultist and Chosen","floor":30.0,"turns":7.0},{"damage":64,"enemies":"Champ","floor":33,"turns":17},{"damage":0,"enemies":"Orb Walker","floor":35,"turns":5},{"damage":3,"enemies":"Mind Bloom Boss Battle","floor":37,"turns":16},{"damage":2,"enemies":"3 Shapes","floor":39,"turns":8},{"damage":35,"enemies":"Nemesis","floor":40,"turns":7},{"damage":3,"enemies":"Jaw Worm Horde","floor":42,"turns":5},{"damage":18,"enemies":"Spire Growth","floor":44,"turns":5},{"damage":43,"enemies":"Transient","floor":45,"turns":6},{"damage":2,"enemies":"4 Shapes","floor":46,"turns":8},{"damage":19,"enemies":"Giant Head","floor":47,"turns":7}],"seed_played":"-5624932144642270447","potions_obtained":[{"floor":3.0,"key":"DistilledChaos"},{"floor":7.0,"key":"DistilledChaos"},{"floor":13.0,"key":"SteroidPotion"},{"floor":14.0,"key":"SkillPotion"},{"floor":16.0,"key":"ColorlessPotion"},{"floor":19.0,"key":"LiquidMemories"},{"floor":20.0,"key":"PowerPotion"},{"floor":27.0,"key":"PowerPotion"},{"floor":30.0,"key":"Weak Potion"},{"floor":39,"key":"Energy Potion"},{"floor":45,"key":"Ancient Potion"}],"is_trial":false,"path_per_floor":["M","?","M","?","M","E","M","R","T","R","$","E","M","M","R","B",null,"M","M","?","?","?","R","E","R","T","M","$","?","M","?","R","B",null,"M","?","?","?","M","E","R","M","T","M","M","M","E"],"character_chosen":"THE_SILENT","items_purchased":["HandOfGreed","Lee\u0027s Waffle"],"campfire_rested":3,"item_purchase_floors":[11,28],"current_hp_per_floor":[59,59,59,59,59,19,15,34,34,34,34,26,26,24,24,40,60,53,35,11,11,11,45,13,47,47,6,73,73,57,57,72,9,57,57,57,70,69,67,32,47,44,44,26,20,18,0,0],"gold":530,"neow_bonus":"THREE_ENEMY_KILL","is_daily":false,"chose_seed":false,"campfire_upgraded":4,"win_rate":0.0,"timestamp":1609917988,"path_taken":["M","?","?","?","M","E","M","R","T","R","$","E","M","M","R","BOSS","M","M","?","?","?","R","E","R","T","M","$","?","M","?","R","BOSS","M","?","?","?","?","E","R","M","T","M","M","M","E"],"items_purchased_type":["Card","Relic"],"build_version":"2020-12-22","purchased_purges":1,"victory":false,"max_hp_per_floor":[66,66,66,66,66,66,66,66,66,66,66,66,66,66,66,66,66,66,66,66,66,66,66,66,66,66,66,73,73,73,73,73,73,73,73,73,73,69,69,69,69,69,69,69,69,69,69,69],"relic_stats":{"Lee\u0027s Waffle":67,"Lizard Tail":34,"counters":[25,163],"Pantograph":42,"Eternal Feather":60,"Whetstone":["Quick Slash","Flying Knee"],"Orichalcum":[42],"obtain_stats":[{"Lee\u0027s Waffle":28,"NeowsBlessing":0,"Oddly Smooth Stone":12,"Eternal Feather":21,"Whetstone":43,"Orichalcum":26,"Ancient Tea Set":40,"SlaversCollar":34,"Bottled Flame":24,"Lizard Tail":37,"WristBlade":17,"Pantograph":6,"MutagenicStrength":22,"Red Mask":20,"Ring of the Snake":0},{"Lee\u0027s Waffle":14,"NeowsBlessing":0,"Oddly Smooth Stone":6,"Eternal Feather":12,"Whetstone":21,"Orichalcum":13,"Ancient Tea Set":20,"SlaversCollar":16,"Bottled Flame":13,"Lizard Tail":18,"WristBlade":9,"Pantograph":4,"MutagenicStrength":12,"Red Mask":12,"Ring of the Snake":0},{"Lee\u0027s Waffle":72,"NeowsBlessing":0,"Oddly Smooth Stone":21,"Eternal Feather":57,"Whetstone":137,"Orichalcum":64,"Ancient Tea Set":132,"SlaversCollar":96,"Bottled Flame":64,"Lizard Tail":117,"WristBlade":41,"Pantograph":8,"MutagenicStrength":57,"Red Mask":57,"Ring of the Snake":0}],"Ring of the Snake":[50]},"card_choices":[{"not_picked":["Slice","Deflect"],"picked":"Quick Slash","floor":1.0},{"not_picked":["Escape Plan","Heel Hook","Outmaneuver"],"picked":"SKIP","floor":3.0},{"not_picked":["Deflect","Dagger Spray"],"picked":"Backflip","floor":5.0},{"not_picked":["Sucker Punch","Bullet Time","Catalyst"],"picked":"SKIP","floor":6.0},{"not_picked":["Slice","Prepared"],"picked":"Flying Knee","floor":7.0},{"not_picked":["Backflip","Flying Knee"],"picked":"Acrobatics","floor":12.0},{"not_picked":["Escape Plan","Cloak And Dagger"],"picked":"Noxious Fumes","floor":13.0},{"not_picked":["Acrobatics","Underhanded Strike"],"picked":"Leg Sweep","floor":14.0},{"not_picked":["Malaise","Wraith Form v2"],"picked":"After Image","floor":16.0},{"not_picked":["Sucker Punch","Caltrops"],"picked":"Acrobatics+1","floor":18.0},{"not_picked":["Distraction","Riddle With Holes"],"picked":"Bouncing Flask+1","floor":19.0},{"not_picked":["Heel Hook","Quick Slash"],"picked":"Blade Dance","floor":20.0},{"not_picked":["Acrobatics","Eviscerate"],"picked":"Tactician+1","floor":24.0},{"not_picked":["Dagger Spray","Prepared"],"picked":"PiercingWail","floor":27.0},{"not_picked":["A Thousand Cuts","Bouncing Flask"],"picked":"Terror","floor":30.0},{"not_picked":["A Thousand Cuts","Grand Finale"],"picked":"Adrenaline","floor":33},{"not_picked":["Underhanded Strike","Dagger Spray","Prepared"],"picked":"SKIP","floor":35},{"not_picked":["Underhanded Strike","Deadly Poison"],"picked":"Slice+1","floor":39},{"not_picked":["Quick Slash","Masterful Stab+1"],"picked":"After Image","floor":40},{"not_picked":["Expertise","Bouncing Flask","PiercingWail"],"picked":"SKIP","floor":42},{"not_picked":["Well Laid Plans+1","Poisoned Stab","Flying Knee"],"picked":"SKIP","floor":44},{"not_picked":["Masterful Stab","Catalyst","Bane+1"],"picked":"SKIP","floor":45},{"not_picked":["Choke","Skewer"],"picked":"Blade Dance","floor":46}],"player_experience":762106,"relics_obtained":[{"floor":6.0,"key":"Pantograph"},{"floor":12.0,"key":"Oddly Smooth Stone"},{"floor":20.0,"key":"Red Mask"},{"floor":24.0,"key":"Bottled Flame"},{"floor":26.0,"key":"Orichalcum"},{"floor":37,"key":"Lizard Tail"},{"floor":40,"key":"Ancient Tea Set"},{"floor":43,"key":"Whetstone"}],"event_choices":[{"damage_healed":0.0,"max_hp_gain":0.0,"max_hp_loss":0.0,"gold_gain":0.0,"event_name":"Match and Keep!","player_choice":"1 cards matched","floor":2.0,"gold_loss":0.0,"damage_taken":0.0,"cards_obtained":["Dagger Spray"]},{"damage_healed":0.0,"max_hp_gain":0.0,"max_hp_loss":0.0,"gold_gain":0.0,"cards_transformed":["Strike_G"],"event_name":"Living Wall","player_choice":"Change","floor":4.0,"gold_loss":0.0,"damage_taken":0.0,"cards_obtained":["After Image"]},{"damage_healed":0.0,"max_hp_gain":0.0,"max_hp_loss":0.0,"gold_gain":0.0,"event_name":"Masked Bandits","player_choice":"Fought Bandits","floor":20.0,"gold_loss":0.0,"damage_taken":0.0},{"damage_healed":0.0,"max_hp_gain":0.0,"max_hp_loss":0.0,"gold_gain":0.0,"event_name":"Addict","player_choice":"Obtained Relic","floor":21.0,"gold_loss":85.0,"damage_taken":0.0,"relics_obtained":["Eternal Feather"]},{"damage_healed":0.0,"max_hp_gain":0.0,"max_hp_loss":0.0,"gold_gain":0.0,"event_name":"Drug Dealer","player_choice":"Inject Mutagens","floor":22.0,"gold_loss":0.0,"damage_taken":0.0,"relics_obtained":["MutagenicStrength"]},{"damage_healed":0.0,"max_hp_gain":0.0,"max_hp_loss":0.0,"gold_gain":0.0,"event_name":"Back to Basics","player_choice":"Simplicity","floor":29.0,"gold_loss":0.0,"damage_taken":0.0,"cards_upgraded":["Strike_G","Strike_G","Strike_G","Defend_G","Defend_G","Defend_G","Defend_G","Defend_G"]},{"damage_healed":0.0,"max_hp_gain":0.0,"max_hp_loss":0.0,"gold_gain":0.0,"event_name":"Ghosts","player_choice":"Ignored","floor":31.0,"gold_loss":0.0,"damage_taken":0.0},{"cards_removed":["Strike_G"],"damage_healed":0,"gold_gain":0,"player_choice":"Removed Attack","damage_taken":0,"max_hp_gain":0,"max_hp_loss":0,"event_name":"Falling","floor":36,"gold_loss":0},{"damage_healed":0,"gold_gain":0,"player_choice":"Fight","damage_taken":0,"max_hp_gain":0,"max_hp_loss":0,"event_name":"MindBloom","floor":37,"gold_loss":0},{"damage_healed":0,"gold_gain":0,"player_choice":"Max HP","damage_taken":0,"max_hp_gain":0,"max_hp_loss":4,"event_name":"Winding Halls","floor":38,"gold_loss":0}],"is_beta":false,"boss_relics":[{"not_picked":["Empty Cage","HoveringKite"],"picked":"WristBlade"},{"not_picked":["Runic Dome","Tiny House"],"picked":"SlaversCollar"}],"items_purged_floors":[28],"is_endless":false,"potions_floor_spawned":[3,7,13,14,16,19,20,27,30,39,45],"killed_by":"Giant Head","ascension_level":20}}