{"host":"005oipbkxhicanek","time":1609970765,"event":{"mods":["AchievementEnabler","BaseMod","Colored Map","Colored Powertips","Minty Spire (QoL Compilation)"],"gold_per_floor":[109,59,59,59,71,104,104,116,116,150,176,189,209,237,237,237,237],"floor_reached":16,"playtime":470,"items_purged":[],"score":160,"play_id":"89c0bb4d-c93d-4327-b24c-812f0d81ee84","local_time":"20210106230605","is_ascension_mode":true,"campfire_choices":[{"data":"Bash","floor":7,"key":"SMITH"},{"floor":15,"key":"REST"}],"circlet_count":0,"master_deck":["Strike_R","Strike_R","Strike_R","Defend_R","Defend_R","Defend_R","Defend_R","Bash+1","Headbutt","Headbutt","Inflame","Double Tap","Inflame","Warcry","Spot Weakness"],"relics":["Burning Blood","NeowsBlessing","Shuriken","Centennial Puzzle","Letter Opener","Tiny Chest","Boot"],"acts_visited":["Exordium"],"potions_floor_usage":[16],"damage_taken":[{"damage":0,"enemies":"Jaw Worm","floor":1,"turns":1},{"damage":0,"enemies":"2 Louse","floor":5,"turns":1},{"damage":0,"enemies":"Gremlin Nob","floor":6,"turns":1},{"damage":6,"enemies":"Cultist","floor":8,"turns":3},{"damage":31,"enemies":"Lagavulin","floor":10,"turns":5},{"damage":17,"enemies":"Exordium Thugs","floor":12,"turns":3},{"damage":16,"enemies":"3 Louse","floor":13,"turns":5},{"damage":27,"enemies":"Gremlin Nob","floor":14,"turns":4},{"damage":39,"enemies":"Hexaghost","floor":16,"turns":9}],"seed_played":"-4113698154851519853","potions_obtained":[{"floor":5,"key":"Dexterity Potion"},{"floor":12,"key":"ElixirPotion"}],"is_trial":false,"path_per_floor":["M","?","?","$","M","E","R","M","T","E","T","M","M","E","R","B"],"character_chosen":"IRONCLAD","items_purchased":[],"campfire_rested":1,"item_purchase_floors":[],"current_hp_per_floor":[80,80,80,80,80,80,80,80,80,55,55,44,34,13,37,0,0],"gold":237,"neow_bonus":"THREE_ENEMY_KILL","is_daily":false,"chose_seed":false,"campfire_upgraded":1,"win_rate":0.0,"timestamp":1609970765,"path_taken":["M","?","?","$","?","E","R","M","T","E","?","M","M","E","R","BOSS"],"items_purchased_type":[],"build_version":"2020-12-22","purchased_purges":0,"victory":false,"max_hp_per_floor":[80,80,80,80,80,80,80,80,80,80,80,80,80,80,80,80,80],"card_choices":[{"not_picked":["Shrug It Off","Sever Soul"],"picked":"Headbutt","floor":1},{"not_picked":["Twin Strike","Carnage"],"picked":"Headbutt","floor":5},{"not_picked":["Whirlwind","Barricade","Battle Trance"],"picked":"SKIP","floor":6},{"not_picked":["Iron Wave","Cleave"],"picked":"Inflame","floor":8},{"not_picked":["Headbutt","Twin Strike"],"picked":"Double Tap","floor":10},{"not_picked":["Rupture","Clothesline"],"picked":"Inflame","floor":12},{"not_picked":["Thunderclap","True Grit"],"picked":"Warcry","floor":13},{"not_picked":["Shockwave","Anger"],"picked":"Spot Weakness","floor":14}],"player_experience":124805,"relics_obtained":[{"floor":6,"key":"Shuriken"},{"floor":9,"key":"Centennial Puzzle"},{"floor":10,"key":"Letter Opener"},{"floor":11,"key":"Tiny Chest"},{"floor":14,"key":"Boot"}],"event_choices":[{"cards_removed":["Strike_R"],"damage_healed":0,"gold_gain":0,"player_choice":"Card Removal","damage_taken":0,"max_hp_gain":0,"max_hp_loss":0,"event_name":"The Cleric","floor":2,"gold_loss":50},{"cards_removed":["Strike_R"],"damage_healed":0,"gold_gain":0,"player_choice":"Offered Basic","damage_taken":0,"max_hp_gain":0,"max_hp_loss":0,"event_name":"Bonfire Elementals","floor":3,"gold_loss":0}],"is_beta":false,"boss_relics":[],"items_purged_floors":[],"is_endless":false,"potions_floor_spawned":[5,12],"killed_by":"Hexaghost","ascension_level":2}}