{"host":"ikjt6v4q6zrcj3if","time":1609895106,"event":{"mods":["BaseMod","CapriCore","Colored Map","Downfall","Luminous","Minty Spire (QoL Compilation)","Permanent Neow","Quick Restart","Replay The Spire","Robot Space Explorer","Somnambulant","Spicy Shops","StSLib","SuperFastMode","The Exalted","The Marked","The Runesmith","TheSwordswoman","WarShipGirlsR/??è≠èóR mod"],"gold_per_floor":[109,109,34,112,127,127,161,161,161,88,108,108,108,12,12,140,140,158,158,158,83,96,96,129,129,129,153,153,103,103,147,147,266,266,286,309,409,153,169,169,200,200,226,226,12,52,52,92,92,92],"floor_reached":51,"playtime":2760,"items_purged":["RobotSpaceExplorer:Defend","RobotSpaceExplorer:Strike","RobotSpaceExplorer:Strike","RobotSpaceExplorer:Defend","RobotSpaceExplorer:Strike"],"score":957,"play_id":"2a3dfaa1-1c98-48f6-b6e7-a597f5664857","local_time":"20210106100506","is_ascension_mode":true,"campfire_choices":[{"data":"RobotSpaceExplorer:StarDust","floor":6,"key":"SMITH"},{"data":"RobotSpaceExplorer:Fix","floor":8,"key":"SMITH"},{"data":"RobotSpaceExplorer:Smokescreen","floor":12,"key":"SMITH"},{"data":"RobotSpaceExplorer:DoubleBlock","floor":15,"key":"SMITH"},{"data":"RobotSpaceExplorer:ShockMissile","floor":23,"key":"SMITH"},{"data":"RobotSpaceExplorer:Jetpack","floor":25,"key":"SMITH"},{"data":"RobotSpaceExplorer:StarLightning","floor":28,"key":"SMITH"},{"data":"RobotSpaceExplorer:Scan","floor":32,"key":"SMITH"},{"data":"RobotSpaceExplorer:MiniLasers","floor":40,"key":"SMITH"},{"data":"RobotSpaceExplorer:Autoloader","floor":44,"key":"SMITH"},{"data":"RobotSpaceExplorer:StarDust","floor":47,"key":"SMITH"},{"data":"RobotSpaceExplorer:SurgingShield","floor":49,"key":"SMITH"}],"circlet_count":0,"master_deck":["RobotSpaceExplorer:Strike","RobotSpaceExplorer:Defend","RobotSpaceExplorer:Scan+1","RobotSpaceExplorer:MiniLasers+1","RobotSpaceExplorer:StarDust+1","RobotSpaceExplorer:Smokescreen+1","RobotSpaceExplorer:Fix+1","RobotSpaceExplorer:SurgingShield+1","RobotSpaceExplorer:Electroshield+1","RobotSpaceExplorer:Jetpack+1","RobotSpaceExplorer:DoubleBlock+1","RobotSpaceExplorer:ShockMissile+1","RobotSpaceExplorer:StarLightning+1","RobotSpaceExplorer:Autoloader+1","RobotSpaceExplorer:Autoloader+1","RobotSpaceExplorer:StarDust+1"],"relics":["Coffee Dripper","Golden Idol","Bromod:ArcaneVictory","Smiling Mask","Letter Opener","Velvet Choker","Regal Pillow","Singing Bowl","Pet Ghost","Philosopher\u0027s Stone","Replay:Wax Seal","Guide Book","Bromod:ArcaneDeflection","Runesmith:AutoHammer","Replay:Rubber Ducky","Calipers","The Courier"],"acts_visited":["Exordium","TheCity","TheBeyond"],"potions_floor_usage":[33,46,50,50],"damage_taken":[{"damage":3,"enemies":"Jaw Worm","floor":1,"turns":4},{"damage":0,"enemies":"Small Slimes","floor":5,"turns":4},{"damage":2,"enemies":"Lagavulin","floor":7,"turns":5},{"damage":0,"enemies":"Cultist","floor":11,"turns":5},{"damage":0,"enemies":"Fading Forest","floor":16,"turns":11},{"damage":0,"enemies":"3 Byrds","floor":18,"turns":7},{"damage":0,"enemies":"Spheric Guardian","floor":22,"turns":6},{"damage":15,"enemies":"Gremlin Leader","floor":24,"turns":7},{"damage":0,"enemies":"Centurion and Healer","floor":27,"turns":9},{"damage":0,"enemies":"Book of Stabbing","floor":31,"turns":6},{"damage":0,"enemies":"Automaton","floor":33,"turns":9},{"damage":6,"enemies":"Orb Walker","floor":35,"turns":5},{"damage":12,"enemies":"3 Shapes","floor":36,"turns":4},{"damage":1,"enemies":"Spire Growth","floor":39,"turns":6},{"damage":12,"enemies":"Reptomancer","floor":41,"turns":8},{"damage":0,"enemies":"R_Hoarder","floor":46,"turns":8},{"damage":2,"enemies":"Nemesis","floor":48,"turns":7},{"damage":16,"enemies":"Donu and Deca","floor":50,"turns":10}],"seed_played":"1708234710887809365","potions_obtained":[{"floor":5,"key":"Swift Potion"},{"floor":16,"key":"PowerPotion"},{"floor":22,"key":"SpeedPotion"},{"floor":31,"key":"Adrenaline Potion"},{"floor":35,"key":"Doom Potion"}],"is_trial":false,"path_per_floor":["M","?","$","?","M","R","E","R","T","$","M","R","?","$","R","B",null,"M","?","?","?","M","R","E","R","T","M","R","$","?","E","R","B",null,"M","M","?","$","M","R","E","?","T","R","$","E","R","E","R","B",null],"character_chosen":"RobotSpaceExplorer","items_purchased":["RobotSpaceExplorer:SurgingShield","RobotSpaceExplorer:DoubleBlock","Replay:Wax Seal","Guide Book","RobotSpaceExplorer:StarDust","Replay:Rubber Ducky"],"campfire_rested":0,"item_purchase_floors":[10,14,38,38,45,45],"current_hp_per_floor":[72,54,54,36,38,38,37,37,37,37,44,44,44,44,44,54,75,75,75,75,75,75,75,64,64,64,72,72,72,72,77,77,77,77,79,78,78,78,83,83,80,80,80,80,80,85,85,86,86,73],"gold":92,"neow_bonus":"BOSS_RELIC","is_daily":false,"chose_seed":false,"campfire_upgraded":12,"win_rate":0.0,"timestamp":1609895106,"path_taken":["M","?","$","?","M","R","E","R","T","$","?","R","?","$","R","BOSS","M","?","?","?","M","R","E","R","T","?","R","$","?","E","R","BOSS","M","M","?","$","?","R","E","?","T","R","$","E","R","E","R","BOSS"],"items_purchased_type":["Card","Card","Relic","Relic","Card","Relic"],"build_version":"2020-12-22","purchased_purges":5,"victory":true,"max_hp_per_floor":[75,75,75,75,75,75,75,75,75,75,75,75,75,75,75,75,75,75,75,75,75,75,75,75,75,75,75,75,75,75,77,77,77,77,79,81,81,81,83,83,83,83,83,83,83,85,85,87,87,87],"card_choices":[{"not_picked":["RobotSpaceExplorer:DoubleBlock","RobotSpaceExplorer:StunGrenade"],"picked":"RobotSpaceExplorer:StarDust","floor":1},{"not_picked":["RobotSpaceExplorer:PlasmaMissile","RobotSpaceExplorer:LaserBurst"],"picked":"RobotSpaceExplorer:Smokescreen","floor":4},{"not_picked":["RobotSpaceExplorer:ToxicBomb","RobotSpaceExplorer:Probe","RobotSpaceExplorer:FrostMissile"],"picked":"SKIP","floor":5},{"not_picked":["RobotSpaceExplorer:Counterblock","RobotSpaceExplorer:ScrapMissile"],"picked":"RobotSpaceExplorer:Fix","floor":7},{"not_picked":["RobotSpaceExplorer:ScrapMissile","RobotSpaceExplorer:Counterblock"],"picked":"RobotSpaceExplorer:Electroshield","floor":11},{"not_picked":["RobotSpaceExplorer:Scanner","RobotSpaceExplorer:Accelerator"],"picked":"RobotSpaceExplorer:ShockMissile","floor":16},{"not_picked":["RobotSpaceExplorer:FranticSearch","RobotSpaceExplorer:SwiftStep","RobotSpaceExplorer:FrostMissile"],"picked":"SKIP","floor":18},{"not_picked":["RobotSpaceExplorer:PowerGlove","RobotSpaceExplorer:ShockKick+1","RobotSpaceExplorer:SurgingShield"],"picked":"SKIP","floor":22},{"not_picked":["RobotSpaceExplorer:PowerGlove","RobotSpaceExplorer:MetalStrike","RobotSpaceExplorer:FrostMissile"],"picked":"SKIP","floor":24},{"not_picked":["RobotSpaceExplorer:SurgingStrike","RobotSpaceExplorer:MetalStrike+1"],"picked":"RobotSpaceExplorer:StarLightning","floor":27},{"not_picked":["RobotSpaceExplorer:MetalStrike","RobotSpaceExplorer:GlueSpray","RobotSpaceExplorer:GlueShot+1"],"picked":"Singing Bowl","floor":31},{"not_picked":["RobotSpaceExplorer:Multitool","RobotSpaceExplorer:Accelerator"],"picked":"RobotSpaceExplorer:Autoloader","floor":33},{"not_picked":["RobotSpaceExplorer:FrostMissile+1","RobotSpaceExplorer:PlasmaMissile","RobotSpaceExplorer:MetalStrike+1"],"picked":"Singing Bowl","floor":35},{"not_picked":["RobotSpaceExplorer:GlueSpray","RobotSpaceExplorer:ShovelStrike+1","RobotSpaceExplorer:MetalStrike+1"],"picked":"Singing Bowl","floor":36},{"not_picked":["RobotSpaceExplorer:ShovelStrike+1","RobotSpaceExplorer:DoubleFind","RobotSpaceExplorer:PowerGlove"],"picked":"Singing Bowl","floor":39},{"not_picked":["RobotSpaceExplorer:JunkDive","RobotSpaceExplorer:SurgingStrike"],"picked":"RobotSpaceExplorer:Autoloader","floor":41},{"not_picked":["RobotSpaceExplorer:Reload+1","RobotSpaceExplorer:Smokescreen","RobotSpaceExplorer:ImprovisedAttack"],"picked":"Singing Bowl","floor":46},{"not_picked":["RobotSpaceExplorer:Arsenal","RobotSpaceExplorer:FranticSearch","RobotSpaceExplorer:Probe+1"],"picked":"Singing Bowl","floor":48}],"player_experience":371493,"relics_obtained":[{"floor":4,"key":"Bromod:ArcaneVictory"},{"floor":7,"key":"Smiling Mask"},{"floor":9,"key":"Letter Opener"},{"floor":24,"key":"Regal Pillow"},{"floor":26,"key":"Singing Bowl"},{"floor":31,"key":"Pet Ghost"},{"floor":41,"key":"Bromod:ArcaneDeflection"},{"floor":43,"key":"Runesmith:AutoHammer"},{"floor":46,"key":"Calipers"},{"floor":48,"key":"The Courier"}],"event_choices":[{"damage_healed":0,"gold_gain":0,"player_choice":"Take Damage","damage_taken":18,"relics_obtained":["Golden Idol"],"max_hp_gain":0,"max_hp_loss":0,"event_name":"Golden Idol","floor":2,"gold_loss":0},{"damage_healed":0,"gold_gain":0,"player_choice":"1 cards matched","damage_taken":0,"max_hp_gain":0,"max_hp_loss":0,"event_name":"Match and Keep!","floor":13,"gold_loss":0,"cards_obtained":["RobotSpaceExplorer:Jetpack"]},{"damage_healed":0,"gold_gain":0,"player_choice":"Ignored","damage_taken":0,"max_hp_gain":0,"max_hp_loss":0,"event_name":"Vampires","floor":19,"gold_loss":0},{"damage_healed":0,"gold_gain":0,"player_choice":"Ignored","damage_taken":0,"max_hp_gain":0,"max_hp_loss":0,"event_name":"Ghosts","floor":20,"gold_loss":0},{"cards_removed":["RobotSpaceExplorer:Defend"],"damage_healed":0,"gold_gain":0,"player_choice":"Gave Gold","damage_taken":0,"max_hp_gain":0,"max_hp_loss":0,"event_name":"Beggar","floor":21,"gold_loss":75},{"damage_healed":0,"gold_gain":100,"player_choice":"Pray","damage_taken":0,"max_hp_gain":0,"max_hp_loss":0,"event_name":"Golden Shrine","floor":37,"gold_loss":0}],"is_beta":false,"boss_relics":[{"not_picked":["SacredBark","Runic Dome"],"picked":"Velvet Choker"},{"not_picked":["SlaversCollar","Bromod:ArcaneGrace"],"picked":"Philosopher\u0027s Stone"}],"items_purged_floors":[3,10,14,29,38],"is_endless":false,"potions_floor_spawned":[5,16,22,27,31,35,36,41],"ascension_level":1}}