{"host":"f67xjzd4p2hy4eub","time":1609900647,"event":{"mods":["BaseMod","Downfall","Minty Spire (QoL Compilation)","StSLib"],"gold_per_floor":[118,132,142,61,80,113,113,123,123,123,139,155,183,183,183,279,279,291,94,94,113,128,157,157,157,157],"floor_reached":25,"playtime":12245,"items_purged":[],"score":235,"play_id":"561ab472-3b87-402d-986d-5bbc8bf558fa","local_time":"20210105213727","is_ascension_mode":false,"campfire_choices":[{"data":"Perfected Strike","floor":10,"key":"SMITH"},{"floor":15,"key":"REST"},{"floor":24,"key":"RECALL"}],"circlet_count":0,"master_deck":["Strike_R","Strike_R+1","Strike_R","Strike_R","Strike_R","Defend_R","Defend_R","Defend_R","Defend_R","Bash+1","Perfected Strike+1","Wild Strike","Clash+1","expansioncontent:Chronoboost","Twin Strike","Warcry","Headbutt","Metallicize","Rage","Evolve","Demon Form","Pommel Strike","Armaments","Bash","Sever Soul","Seeing Red"],"relics":["Burning Blood","Oddly Smooth Stone","Bottled Flame","Coffee Dripper","Red Skull","CaptainsWheel"],"acts_visited":["Exordium","TheCity"],"potions_floor_usage":[12,12,13,16,22,23],"damage_taken":[{"damage":1,"enemies":"Cultist","floor":1,"turns":3},{"damage":6,"enemies":"Jaw Worm","floor":2,"turns":3},{"damage":0,"enemies":"2 Louse","floor":3,"turns":2},{"damage":38,"enemies":"Gremlin Gang","floor":5,"turns":6},{"damage":25,"enemies":"Gremlin Nob","floor":6,"turns":4},{"damage":12,"enemies":"Blue Slaver","floor":8,"turns":3},{"damage":0,"enemies":"Exordium Wildlife","floor":11,"turns":4},{"damage":1,"enemies":"Exordium Thugs","floor":12,"turns":3},{"damage":27,"enemies":"Lagavulin","floor":13,"turns":4},{"damage":36,"enemies":"Slime Boss","floor":16,"turns":12},{"damage":1,"enemies":"Spheric Guardian","floor":18,"turns":3},{"damage":4,"enemies":"Chosen","floor":21,"turns":5},{"damage":15,"enemies":"Snake Plant","floor":22,"turns":2},{"damage":66,"enemies":"Gremlin Leader","floor":23,"turns":8},{"damage":24,"enemies":"Shelled Parasite and Fungi","floor":25,"turns":3}],"seed_played":"-285038226599587658","potions_obtained":[{"floor":6,"key":"Energy Potion"},{"floor":8,"key":"BloodPotion"},{"floor":11,"key":"FearPotion"},{"floor":12,"key":"DistilledChaos"},{"floor":16,"key":"SpeedPotion"},{"floor":18,"key":"AttackPotion"},{"floor":22,"key":"BloodPotion"}],"is_trial":false,"path_per_floor":["M","M","M","$","M","E","?","M","T","R","M","M","E","?","R","B",null,"M","$","?","M","M","E","R","M"],"character_chosen":"IRONCLAD","items_purchased":["expansioncontent:Chronoboost","Armaments","Red Skull"],"campfire_rested":1,"item_purchase_floors":[4,19,19],"current_hp_per_floor":[80,80,80,80,48,29,55,49,49,49,55,76,55,39,63,33,80,80,80,80,80,71,27,27,3,3],"gold":157,"neow_bonus":"UPGRADE_CARD","is_daily":false,"chose_seed":false,"campfire_upgraded":1,"win_rate":0.0,"timestamp":1609900647,"path_taken":["M","M","M","$","M","E","?","M","T","R","M","M","E","?","R","BOSS","M","$","?","M","M","E","R","M"],"items_purchased_type":["Card","Card","Relic"],"build_version":"2020-12-22","purchased_purges":0,"victory":false,"max_hp_per_floor":[80,80,80,80,80,80,80,80,80,80,80,80,80,80,80,80,80,80,80,80,80,80,80,80,80,80],"card_choices":[{"not_picked":["Pommel Strike","Whirlwind"],"picked":"Perfected Strike","floor":1},{"not_picked":["Cleave","Burning Pact"],"picked":"Wild Strike","floor":2},{"not_picked":["Sword Boomerang","Armaments"],"picked":"Clash","floor":3},{"not_picked":["Sever Soul","Clothesline"],"picked":"Twin Strike","floor":5},{"not_picked":["Searing Blow","Carnage"],"picked":"Warcry","floor":6},{"not_picked":["Anger","Whirlwind"],"picked":"Headbutt","floor":8},{"not_picked":["Headbutt","Carnage"],"picked":"Metallicize","floor":11},{"not_picked":["Reckless Charge","Headbutt"],"picked":"Rage","floor":12},{"not_picked":["True Grit","Dark Embrace"],"picked":"Evolve","floor":13},{"not_picked":["Exhume","Bludgeon"],"picked":"Demon Form","floor":16},{"not_picked":["Clothesline","Body Slam"],"picked":"Pommel Strike","floor":18},{"not_picked":["Evolve","Searing Blow","Heavy Blade"],"picked":"SKIP","floor":21},{"not_picked":["Flex","Sword Boomerang"],"picked":"Seeing Red","floor":22},{"not_picked":["Anger","Offering","Headbutt"],"picked":"SKIP","floor":23}],"player_experience":232790,"relics_obtained":[{"floor":6,"key":"Oddly Smooth Stone"},{"floor":13,"key":"Bottled Flame"},{"floor":23,"key":"CaptainsWheel"}],"event_choices":[{"damage_healed":26,"gold_gain":0,"player_choice":"Banana","damage_taken":0,"max_hp_gain":0,"max_hp_loss":0,"event_name":"Big Fish","floor":7,"gold_loss":0},{"damage_healed":0,"gold_gain":0,"player_choice":"Entered Light","damage_taken":16,"max_hp_gain":0,"max_hp_loss":0,"event_name":"Shining Light","floor":14,"gold_loss":0,"cards_upgraded":["Clash","Strike_R"]},{"damage_healed":0,"gold_gain":0,"player_choice":"2 cards matched","damage_taken":0,"max_hp_gain":0,"max_hp_loss":0,"event_name":"Match and Keep!","floor":20,"gold_loss":0,"cards_obtained":["Bash","Sever Soul"]}],"is_beta":false,"boss_relics":[{"not_picked":["Pandora\u0027s Box","Ectoplasm"],"picked":"Coffee Dripper"}],"items_purged_floors":[],"is_endless":false,"potions_floor_spawned":[6,8,11,12,16,18,22],"killed_by":"Shelled Parasite and Fungi","ascension_level":0}}