{"host":"flm17o2q7bfjyna6","time":1609969992,"event":{"mods":["2.2 Compatiblity","Act Like it!","BaseMod","Better Altar","Better Match","Better Note","Better Sensory Stone","Better Skull","Better Third Choice","Better Vampires","Colored Map","Colored Powertips","DeckTracker","Hermit","Minty Spire (QoL Compilation)","Quick Restart","Replay The Spire","Reworked Bosses","Spicy Shops","StSLib","Wandering Minibosses"],"gold_per_floor":[115,130,143,162,179,209,239,239,263,83,96,101,101],"floor_reached":12,"playtime":320,"items_purged":["hermit:Strike_Hermit"],"score":126,"play_id":"e969da27-7227-416b-91fc-2e3506e3b382","local_time":"20210106165312","is_ascension_mode":true,"campfire_choices":[{"data":"hermit:CursedWeapon","floor":8,"key":"SMITH"}],"circlet_count":0,"master_deck":["AscendersBane","hermit:Strike_Hermit","hermit:Strike_Hermit","hermit:Strike_Hermit","hermit:Defend_Hermit","hermit:Defend_Hermit","hermit:Defend_Hermit","hermit:Defend_Hermit","hermit:Snapshot","hermit:Covet","hermit:CursedWeapon+1","hermit:WideOpen","hermit:Glare","hermit:PistolWhip","hermit:Grudge","hermit:DeadOrAlive","hermit:Deadeye","hermit:Vantage","Finesse","hermit:Scavenge"],"relics":["hermit:Momento","NeowsBlessing","Replay:Mystery Machine","Smiling Mask"],"acts_visited":["Exordium"],"potions_floor_usage":[6,6,11,12],"damage_taken":[{"damage":0,"enemies":"Cultist","floor":1,"turns":1},{"damage":2,"enemies":"Small Slimes","floor":2,"turns":1},{"damage":0,"enemies":"Jaw Worm","floor":3,"turns":1},{"damage":8,"enemies":"Exordium Wildlife","floor":4,"turns":4},{"damage":0,"enemies":"Looter","floor":5,"turns":2},{"damage":18,"enemies":"Lagavulin","floor":6,"turns":5},{"damage":18,"enemies":"Large Slime","floor":7,"turns":6},{"damage":15,"enemies":"Red Slaver","floor":11,"turns":5},{"damage":13,"enemies":"Gremlin Nob","floor":12,"turns":3}],"seed_played":"3194293920027633798","potions_obtained":[{"floor":1,"key":"Weak Potion"},{"floor":2,"key":"hermit:Tonic"},{"floor":3,"key":"ColorlessPotion"},{"floor":11,"key":"Weak Potion"}],"is_trial":false,"path_per_floor":["M","M","M","M","M","E","M","R","T","$","M","E"],"character_chosen":"HERMIT","items_purchased":["hermit:Vantage","Finesse"],"campfire_rested":0,"item_purchase_floors":[10,10],"current_hp_per_floor":[68,66,66,58,58,40,22,22,22,22,7,0,0],"gold":101,"neow_bonus":"THREE_ENEMY_KILL","is_daily":false,"chose_seed":false,"campfire_upgraded":1,"win_rate":0.0,"timestamp":1609969992,"path_taken":["M","?","?","M","M","E","M","R","T","$","M","E"],"items_purchased_type":["Card","Card"],"build_version":"2020-12-22","purchased_purges":1,"victory":false,"max_hp_per_floor":[75,75,75,75,75,75,75,75,75,75,75,75,75],"card_choices":[{"not_picked":["hermit:ShadowCloak","hermit:ItchyTrigger"],"picked":"hermit:CursedWeapon","floor":1},{"not_picked":["hermit:Coalescence","hermit:ItchyTrigger"],"picked":"hermit:WideOpen","floor":2},{"not_picked":["hermit:ItchyTrigger","hermit:Snipe"],"picked":"hermit:Glare","floor":3},{"not_picked":["hermit:Combo","hermit:Glare"],"picked":"hermit:PistolWhip","floor":4},{"not_picked":["hermit:Glare","hermit:FullyLoaded"],"picked":"hermit:Grudge","floor":5},{"not_picked":["hermit:Quickdraw","hermit:Determination"],"picked":"hermit:DeadOrAlive","floor":6},{"not_picked":["hermit:TrackingShot","hermit:Glare"],"picked":"hermit:Deadeye","floor":7},{"not_picked":["hermit:LowProfile","hermit:TakeAim"],"picked":"hermit:Scavenge","floor":11}],"player_experience":1641243,"relics_obtained":[{"floor":6,"key":"Replay:Mystery Machine"},{"floor":9,"key":"Smiling Mask"}],"event_choices":[],"is_beta":false,"boss_relics":[],"items_purged_floors":[10],"is_endless":false,"potions_floor_spawned":[1,2,3,11],"killed_by":"Gremlin Nob","ascension_level":10}}