{"host":"ur405gpummdrt5xj","time":1609969769,"event":{"mods":["BaseMod","Colored Map","Minty Spire (QoL Compilation)","Quick Restart"],"gold_per_floor":[114,127,127,52,65,65,65,83,135,146,146,175,175,187,187,282,282,300,331,87,87,107,142,142,176,176,188,200,226,26,46,46,144,144,164,89,103,153,75,75,75,75,75,108,20,40,69,69,69,69],"floor_reached":51,"playtime":1551,"items_purged":["Defend_P","Strike_P","Defend_P","Strike_P","Clumsy"],"score":1161,"play_id":"548e2834-3801-4904-ad9e-f3825fe67ad7","local_time":"20210106134929","is_ascension_mode":true,"campfire_choices":[{"data":"Eruption","floor":6.0,"key":"SMITH"},{"data":"Consecrate","floor":11.0,"key":"SMITH"},{"data":"Vigilance","floor":13.0,"key":"SMITH"},{"data":"Consecrate","floor":15.0,"key":"SMITH"},{"floor":24,"key":"REST"},{"floor":27,"key":"REST"},{"floor":32,"key":"REST"},{"floor":40,"key":"REST"},{"floor":49,"key":"REST"}],"circlet_count":0,"master_deck":["Strike_P+1","Defend_P","Eruption+1","Vigilance+1","CutThroughFate+1","Consecrate+1","Consecrate+1","Ragnarok+1","Protect+1","Vault","Vault","Master of Strategy"],"relics":["PureWater","NeowsBlessing","Boot","Pen Nib","Fusion Hammer","Red Mask","Akabeko","Matryoshka","White Beast Statue","MawBank","InkBottle","MutagenicStrength","Membership Card","Cursed Key","Thread and Needle","DollysMirror","Whetstone","Yang","Frozen Egg 2","Nunchaku"],"acts_visited":["Exordium","TheCity","TheBeyond"],"potions_floor_usage":[25,33,46,50,50],"damage_taken":[{"damage":0.0,"enemies":"Jaw Worm","floor":1.0,"turns":1.0},{"damage":0.0,"enemies":"Cultist","floor":2.0,"turns":1.0},{"damage":0.0,"enemies":"2 Louse","floor":5.0,"turns":1.0},{"damage":4.0,"enemies":"Red Slaver","floor":8.0,"turns":2.0},{"damage":8.0,"enemies":"3 Louse","floor":10.0,"turns":3.0},{"damage":0.0,"enemies":"Gremlin Nob","floor":12.0,"turns":2.0},{"damage":0.0,"enemies":"Large Slime","floor":14.0,"turns":2.0},{"damage":35.0,"enemies":"The Guardian","floor":16.0,"turns":9.0},{"damage":0.0,"enemies":"2 Thieves","floor":18.0,"turns":2.0},{"damage":0.0,"enemies":"Masked Bandits","floor":19.0,"turns":2.0},{"damage":0.0,"enemies":"Shell Parasite","floor":22.0,"turns":2.0},{"damage":19,"enemies":"Slavers","floor":23,"turns":3},{"damage":25,"enemies":"Book of Stabbing","floor":25,"turns":3},{"damage":1,"enemies":"Snecko","floor":29,"turns":4},{"damage":0,"enemies":"Shelled Parasite and Fungi","floor":31,"turns":2},{"damage":28,"enemies":"Champ","floor":33,"turns":4},{"damage":0,"enemies":"3 Shapes","floor":35,"turns":3},{"damage":0,"enemies":"Orb Walker","floor":37,"turns":1},{"damage":0,"enemies":"Mind Bloom Boss Battle","floor":38,"turns":3},{"damage":0,"enemies":"Nemesis","floor":44,"turns":1},{"damage":21,"enemies":"Transient","floor":46,"turns":6},{"damage":0,"enemies":"Reptomancer","floor":47,"turns":3},{"damage":68,"enemies":"Time Eater","floor":50,"turns":5}],"seed_played":"-5653929343283142405","potions_obtained":[{"floor":5.0,"key":"Weak Potion"},{"floor":16.0,"key":"Weak Potion"},{"floor":23,"key":"Regen Potion"},{"floor":25,"key":"DistilledChaos"},{"floor":29,"key":"BottledMiracle"},{"floor":31,"key":"StancePotion"},{"floor":33,"key":"BottledMiracle"},{"floor":35,"key":"Swift Potion"},{"floor":37,"key":"Ambrosia"},{"floor":46,"key":"DistilledChaos"}],"is_trial":false,"path_per_floor":["M","M","?","$","M","R","?","M","T","M","R","E","R","M","R","B",null,"M","?","$","?","M","E","R","E","T","R","?","M","$","M","R","B",null,"M","$","M","?","$","R","?","?","T","E","$","M","E","$","R","B",null],"character_chosen":"WATCHER","items_purchased":["Akabeko","Membership Card","DollysMirror"],"campfire_rested":5,"item_purchase_floors":[20,30,39],"current_hp_per_floor":[65,65,65,65,65,65,65,61,61,53,53,53,53,53,53,18,59,59,59,59,59,59,40,61,36,36,57,57,56,56,56,72,44,65,65,65,65,65,65,72,72,72,72,72,72,51,51,51,72,4],"gold":69,"neow_bonus":"THREE_ENEMY_KILL","is_daily":false,"chose_seed":false,"campfire_upgraded":4,"win_rate":0.0,"timestamp":1609969769,"path_taken":["M","M","?","$","?","R","?","M","T","M","R","E","R","?","R","BOSS","M","?","$","?","M","E","R","E","T","R","?","M","?","?","R","BOSS","M","$","M","?","$","R","?","?","T","E","$","M","E","?","R","BOSS"],"items_purchased_type":["Relic","Relic","Relic"],"build_version":"2020-12-22","purchased_purges":5,"victory":true,"max_hp_per_floor":[72,72,72,72,72,72,72,72,72,72,72,72,72,72,72,72,72,72,72,72,72,72,72,72,72,72,72,72,72,72,72,72,72,72,72,72,72,72,72,72,72,72,72,72,72,72,72,72,72,72],"card_choices":[{"not_picked":["Halt","Adaptation"],"picked":"CutThroughFate","floor":1.0},{"not_picked":["Wireheading","Worship","Crescendo"],"picked":"SKIP","floor":2.0},{"not_picked":["Fasting2","PathToVictory","FearNoEvil"],"picked":"SKIP","floor":5.0},{"not_picked":["SashWhip","Fasting2"],"picked":"Consecrate","floor":8.0},{"not_picked":["LikeWater","Weave","Perseverance"],"picked":"SKIP","floor":10.0},{"not_picked":["Swivel","InnerPeace","SandsOfTime"],"picked":"SKIP","floor":12.0},{"not_picked":["Prostrate","Meditate"],"picked":"Consecrate","floor":14.0},{"not_picked":["Scrawl","ConjureBlade"],"picked":"Ragnarok","floor":16.0},{"not_picked":["EmptyMind","EmptyBody","JustLucky"],"picked":"SKIP","floor":18.0},{"not_picked":["Conclude+1","ClearTheMind","Meditate"],"picked":"SKIP","floor":22.0},{"not_picked":["Pray+1","Judgement","Crescendo+1"],"picked":"SKIP","floor":23},{"not_picked":["Wish","BowlingBash"],"picked":"Protect+1","floor":25},{"not_picked":["Wallop","FlyingSleeves","WheelKick"],"picked":"SKIP","floor":29},{"not_picked":["SandsOfTime","FlurryOfBlows","CarveReality"],"picked":"SKIP","floor":31},{"not_picked":["Brilliance","ConjureBlade"],"picked":"Vault","floor":33},{"not_picked":["DeceiveReality+1","EmptyBody","EmptyFist"],"picked":"SKIP","floor":35},{"not_picked":["EmptyBody+1","Study","Fasting2"],"picked":"SKIP","floor":37},{"not_picked":["Dramatic Entrance","Good Instincts"],"picked":"Master of Strategy","floor":41},{"not_picked":["EmptyFist","CrushJoints","JustLucky+1"],"picked":"SKIP","floor":44},{"not_picked":["WreathOfFlame+1","FlurryOfBlows+1","InnerPeace+1"],"picked":"SKIP","floor":46},{"not_picked":["BowlingBash+1","Swivel","EmptyFist"],"picked":"SKIP","floor":47}],"player_experience":534207,"relics_obtained":[{"floor":9.0,"key":"Boot"},{"floor":12.0,"key":"Pen Nib"},{"floor":19.0,"key":"Red Mask"},{"floor":23,"key":"Matryoshka"},{"floor":25,"key":"White Beast Statue"},{"floor":26,"key":"MawBank"},{"floor":26,"key":"InkBottle"},{"floor":38,"key":"Thread and Needle"},{"floor":43,"key":"Whetstone"},{"floor":43,"key":"Yang"},{"floor":44,"key":"Frozen Egg 2"},{"floor":47,"key":"Nunchaku"}],"event_choices":[{"damage_healed":0.0,"max_hp_gain":0.0,"max_hp_loss":0.0,"gold_gain":0.0,"event_name":"The Woman in Blue","player_choice":"Bought 0 Potions","floor":3.0,"gold_loss":0.0,"damage_taken":0.0},{"damage_healed":0.0,"max_hp_gain":0.0,"max_hp_loss":0.0,"gold_gain":0.0,"event_name":"Upgrade Shrine","player_choice":"Upgraded","floor":7.0,"gold_loss":0.0,"damage_taken":0.0,"cards_upgraded":["CutThroughFate"]},{"damage_healed":0.0,"max_hp_gain":0.0,"max_hp_loss":0.0,"gold_gain":0.0,"event_name":"Masked Bandits","player_choice":"Fought Bandits","floor":19.0,"gold_loss":0.0,"damage_taken":0.0},{"cards_removed":["Strike_P"],"damage_healed":0.0,"max_hp_gain":0.0,"max_hp_loss":0.0,"gold_gain":0.0,"event_name":"Back to Basics","player_choice":"Elegance","floor":21.0,"gold_loss":0.0,"damage_taken":0.0},{"damage_healed":0,"gold_gain":0,"player_choice":"Inject Mutagens","damage_taken":0,"relics_obtained":["MutagenicStrength"],"max_hp_gain":0,"max_hp_loss":0,"event_name":"Drug Dealer","floor":28,"gold_loss":0},{"damage_healed":0,"gold_gain":0,"player_choice":"Fight","damage_taken":0,"max_hp_gain":0,"max_hp_loss":0,"event_name":"MindBloom","floor":38,"gold_loss":0},{"damage_healed":0,"gold_gain":0,"player_choice":"Memory 1","damage_taken":0,"max_hp_gain":0,"max_hp_loss":0,"event_name":"SensoryStone","floor":41,"gold_loss":0},{"cards_removed":["Defend_P"],"damage_healed":0,"gold_gain":0,"player_choice":"Removed Skill","damage_taken":0,"max_hp_gain":0,"max_hp_loss":0,"event_name":"Falling","floor":42,"gold_loss":0}],"is_beta":false,"boss_relics":[{"not_picked":["Black Star","VioletLotus"],"picked":"Fusion Hammer"},{"not_picked":["SacredBark","Pandora\u0027s Box"],"picked":"Cursed Key"}],"items_purged_floors":[4,20,30,36,45],"is_endless":false,"potions_floor_spawned":[5,16,23,25,29,31,33,35,37,38,44,46,47],"ascension_level":9}}