{"host":"9a77juz3tt2jjxfq","time":1609893848,"event":{"mods":["Abigail Mod","Act Like it!","Aspiration","Bartender","BaseMod","Better Third Choice","CapriCore","Colored Map","Colored Powertips","Conspire","Curses Come First","DeckTracker","Dota2Spire","Downfall","Elementarium","Energized Spire","Friendly Minions","Gensokyo","GifTheSpireLib","Halation","Hallownest","Hubris","Infinite Spire","JesterMod","Kiyohime????","Koishi","Luminous","Mad Scientist","Marisa????????","Minty Spire (QoL Compilation)","Pale of the Ancients","Permanent Neow","Prisma Mod","Quarter Circle Forward PUNCH!","Quick Restart","Random Character Button","Rare Cards Sparkle","Reimu??????","Relic Sorter","Relic Stats","Replay The Spire","RumiaBox-????????","Shop Mod","Spicy Shops","Spikes Relics","StSLib","Stuff the Spire","The Alterego","The Animator","The Blue Laboratory","The Construct","The Factory","The Gatherer","The Immortal","The Jungle","The Marked","The Necromancer","The Servant 0.9.4","Transform Curses","Wandering Minibosses","WarShipGirlsR/????R mod","Yakumo Yukari mod","Yuri Mod","Yuyuko","vexMod"],"gold_per_floor":[18,0,0,0,18,47,47,63,63,63,83,83,99,109,109,109,109],"floor_reached":16,"playtime":3525,"items_purged":[],"score":102,"play_id":"153de23c-e19e-473f-ad3d-a6937f31eecf","local_time":"20210105144408","is_ascension_mode":false,"campfire_choices":[{"floor":12,"key":"REST"},{"floor":15,"key":"REST"}],"circlet_count":0,"master_deck":["alterego_mod:Strike","alterego_mod:Strike","alterego_mod:Strike","alterego_mod:Strike","alterego_mod:Defend","alterego_mod:Defend","alterego_mod:Defend","alterego_mod:Defend","alterego_mod:Impale","alterego_mod:BigMeatyClaws","alterego_mod:BrynhildrsRune","alterego_mod:STier","alterego_mod:Birthday","alterego_mod:PresenceConcealment","alterego_mod:Cooking","alterego_mod:Rake","alterego_mod:TrashNCrash"],"relics":["alterego_mod:MasochisticConstitution","Vajra","Hallownest:DreamNailRelic","halation:KoshaPiece","hubris:MobiusCoin","RetroEgg"],"acts_visited":["Exordium"],"potions_floor_usage":[6,16],"damage_taken":[{"damage":12,"enemies":"Hallownest:monsterHuskGuard","floor":1,"turns":10},{"damage":1,"enemies":"Hallownest:2_MossCreeps","floor":5,"turns":3},{"damage":48,"enemies":"Hallownest:eliteMossKnight","floor":6,"turns":13},{"damage":6,"enemies":"Hallownest:2_Baldur","floor":8,"turns":11},{"damage":32,"enemies":"Hallownest:1_Ooma_and_2_Uuma","floor":11,"turns":25},{"damage":34,"enemies":"Hallownest:Guard_and_Warrior","floor":13,"turns":9},{"damage":19,"enemies":"Hallownest:MossCreep_and_Mosskin","floor":14,"turns":6},{"damage":56,"enemies":"Hallownest:BossHornet","floor":16,"turns":19}],"seed_played":"-1959716150149939750","potions_obtained":[{"floor":1,"key":"ZuzhouPotion:ReiMu"},{"floor":5,"key":"blueLaboratory:BottleOfRum"}],"is_trial":false,"path_per_floor":["M","?","?","$","M","E","T","M","T","$","M","R","M","M","R","B"],"character_chosen":"The_Alterego","items_purchased":[],"campfire_rested":2,"item_purchase_floors":[],"current_hp_per_floor":[66,66,66,66,66,21,21,25,25,25,20,42,28,22,45,0,0],"gold":109,"neow_bonus":"THREE_RARE_CARDS","is_daily":false,"chose_seed":false,"campfire_upgraded":0,"win_rate":0.0,"timestamp":1609893848,"path_taken":["M","?","?","$","?","E","?","M","T","?","?","R","M","M","R","BOSS"],"items_purchased_type":[],"build_version":"2020-12-22","purchased_purges":0,"victory":false,"max_hp_per_floor":[71,71,71,71,72,73,73,74,74,74,75,75,76,77,77,77,77],"relic_stats":{"counters":[8,96],"obtain_stats":[{"hubris:MobiusCoin":7,"alterego_mod:MasochisticConstitution":0,"RetroEgg":9,"Vajra":2,"Hallownest:DreamNailRelic":3,"halation:KoshaPiece":6},{"hubris:MobiusCoin":3,"alterego_mod:MasochisticConstitution":0,"RetroEgg":4,"Vajra":1,"Hallownest:DreamNailRelic":1,"halation:KoshaPiece":3},{"hubris:MobiusCoin":26,"alterego_mod:MasochisticConstitution":0,"RetroEgg":37,"Vajra":10,"Hallownest:DreamNailRelic":10,"halation:KoshaPiece":26}]},"card_choices":[{"not_picked":["alterego_mod:AlterEgo","alterego_mod:Rake"],"picked":"alterego_mod:STier","floor":0},{"not_picked":["alterego_mod:HighServant","alterego_mod:Punishment","alterego_mod:Rip"],"picked":"SKIP","floor":1},{"not_picked":["alterego_mod:RocketPunch","alterego_mod:Cycle"],"picked":"alterego_mod:Birthday","floor":5},{"not_picked":["alterego_mod:GoddessCore","alterego_mod:Undulate"],"picked":"alterego_mod:PresenceConcealment","floor":6},{"not_picked":["alterego_mod:Table","alterego_mod:Complex"],"picked":"alterego_mod:Cooking","floor":8},{"not_picked":["alterego_mod:PerceptionDisorder","alterego_mod:Punishment","alterego_mod:HighServant"],"picked":"SKIP","floor":11},{"not_picked":["alterego_mod:Cooking","alterego_mod:BiFurious"],"picked":"alterego_mod:Rake","floor":13},{"not_picked":["alterego_mod:HighServant","alterego_mod:Jiggle"],"picked":"alterego_mod:TrashNCrash","floor":14}],"player_experience":1076448,"relics_obtained":[{"floor":6,"key":"halation:KoshaPiece"},{"floor":7,"key":"hubris:MobiusCoin"},{"floor":9,"key":"RetroEgg"}],"event_choices":[],"is_beta":false,"boss_relics":[],"items_purged_floors":[],"is_endless":false,"potions_floor_spawned":[1,5],"killed_by":"Hallownest:BossHornet","ascension_level":0}}