{"host":"e87rn453naquue3h","time":1609968441,"event":{"mods":["AchievementEnabler","BaseMod","Downfall","Minty Spire (QoL Compilation)","StSLib"],"gold_per_floor":[99,119,119,136,150,100,172,189,203,228,178,192,212,242,261,366,366,316,326,426,701,719,749,749,749,749,749],"floor_reached":25,"playtime":3107,"items_purged":[],"score":270,"play_id":"98b2141d-58ac-465a-9522-3bf19f318a5e","local_time":"20210106162721","is_ascension_mode":true,"campfire_choices":[{"data":"Slimebound:Split","floor":1,"key":"SMITH"},{"data":"Slimebound:Prepare","floor":6,"key":"SMITH"},{"floor":11,"key":"REST"},{"data":"Slimebound:DuplicatedForm","floor":18,"key":"SMITH"}],"circlet_count":0,"master_deck":["Slimebound:Strike_Slimebound","Slimebound:Strike_Slimebound","Slimebound:Tackle","Slimebound:Defend_Slimebound","Slimebound:Defend_Slimebound","Slimebound:Defend_Slimebound","Slimebound:Split+1","Slimebound:CorrosiveSpit","Slimebound:Prepare+1","Slimebound:SplitBruiser","Slimebound:SlimeBrawl","Slimebound:Prepare","Slimebound:Darklings","Slimebound:SplitSpecialist","Slimebound:DuplicatedForm+1","Slimebound:GoopSpray","Slimebound:SlimeSlap","Slimebound:AcidTongue","Regret"],"relics":["Slimebound:AbsorbEndCombat","Guardian:PocketSentry","Slimebound:GreedOozeRelic","InkBottle","Blood Vial","Dead Branch","Snecko Eye","MutagenicStrength","Toxic Egg 2","Ginger"],"acts_visited":["Exordium","TheCity"],"potions_floor_usage":[16,25,25],"damage_taken":[{"damage":10,"enemies":"Small Slimes","floor":2,"turns":3},{"damage":8,"enemies":"Jaw Worm","floor":4,"turns":3},{"damage":8,"enemies":"Cultist","floor":5,"turns":3},{"damage":8,"enemies":"2 Fungi Beasts","floor":8,"turns":2},{"damage":21,"enemies":"Exordium Wildlife","floor":9,"turns":3},{"damage":32,"enemies":"3 Sentries","floor":10,"turns":5},{"damage":17,"enemies":"Gremlin Gang","floor":12,"turns":3},{"damage":10,"enemies":"Lots of Slimes","floor":13,"turns":4},{"damage":24,"enemies":"Gremlin Nob","floor":14,"turns":3},{"damage":19,"enemies":"Exordium Thugs","floor":15,"turns":3},{"damage":66,"enemies":"downfall:Defect","floor":16,"turns":5},{"damage":31,"enemies":"Spheric Guardian","floor":19,"turns":3},{"damage":42,"enemies":"downfall:Augmenter","floor":20,"turns":4},{"damage":54,"enemies":"Centurion and Healer","floor":22,"turns":4},{"damage":55,"enemies":"Book of Stabbing","floor":23,"turns":3},{"damage":47,"enemies":"Slavers","floor":25,"turns":3}],"seed_played":"7994393352365211252","potions_obtained":[{"floor":2,"key":"Energy Potion"},{"floor":5,"key":"PowerPotion"},{"floor":8,"key":"Slimebound:ThreeZeroPotion"},{"floor":19,"key":"Fire Potion"}],"is_trial":false,"path_per_floor":["R","M","?","M","M","R","T","M","M","E","R","M","M","E","M","B",null,"R","M","?","?","M","E","T","E"],"character_chosen":"SLIMEBOUND","items_purchased":[],"campfire_rested":1,"item_purchase_floors":[],"current_hp_per_floor":[60,60,60,60,60,60,60,60,51,33,51,50,50,44,51,33,60,60,60,58,58,41,35,35,0,0,0],"gold":749,"neow_bonus":"RANDOM_COMMON_RELIC","is_daily":false,"chose_seed":false,"campfire_upgraded":3,"win_rate":0.0,"timestamp":1609968441,"path_taken":["R","M","?","M","M","R","T","M","M","E","R","M","M","E","M","BOSS","R","M","?","?","?","E","T","E"],"items_purchased_type":[],"build_version":"2020-12-22","purchased_purges":0,"victory":false,"max_hp_per_floor":[60,60,60,60,60,60,60,60,60,60,60,60,60,60,60,60,60,60,60,60,60,60,60,60,60,60,60],"card_choices":[{"not_picked":["Slimebound:SplitMire","Slimebound:Repurpose"],"picked":"Slimebound:Prepare","floor":2},{"not_picked":["Slimebound:ProtectTheBoss","Slimebound:GrowthPunch","Slimebound:FinishingTackle"],"picked":"SKIP","floor":4},{"not_picked":["Slimebound:ViciousTackle","Slimebound:PressTheAttack","Slimebound:LeechEnergy"],"picked":"SKIP","floor":5},{"not_picked":["Slimebound:TongueLash","Slimebound:RollThrough"],"picked":"Slimebound:SplitBruiser","floor":8},{"not_picked":["Slimebound:FirmFortitude","Slimebound:ForwardTackle","Slimebound:FinishingTackle"],"picked":"SKIP","floor":9},{"not_picked":["Slimebound:ItLooksTasty","Slimebound:SplitLeeching"],"picked":"Slimebound:SlimeBrawl","floor":10},{"not_picked":["Slimebound:HungryTackle","Slimebound:FinishingTackle"],"picked":"Slimebound:Prepare","floor":12},{"not_picked":["Slimebound:SpikyOuterGoop","Slimebound:SplitMire","Slimebound:GoopSpray"],"picked":"SKIP","floor":13},{"not_picked":["Slimebound:ItLooksTasty","Slimebound:ComboTackle"],"picked":"Slimebound:Darklings","floor":14},{"not_picked":["Slimebound:SlimeSpikes","Slimebound:SplitBruiser"],"picked":"Slimebound:SplitSpecialist","floor":15},{"not_picked":["Slimebound:Darklings","Slimebound:PrepareCrush"],"picked":"Slimebound:DuplicatedForm","floor":16},{"not_picked":["Slimebound:SplitLeeching+1","Slimebound:RollThrough"],"picked":"Slimebound:GoopSpray","floor":19},{"not_picked":["Slimebound:SplitAcid+1","Slimebound:Replication","Slimebound:GrowthPunch+1"],"picked":"SKIP","floor":22},{"not_picked":["Slimebound:MinionMaster","Slimebound:Chomp","Slimebound:SpikyOuterGoop"],"picked":"SKIP","floor":23}],"player_experience":2464559,"relics_obtained":[{"floor":7,"key":"InkBottle"},{"floor":10,"key":"Blood Vial"},{"floor":14,"key":"Dead Branch"},{"floor":20,"key":"MutagenicStrength"},{"floor":23,"key":"Toxic Egg 2"},{"floor":24,"key":"Ginger"}],"event_choices":[],"is_beta":false,"boss_relics":[{"not_picked":["Cursed Key","Empty Cage"],"picked":"Snecko Eye"}],"items_purged_floors":[],"is_endless":false,"potions_floor_spawned":[2,5,8,10,14,15,19],"killed_by":"Slavers","ascension_level":3}}