{"host":"1kq2ingo3j45gyyp","time":1609973871,"event":{"mods":["BaseMod","Better Note","Better Third Choice","Downfall","Minty Spire (QoL Compilation)","StSLib"],"gold_per_floor":[99,84,84,96,113,38,38,49,49,34,34,34,51,65,80,179,179,104,123,133,133,145,162,189,208,227,243,243,276,201,16,35,35,35,35],"floor_reached":33,"playtime":1523,"items_purged":[],"score":288,"play_id":"ed469c09-af1d-41ee-8d3b-eb800bbcbb22","local_time":"20210106175751","is_ascension_mode":false,"campfire_choices":[{"floor":1,"key":"RECALL"},{"data":"champ:RageSigil","floor":6,"key":"SMITH"},{"data":"champ:Lariat","floor":11,"key":"SMITH"},{"data":"champ:Duel","floor":18,"key":"SMITH"},{"data":"champ:Duel","floor":28,"key":"SMITH"},{"data":"champ:StanceDance","floor":30,"key":"SMITH"}],"circlet_count":0,"master_deck":["champ:Strike","champ:Strike","champ:Strike","champ:Strike","champ:Defend","champ:Defend","champ:Defend","champ:Defend","champ:Execute","champ:Taunt","champ:MurderStrike","champ:FalseCounter","champ:RageSigil+1","champ:Lariat+1","champ:GladiatorsShout","champ:Duel+1","champ:StanceDance+1","champ:ShieldSigil","champ:DefensiveShout","champ:Duel+1","champ:BladeFlurry","champ:DefensiveStyle","champ:TornadoPunch","champ:DefensiveShout"],"relics":["Coffee Dripper","downfall:HeartBlessingRed","champ:LiftRelic","SlaversCollar","downfall:HeartBlessingBlue","Boot","Strawberry","downfall:HeartBlessingGreen","Oddly Smooth Stone"],"acts_visited":["Exordium","TheCity"],"potions_floor_usage":[16,16,16,27,29,33],"damage_taken":[{"damage":10,"enemies":"downfall:FleeingMerchant","floor":2,"turns":4},{"damage":0,"enemies":"Small Slimes","floor":4,"turns":3},{"damage":6,"enemies":"Cultist","floor":5,"turns":3},{"damage":0,"enemies":"2 Louse","floor":8,"turns":2},{"damage":10,"enemies":"downfall:FleeingMerchant","floor":10,"turns":4},{"damage":26,"enemies":"Lots of Slimes","floor":13,"turns":5},{"damage":8,"enemies":"3 Louse","floor":14,"turns":3},{"damage":26,"enemies":"Large Slime","floor":15,"turns":4},{"damage":31,"enemies":"downfall:Silent","floor":16,"turns":7},{"damage":18,"enemies":"Chosen","floor":19,"turns":4},{"damage":5,"enemies":"Snecko","floor":20,"turns":3},{"damage":8,"enemies":"Snake Plant","floor":22,"turns":3},{"damage":21,"enemies":"Chosen and Byrds","floor":23,"turns":5},{"damage":20,"enemies":"Snecko","floor":25,"turns":3},{"damage":5,"enemies":"Snake Plant","floor":26,"turns":4},{"damage":22,"enemies":"Cultist and Chosen","floor":27,"turns":6},{"damage":34,"enemies":"Slavers","floor":29,"turns":5},{"damage":8,"enemies":"downfall:FleeingMerchant","floor":31,"turns":4},{"damage":11,"enemies":"Shelled Parasite and Fungi","floor":32,"turns":4},{"damage":22,"enemies":"downfall:Watcher","floor":33,"turns":8}],"seed_played":"5738975899036544938","potions_obtained":[{"floor":8,"key":"Fire Potion"},{"floor":14,"key":"LiquidBronze"},{"floor":15,"key":"hexamod:EctoCoolerPotion"},{"floor":16,"key":"PowerPotion"},{"floor":23,"key":"LiquidMemories"},{"floor":25,"key":"AttackPotion"},{"floor":26,"key":"champ:TechniquePotion"},{"floor":27,"key":"SkillPotion"}],"is_trial":false,"path_per_floor":["R","$","?","M","M","R","T","M","?","$","R","?","M","M","M","B",null,"R","M","M","?","M","M","T","M","M","M","R","E","R","$","M","B"],"character_chosen":"THE_CHAMP","items_purchased":["Oddly Smooth Stone","champ:TornadoPunch"],"campfire_rested":0,"item_purchase_floors":[31,31],"current_hp_per_floor":[90,90,90,90,89,89,89,89,89,89,89,54,43,35,33,20,90,100,100,100,100,92,71,71,71,71,49,49,30,30,30,19,0,0,0],"gold":35,"neow_bonus":"BOSS_RELIC","is_daily":false,"chose_seed":false,"campfire_upgraded":5,"win_rate":0.0,"timestamp":1609973871,"path_taken":["R","$","?","M","?","R","T","M","?","$","R","?","M","?","M","BOSS","R","M","M","?","M","M","T","M","M","M","R","E","R","$","M","BOSS"],"items_purchased_type":["Relic","Card"],"build_version":"2020-12-22","purchased_purges":0,"victory":false,"max_hp_per_floor":[90,90,90,90,90,90,90,90,90,90,90,90,90,90,90,90,90,100,100,100,100,100,100,100,100,100,100,100,107,107,107,107,107,107,107],"card_choices":[{"not_picked":["champ:Lariat","champ:GutPunch"],"picked":"champ:MurderStrike","floor":2},{"not_picked":["champ:FlashCut","champ:GladiatorStyle"],"picked":"champ:FalseCounter","floor":4},{"not_picked":["champ:Control","champ:PerfectedStrike"],"picked":"champ:RageSigil","floor":5},{"not_picked":["champ:Haymaker","champ:FocusedBerserking"],"picked":"champ:Lariat","floor":8},{"not_picked":["champ:FaceSlap","champ:HeavySlash","champ:ShieldWall"],"picked":"SKIP","floor":10},{"not_picked":["champ:FalseCounter","champ:Control"],"picked":"champ:GladiatorsShout","floor":13},{"not_picked":["champ:BerserkersShout","champ:Haymaker","champ:FocusedGladiator"],"picked":"SKIP","floor":14},{"not_picked":["champ:Circumvent","champ:FightOn"],"picked":"champ:Duel","floor":15},{"not_picked":["champ:BringItOn+1","champ:FlashCut+1"],"picked":"champ:StanceDance","floor":19},{"not_picked":["champ:AdrenalArmor","champ:FaceSlap+1"],"picked":"champ:ShieldSigil","floor":20},{"not_picked":["champ:AdrenalArmor","champ:GutPunch","champ:BringItOn"],"picked":"SKIP","floor":22},{"not_picked":["champ:BladeFlurry","champ:FanOfKnives"],"picked":"champ:DefensiveShout","floor":23},{"not_picked":["champ:GladiatorsShout","champ:RageSigil"],"picked":"champ:Duel","floor":25},{"not_picked":["champ:Haymaker+1","champ:EnragedBash","champ:SwordThrow"],"picked":"SKIP","floor":26},{"not_picked":["champ:Circumvent","champ:RapidStrikes+1"],"picked":"champ:BladeFlurry","floor":27},{"not_picked":["champ:EnragedBash","champ:Backstep+1","champ:Aggression"],"picked":"SKIP","floor":29},{"not_picked":["champ:Devastate","champ:GutPunch"],"picked":"champ:DefensiveStyle","floor":31},{"not_picked":["champ:GladiatorsShout","champ:ViciousMockery"],"picked":"champ:DefensiveShout","floor":32}],"player_experience":849140,"relics_obtained":[{"floor":24,"key":"Boot"},{"floor":29,"key":"Strawberry"}],"event_choices":[{"damage_healed":0,"gold_gain":0,"player_choice":"Ignored","damage_taken":0,"max_hp_gain":0,"max_hp_loss":0,"event_name":"betterNote:BetterNote","floor":3,"gold_loss":0,"cards_obtained":["Blind"]}],"is_beta":false,"boss_relics":[{"not_picked":["Astrolabe","Velvet Choker"],"picked":"SlaversCollar"}],"items_purged_floors":[],"is_endless":false,"potions_floor_spawned":[8,14,15,16,23,25,26,27],"killed_by":"downfall:Watcher","ascension_level":0}}