{"host":"oy4pyvr762z5n0bb","time":1609906651,"event":{"mods":["AchievementEnabler","BaseMod","Colored Map","Colored Powertips","Googly Eyes","Key Reminder","Minty Spire (QoL Compilation)","Quick Restart","Relic Sorter","StSLib","SuperFastMode","Unceasing Turn Reminder","slay the spire mod where everything is the same but ironclad has a cowboy hat"],"gold_per_floor":[113,128,56,231,231,231,260,276,303,303,313,348,348,380,380,485,485,495,594,606,620,170,170,170,85,133,160,171,181,212,66,66,169,169,181,181,199,213,213,213,239,239,285,313,325,325,325,351,351,351,351],"floor_reached":50,"playtime":977,"items_purged":["Strike_R","Strike_R"],"score":793,"play_id":"32221c6a-05b7-454e-9490-487a0ced802f","local_time":"20210105201731","is_ascension_mode":true,"campfire_choices":[{"data":"Inflame","floor":6,"key":"SMITH"},{"data":"Cleave","floor":10,"key":"SMITH"},{"data":"Bash","floor":13,"key":"SMITH"},{"data":"Spot Weakness","floor":15,"key":"SMITH"},{"floor":24,"key":"REST"},{"floor":32,"key":"REST"},{"floor":40,"key":"RECALL"},{"floor":42,"key":"REST"},{"floor":49,"key":"REST"}],"circlet_count":0,"master_deck":["Strike_R","Strike_R","Strike_R","Defend_R","Defend_R","Defend_R","Defend_R","Bash+1","Cleave+1","Iron Wave","Inflame+1","Doubt","True Grit","Warcry","Dropkick","Spot Weakness+1","Immolate","Burning Pact","Pommel Strike","Disarm","Shrug It Off","Ghostly Armor","Headbutt","Reaper","Cleave","Sword Boomerang","Reaper","Sword Boomerang+1"],"relics":["Burning Blood","NeowsBlessing","Tiny Chest","Bottled Flame","Happy Flower","StoneCalendar","Bottled Lightning","Fusion Hammer","Brimstone","Vajra","Enchiridion","Akabeko","Centennial Puzzle","Bag of Preparation","Runic Pyramid","Bird Faced Urn","Mummified Hand","White Beast Statue","Meat on the Bone","Blue Candle"],"acts_visited":["Exordium","TheCity","TheBeyond"],"potions_floor_usage":[12,16,20,20,30,48],"damage_taken":[{"damage":0,"enemies":"Jaw Worm","floor":1,"turns":1},{"damage":0,"enemies":"2 Louse","floor":2,"turns":1},{"damage":0,"enemies":"Lagavulin","floor":7,"turns":1},{"damage":1,"enemies":"Small Slimes","floor":8,"turns":3},{"damage":0,"enemies":"3 Louse","floor":11,"turns":2},{"damage":10,"enemies":"3 Sentries","floor":12,"turns":6},{"damage":25,"enemies":"Lagavulin","floor":14,"turns":6},{"damage":22,"enemies":"Hexaghost","floor":16,"turns":7},{"damage":33,"enemies":"Spheric Guardian","floor":18,"turns":6},{"damage":6,"enemies":"3 Byrds","floor":20,"turns":4},{"damage":15,"enemies":"3 Cultists","floor":21,"turns":4},{"damage":17,"enemies":"Snake Plant","floor":28,"turns":2},{"damage":0,"enemies":"Snecko","floor":29,"turns":2},{"damage":35,"enemies":"Book of Stabbing","floor":30,"turns":4},{"damage":26,"enemies":"Champ","floor":33,"turns":6},{"damage":0,"enemies":"3 Darklings","floor":35,"turns":2},{"damage":22,"enemies":"3 Shapes","floor":37,"turns":3},{"damage":0,"enemies":"Transient","floor":38,"turns":5},{"damage":83,"enemies":"Giant Head","floor":41,"turns":7},{"damage":23,"enemies":"Nemesis","floor":44,"turns":5},{"damage":27,"enemies":"Maw","floor":45,"turns":6},{"damage":29,"enemies":"Reptomancer","floor":48,"turns":4},{"damage":101,"enemies":"Donu and Deca","floor":50,"turns":4}],"seed_played":"-4271368862966657584","potions_obtained":[{"floor":1,"key":"LiquidMemories"},{"floor":12,"key":"BlessingOfTheForge"},{"floor":16,"key":"DuplicationPotion"},{"floor":18,"key":"AttackPotion"},{"floor":21,"key":"DistilledChaos"},{"floor":33,"key":"LiquidBronze"},{"floor":35,"key":"SpeedPotion"},{"floor":38,"key":"LiquidMemories"},{"floor":48,"key":"Strength Potion"}],"is_trial":false,"path_per_floor":["M","M","$","?","?","R","E","M","T","R","M","E","R","E","R","B",null,"M","?","M","M","$","?","R","$","T","T","M","M","E","$","R","B",null,"M","?","M","M","?","R","E","R","T","E","M","T","?","E","R","B"],"character_chosen":"IRONCLAD","items_purchased":["Inflame","Brimstone","Vajra","Whirlwind","Shrug It Off","Ghostly Armor","Sword Boomerang"],"campfire_rested":4,"item_purchase_floors":[3,22,22,22,25,25,31],"current_hp_per_floor":[78,80,80,80,77,77,80,80,80,80,80,76,76,57,57,41,70,43,43,43,34,34,18,42,42,42,42,31,37,8,8,32,12,63,69,69,72,80,80,80,57,80,80,80,80,80,76,69,76,0,0],"gold":351,"neow_bonus":"THREE_ENEMY_KILL","is_daily":false,"chose_seed":false,"campfire_upgraded":4,"win_rate":0.0,"timestamp":1609906651,"path_taken":["M","M","$","?","?","R","E","M","T","R","M","E","R","E","R","BOSS","M","?","M","M","$","?","R","?","T","?","M","M","E","$","R","BOSS","M","?","M","M","?","R","E","R","T","E","?","?","?","E","R","BOSS"],"items_purchased_type":["Card","Relic","Relic","Card","Card","Card","Card"],"build_version":"2020-12-22","purchased_purges":2,"victory":false,"max_hp_per_floor":[80,80,80,80,80,80,80,80,80,80,80,80,80,80,80,80,80,80,80,80,80,80,80,80,80,80,80,80,80,80,80,80,80,80,80,80,80,80,80,80,80,80,80,80,80,80,76,76,76,76,76],"card_choices":[{"not_picked":["Battle Trance","Pommel Strike"],"picked":"Cleave","floor":1},{"not_picked":["Heavy Blade","Body Slam"],"picked":"Iron Wave","floor":2},{"not_picked":["Searing Blow","Entrench","Havoc"],"picked":"SKIP","floor":7},{"not_picked":["Demon Form","Reckless Charge"],"picked":"True Grit","floor":8},{"not_picked":["Havoc","Anger"],"picked":"Warcry","floor":11},{"not_picked":["Juggernaut","Pommel Strike"],"picked":"Dropkick","floor":12},{"not_picked":["Burning Pact","Havoc"],"picked":"Spot Weakness","floor":14},{"not_picked":["Offering","Limit Break"],"picked":"Immolate","floor":16},{"not_picked":["Evolve+1","Rampage"],"picked":"Burning Pact","floor":18},{"not_picked":["Intimidate","Body Slam"],"picked":"Pommel Strike","floor":20},{"not_picked":["Infernal Blade+1","Iron Wave"],"picked":"Disarm","floor":21},{"not_picked":["Armaments","Perfected Strike"],"picked":"Headbutt","floor":28},{"not_picked":["Twin Strike","Blood for Blood"],"picked":"Reaper","floor":29},{"not_picked":["Iron Wave","True Grit"],"picked":"Cleave","floor":30},{"not_picked":["Feed","Exhume"],"picked":"Reaper","floor":33},{"not_picked":["Whirlwind","Anger","Wild Strike"],"picked":"SKIP","floor":35},{"not_picked":["Pommel Strike+1","Intimidate+1","Sword Boomerang+1"],"picked":"SKIP","floor":37},{"not_picked":["Shrug It Off","Thunderclap+1","Body Slam+1"],"picked":"SKIP","floor":38},{"not_picked":["Corruption","Rupture+1","Armaments"],"picked":"SKIP","floor":41},{"not_picked":["Shrug It Off","Body Slam"],"picked":"Sword Boomerang+1","floor":44},{"not_picked":["Shrug It Off","Rupture","Armaments+1"],"picked":"SKIP","floor":45},{"not_picked":["Dark Embrace+1","Searing Blow","Barricade"],"picked":"SKIP","floor":48}],"player_experience":635988,"relics_obtained":[{"floor":7,"key":"Bottled Flame"},{"floor":9,"key":"Happy Flower"},{"floor":12,"key":"StoneCalendar"},{"floor":14,"key":"Bottled Lightning"},{"floor":23,"key":"Enchiridion"},{"floor":26,"key":"Akabeko"},{"floor":27,"key":"Centennial Puzzle"},{"floor":30,"key":"Bag of Preparation"},{"floor":41,"key":"Mummified Hand"},{"floor":44,"key":"White Beast Statue"},{"floor":46,"key":"Meat on the Bone"},{"floor":48,"key":"Blue Candle"}],"event_choices":[{"damage_healed":0,"gold_gain":175,"player_choice":"AGREE","damage_taken":0,"max_hp_gain":0,"max_hp_loss":0,"event_name":"Liars Game","floor":4,"gold_loss":0,"cards_obtained":["Doubt"]},{"damage_healed":0,"gold_gain":0,"player_choice":"Success","damage_taken":3,"relics_obtained":["Tiny Chest"],"max_hp_gain":0,"max_hp_loss":0,"event_name":"Scrap Ooze","floor":5,"gold_loss":0},{"damage_healed":0,"gold_gain":99,"player_choice":"Stole From Cult","damage_taken":0,"max_hp_gain":0,"max_hp_loss":0,"event_name":"Nest","floor":19,"gold_loss":0},{"damage_healed":0,"gold_gain":0,"player_choice":"Obtained Book","damage_taken":16,"max_hp_gain":0,"max_hp_loss":0,"event_name":"Cursed Tome","floor":23,"gold_loss":0},{"damage_healed":0,"gold_gain":0,"player_choice":"Memory 1","damage_taken":0,"max_hp_gain":0,"max_hp_loss":0,"event_name":"SensoryStone","floor":36,"gold_loss":0},{"cards_removed":["Whirlwind"],"damage_healed":0,"gold_gain":0,"player_choice":"Gave Card","damage_taken":0,"relics_obtained":["Bird Faced Urn"],"max_hp_gain":0,"max_hp_loss":0,"event_name":"WeMeetAgain","floor":39,"gold_loss":0},{"damage_healed":0,"gold_gain":0,"player_choice":"Max HP","damage_taken":0,"max_hp_gain":0,"max_hp_loss":4,"event_name":"Winding Halls","floor":47,"gold_loss":0}],"is_beta":false,"boss_relics":[{"not_picked":["Pandora\u0027s Box","Runic Cube"],"picked":"Fusion Hammer"},{"not_picked":["Astrolabe","Philosopher\u0027s Stone"],"picked":"Runic Pyramid"}],"items_purged_floors":[22,31],"is_endless":false,"potions_floor_spawned":[1,12,16,18,21,33,35,38,41,45,48],"killed_by":"Donu and Deca","ascension_level":6}}