{"host":"h23hlq20ir8sps7h","time":1609950311,"event":{"mods":["Act Like it!","Aspiration","BaseMod","BetterRewards","Colored Map","Conspire","Energized Spire","Friendly Minions","GifTheSpireLib","Halation","Hubris","Ironclad Rager","Minty Spire (QoL Compilation)","Permanent Neow","Prisma Mod","Quarter Circle Forward PUNCH!","Quick Restart","Railgun Mod","Remilia??????","Replay The Spire","SCP261 Mod","Shop Mod","Spikes Relics","StSLib","Stuff the Spire","The Animator","The Hierophant","The Problem Sleuth","The Runesmith","The Sage","Trackpad","Wandering Minibosses","vexMod"],"gold_per_floor":[119,52,65,84,94,94,104,104,104,133,154,7,7,35,35,152,152,176,197,50,77,92,92,137,156,156,156,156,156,156,156,156,258,258,284,307,327,327,349,349,364,364,414,434,434,478,100,125,125,155,155,155,104,153,255],"floor_reached":56,"playtime":4770,"items_purged":["PrismaMod:IllyaCommonAttack"],"score":1203,"play_id":"1e962a7c-93f3-44b4-883c-4b00ae9bc06f","local_time":"20210106082511","is_ascension_mode":false,"campfire_choices":[{"floor":6,"key":"RECALL"},{"data":"PrismaMod:IllyaUncommonDefend","floor":8,"key":"SMITH"},{"data":"PrismaMod:IllyaUberDefendChannel","floor":13,"key":"SMITH"},{"data":"PrismaMod:IllyaRubysPotion","floor":15,"key":"SMITH"},{"data":"PrismaMod:IllyaSaphire","floor":23,"key":"SMITH"},{"data":"PrismaMod:IllyaPoisonBomb","floor":27,"key":"SMITH"},{"data":"PrismaMod:IllyaPoisonBomb","floor":30,"key":"SMITH"},{"data":"PrismaMod:IllyaPoisonBomb","floor":32,"key":"SMITH"},{"data":"TheRailgun:Battery_Pack","floor":40,"key":"SMITH"},{"data":"PrismaMod:IllyaUncommonAOEAttack","floor":42,"key":"SMITH"},{"data":"Discovery","floor":49,"key":"SMITH"},{"data":"PrismaMod:IllyaStunPoison","floor":52,"key":"SMITH"}],"circlet_count":0,"master_deck":["PrismaMod:IllyaCommonDefend","PrismaMod:IllyaCommonDefend","PrismaMod:IllyaCommonAttack","PrismaMod:IllyaCommonDefend","PrismaMod:IllyaUncommonAttack","PrismaMod:IllyaUncommonDefend+1","PrismaMod:IllyaPoisonBomb+1","PrismaMod:IllyaUncommonAttack","PrismaMod:IllyaSaphire+1","PrismaMod:IllyaUberAttackChannel","PrismaMod:IllyaRubysPotion+1","PrismaMod:IllyaMinorRapidFire","PrismaMod:IllyaUberChannel","PrismaMod:IllyaUberDefendChannel+1","PrismaMod:IllyaInstallAvenger","PrismaMod:IllyaInstallRider","TheRailgun:Gekota_Phone+1","PrismaMod:IllyaUncommonDefend+1","PrismaMod:IllyaUncommonAOEAttack+1","PrismaMod:IllyaStunPoison+1","PrismaMod:IllyaPoisonBomb+1","PrismaMod:IllyaPoisonBomb+1","PrismaMod:IllyaBlindPoisonToss","TheRailgun:Battery_Pack+1","PrismaMod:IllyaUncommonAttack","TheRailgun:Crack","RitualDagger","PrismaMod:IllyaCommandSeal+1","TheRailgun:Iron_Dust_Vial+1","PrismaMod:IllyaAOECommonAttack","PrismaMod:IllyaCommandSeal+1","Discovery+1","PrismaMod:IllyaGrailKun+1","PrismaMod:MiyuUncommonDexBuff","PrismaMod:MiyuCheapDefend1+1"],"relics":["PrismaMod:PrismaRuby","StuffTheSpire:Barrel","halation:IllGainedPizza","Astrolabe","Pocketwatch","Ginger","aspiration:RitualStick","energizedSpire:OgreHead","StuffTheSpire:OldFever","Garlic","hubris:CuriousFeather","Gremlin Food"],"acts_visited":["Exordium","TheCity","TheBeyond","TheEnding"],"potions_floor_usage":[],"damage_taken":[{"damage":0,"enemies":"Cultist","floor":1,"turns":5},{"damage":0,"enemies":"conspire:RoseBush","floor":3,"turns":4},{"damage":4,"enemies":"Small Slimes","floor":4,"turns":4},{"damage":4,"enemies":"Looter","floor":5,"turns":4},{"damage":0,"enemies":"Large Slime","floor":7,"turns":4},{"damage":12,"enemies":"Lagavulin","floor":10,"turns":6},{"damage":2,"enemies":"2 Fungi Beasts","floor":11,"turns":4},{"damage":0,"enemies":"Lots of Slimes","floor":14,"turns":4},{"damage":18,"enemies":"The Guardian","floor":16,"turns":10},{"damage":0,"enemies":"Chosen","floor":18,"turns":7},{"damage":0,"enemies":"2 Thieves","floor":19,"turns":5},{"damage":9,"enemies":"Shelled Parasite and Fungi","floor":21,"turns":5},{"damage":10,"enemies":"Snecko","floor":22,"turns":6},{"damage":28,"enemies":"Slavers","floor":24,"turns":6},{"damage":0,"enemies":"Cultist and Chosen","floor":25,"turns":5},{"damage":35,"enemies":"hubris:MusketHawk","floor":33,"turns":9},{"damage":0,"enemies":"3 Darklings","floor":35,"turns":4},{"damage":16,"enemies":"3 Shapes","floor":36,"turns":3},{"damage":0,"enemies":"Maw","floor":37,"turns":8},{"damage":11,"enemies":"Sphere and 2 Shapes","floor":39,"turns":5},{"damage":23,"enemies":"4 Shapes","floor":41,"turns":2},{"damage":8,"enemies":"Transient","floor":44,"turns":5},{"damage":27,"enemies":"Nemesis","floor":46,"turns":7},{"damage":0,"enemies":"Writhing Mass","floor":48,"turns":6},{"damage":16,"enemies":"conspire:OrnateMirror","floor":50,"turns":12},{"damage":37,"enemies":"Shield and Spear","floor":54,"turns":8},{"damage":51,"enemies":"The Heart","floor":55,"turns":14}],"seed_played":"-3672953974301576804","potions_obtained":[{"floor":5,"key":"DuplicationPotion"},{"floor":10,"key":"Explosive Potion"},{"floor":16,"key":"SCP261:DewritoBlazePotion"}],"is_trial":false,"path_per_floor":["M","$","M","M","M","R","M","R","T","E","M","$","R","M","R","B",null,"M","M","$","M","M","R","E","M","T","R","?","?","R","?","R","B",null,"M","M","M","?","M","R","M","R","T","M","?","E","$","M","R","B",null,"R","$","E","B",null],"character_chosen":"ILLYA","items_purchased":["PrismaMod:IllyaUncommonAttack","PrismaMod:IllyaUberDefendChannel","PrismaMod:IllyaPoisonBomb","hubris:CuriousFeather","Discovery","PrismaMod:MiyuUncommonDexBuff"],"campfire_rested":0,"item_purchase_floors":[2,12,20,47,47,53],"current_hp_per_floor":[75,75,75,71,75,75,75,75,75,63,66,66,66,74,74,69,75,75,75,75,71,66,66,48,58,58,58,43,43,43,37,37,12,75,75,69,75,75,74,74,51,51,51,53,53,36,36,51,51,50,75,75,75,53,17],"gold":255,"neow_bonus":"RANDOM_COMMON_RELIC","is_daily":false,"chose_seed":false,"campfire_upgraded":11,"win_rate":0.0,"timestamp":1609950311,"path_taken":["M","$","?","M","M","R","M","R","T","E","M","$","R","M","R","BOSS","M","M","$","M","M","R","E","M","T","R","?","?","R","?","R","BOSS","M","M","M","?","M","R","M","R","T","M","?","E","$","M","R","BOSS","R","$","E","BOSS"],"items_purchased_type":["Card","Card","Card","Relic","Card","Card"],"build_version":"2020-12-22","purchased_purges":1,"victory":true,"max_hp_per_floor":[75,75,75,75,75,75,75,75,75,75,75,75,75,75,75,75,75,75,75,75,75,75,75,75,75,75,75,75,75,75,75,75,75,75,75,75,75,75,75,75,75,75,75,75,75,75,75,75,75,75,75,75,75,75,75],"card_choices":[{"not_picked":["PrismaMod:IllyaBlindPoisonToss","PrismaMod:IllyaPoisonBlock"],"picked":"PrismaMod:IllyaPoisonBomb","floor":1},{"not_picked":["PrismaMod:IllyaPoisonTippedWeapons","PrismaMod:IllyaGun"],"picked":"PrismaMod:IllyaSaphire","floor":3},{"not_picked":["PrismaMod:MiyuCommonAOEAttack","TheRailgun:Spark","PrismaMod:MiyuEvokeCheapAttack"],"picked":"SKIP","floor":4},{"not_picked":["TheRailgun:Taser","TheRailgun:Iron_Dust_Shield"],"picked":"PrismaMod:IllyaUberAttackChannel","floor":5},{"not_picked":["PrismaMod:IllyaGrailKun","PrismaMod:IllyaUpgradeOrbs"],"picked":"PrismaMod:IllyaRubysPotion","floor":7},{"not_picked":["TheRailgun:Electrical_Fire","PrismaMod:IllyaCommonEvoke"],"picked":"PrismaMod:IllyaMinorRapidFire","floor":10},{"not_picked":["PrismaMod:MiyuCommonAOEAttack","PrismaMod:IllyaCheapChannelPoison"],"picked":"PrismaMod:IllyaUberChannel","floor":11},{"not_picked":["PrismaMod:IllyaPoisonBlock","PrismaMod:IllyaCheapChannelPoison","TheRailgun:Gekotamania"],"picked":"SKIP","floor":14},{"not_picked":["TheRailgun:Railgun","PrismaMod:MiyuChannelDefendEvoke"],"picked":"PrismaMod:IllyaInstallAvenger","floor":16},{"not_picked":["TheRailgun:Static","PrismaMod:IllyaDualEvoke"],"picked":"PrismaMod:IllyaUncommonAOEAttack","floor":18},{"not_picked":["TheRailgun:Sister_Network","PrismaMod:MiyuCheapChannelVul+1"],"picked":"PrismaMod:IllyaStunPoison","floor":19},{"not_picked":["PrismaMod:MiyuCheapAttack1","PrismaMod:IllyaSaphire"],"picked":"PrismaMod:IllyaPoisonBomb","floor":21},{"not_picked":["PrismaMod:IllyaDetonatingBlow","PrismaMod:MiyuCheapChannelHeal"],"picked":"PrismaMod:IllyaRubysPotion+1","floor":22},{"not_picked":["TheRailgun:Hypercharge","PrismaMod:IllyaFriendMaker"],"picked":"PrismaMod:IllyaBlindPoisonToss","floor":24},{"not_picked":["PrismaMod:IllyaCheapAttack","TheRailgun:Discharge"],"picked":"TheRailgun:Battery_Pack","floor":25},{"not_picked":["PrismaMod:MiyuCheapStrBuff+1","PrismaMod:IllyaMaid"],"picked":"PrismaMod:IllyaCommandSeal+1","floor":35},{"not_picked":["TheRailgun:Crackle+1","PrismaMod:IllyaCheapDefend","TheRailgun:Aerial_Shot"],"picked":"SKIP","floor":36},{"not_picked":["TheRailgun:Hypercharge+1","PrismaMod:MiyuCheapEvoke+1"],"picked":"TheRailgun:Iron_Dust_Vial+1","floor":37},{"not_picked":["PrismaMod:IllyaTestament","PrismaMod:MiyuCheapStrBuff+1","TheRailgun:Hypercharge+1"],"picked":"SKIP","floor":39},{"not_picked":["PrismaMod:IllyaCheapChannelPoison+1","TheRailgun:Hypercharge","PrismaMod:MiyuCheapAttack2"],"picked":"SKIP","floor":41},{"not_picked":["PrismaMod:MiyuEvokeBuffDex+1","TheRailgun:Circuitous"],"picked":"PrismaMod:IllyaAOECommonAttack","floor":44},{"not_picked":["PrismaMod:IllyaUberAttackChannel","PrismaMod:MiyuCheapAttack1+1"],"picked":"PrismaMod:IllyaCommandSeal+1","floor":46},{"not_picked":["PrismaMod:MiyuCheapChannelWeak","TheRailgun:Coin_Flip"],"picked":"PrismaMod:IllyaGrailKun+1","floor":48},{"not_picked":["PrismaMod:IllyaGrailKun","PrismaMod:MiyuCheapChannelVul+1"],"picked":"PrismaMod:MiyuCheapDefend1+1","floor":54}],"player_experience":254445,"relics_obtained":[{"floor":10,"key":"halation:IllGainedPizza"},{"floor":24,"key":"Pocketwatch"},{"floor":26,"key":"Ginger"},{"floor":43,"key":"StuffTheSpire:OldFever"},{"floor":46,"key":"Garlic"},{"floor":54,"key":"Gremlin Food"}],"event_choices":[{"damage_healed":0,"gold_gain":0,"cards_transformed":["PrismaMod:IllyaCommonDefend","PrismaMod:IllyaCommonAttack"],"player_choice":"Became Test Subject","damage_taken":0,"max_hp_gain":0,"max_hp_loss":0,"event_name":"Drug Dealer","floor":29,"gold_loss":0,"cards_obtained":["PrismaMod:IllyaUncommonAttack","TheRailgun:Crack"]},{"damage_healed":0,"gold_gain":0,"player_choice":"Joined the Cult","damage_taken":6,"max_hp_gain":0,"max_hp_loss":0,"event_name":"Nest","floor":31,"gold_loss":0,"cards_obtained":["RitualDagger"]},{"cards_removed":["PrismaMod:IllyaRubysPotion"],"damage_healed":0,"gold_gain":0,"player_choice":"Removed Skill","damage_taken":0,"max_hp_gain":0,"max_hp_loss":0,"event_name":"Falling","floor":38,"gold_loss":0}],"is_beta":false,"boss_relics":[{"not_picked":["SacredBark","vexMod:DeviousBotling"],"picked":"Astrolabe"},{"not_picked":["halation:Prosthetics","hubris:CrackedHourglass"],"picked":"energizedSpire:OgreHead"}],"items_purged_floors":[20],"is_endless":false,"potions_floor_spawned":[5,10,16,18,22,25,36,37,41,48],"ascension_level":0}}