{"host":"Qube","time":1609957742,"event":{"mods":["AchievementEnabler","BaseMod","Colored Map","Colored Powertips","Minty Spire (QoL Compilation)","Quick Restart","Random Character Button","StSLib"],"gold_per_floor":[117,136,155,173,184,184,219,219,219,219,219,229,254,29,29,103,103,123,141,153,10,10,10,10,10],"floor_reached":24,"playtime":1073,"items_purged":["Strike_R"],"score":408,"play_id":"66d90fef-559d-449d-8e78-add49def8a05","local_time":"20210106102902","is_ascension_mode":true,"campfire_choices":[{"data":"True Grit","floor":6.0,"key":"SMITH"},{"data":"Entrench","floor":10.0,"key":"SMITH"},{"data":"Armaments","floor":15.0,"key":"SMITH"},{"data":"Body Slam","floor":23,"key":"SMITH"}],"circlet_count":0,"master_deck":["AscendersBane","Strike_R","Strike_R","Strike_R","Strike_R","Defend_R","Defend_R","Defend_R","Defend_R","Bash","Iron Wave+1","Wild Strike","True Grit+1","Battle Trance","Hemokinesis","Entrench+1","Ghostly Armor","Armaments+1","Bludgeon","Fiend Fire","Feel No Pain+1","Body Slam+1","Reaper"],"relics":["Burning Blood","Gambling Chip","Shuriken","Paper Frog","Question Card","Bronze Scales","Philosopher\u0027s Stone","Sundial"],"acts_visited":["Exordium","TheCity"],"potions_floor_usage":[19,24,24],"damage_taken":[{"damage":7.0,"enemies":"Small Slimes","floor":1.0,"turns":4.0},{"damage":1.0,"enemies":"Cultist","floor":2.0,"turns":4.0},{"damage":1.0,"enemies":"2 Louse","floor":3.0,"turns":3.0},{"damage":17.0,"enemies":"Lots of Slimes","floor":4.0,"turns":6.0},{"damage":1.0,"enemies":"Blue Slaver","floor":5.0,"turns":6.0},{"damage":41.0,"enemies":"Lagavulin","floor":7.0,"turns":7.0},{"damage":3.0,"enemies":"Looter","floor":12.0,"turns":3.0},{"damage":4.0,"enemies":"Gremlin Nob","floor":13.0,"turns":3.0},{"damage":26.0,"enemies":"The Guardian","floor":16.0,"turns":12.0},{"damage":6.0,"enemies":"Chosen","floor":18.0,"turns":3.0},{"damage":14,"enemies":"Spheric Guardian","floor":19,"turns":4},{"damage":16,"enemies":"Cultist and Chosen","floor":20,"turns":10},{"damage":14,"enemies":"Gremlin Leader","floor":24,"turns":7}],"seed_played":"-1161148157975159823","potions_obtained":[{"floor":2.0,"key":"HeartOfIron"},{"floor":5.0,"key":"Ancient Potion"},{"floor":12.0,"key":"Block Potion"},{"floor":16.0,"key":"Dexterity Potion"},{"floor":19,"key":"Fire Potion"},{"floor":20,"key":"Dexterity Potion"}],"is_trial":false,"path_per_floor":["M","M","M","M","M","R","E","?","T","R","?","M","E","$","R","B",null,"M","M","M","$","T","R","E"],"character_chosen":"IRONCLAD","items_purchased":["Bludgeon","Bronze Scales","Reaper"],"campfire_rested":0,"item_purchase_floors":[14,14,21],"current_hp_per_floor":[74,79,82,71,76,76,41,23,23,23,23,26,28,28,28,8,64,64,56,46,46,46,46,32,32],"gold":10,"neow_bonus":"TEN_PERCENT_HP_BONUS","is_daily":false,"chose_seed":false,"campfire_upgraded":4,"win_rate":0.0,"timestamp":1609957742,"path_taken":["M","M","M","M","M","R","E","?","T","R","?","M","E","$","R","BOSS","M","M","M","?","?","R","E"],"items_purchased_type":["Card","Relic","Card"],"build_version":"2020-12-18","purchased_purges":1,"victory":false,"max_hp_per_floor":[82,82,82,82,82,82,82,82,82,82,82,82,82,82,82,82,82,82,82,82,82,82,82,82,82],"card_choices":[{"not_picked":["Clash","Rupture"],"picked":"Iron Wave","floor":1.0},{"not_picked":["Rage","Heavy Blade"],"picked":"Wild Strike","floor":2.0},{"not_picked":["Cleave","Combust"],"picked":"True Grit","floor":3.0},{"not_picked":["Carnage","Power Through"],"picked":"Battle Trance","floor":4.0},{"not_picked":["Sever Soul","Dropkick"],"picked":"Hemokinesis","floor":5.0},{"not_picked":["Hemokinesis","Sever Soul"],"picked":"Entrench","floor":7.0},{"not_picked":["Rage","Dual Wield"],"picked":"Ghostly Armor","floor":12.0},{"not_picked":["Shrug It Off","Battle Trance"],"picked":"Armaments","floor":13.0},{"not_picked":["Berserk","Immolate","Demon Form"],"picked":"Fiend Fire","floor":16.0},{"not_picked":["Sentinel","Ghostly Armor","Twin Strike"],"picked":"Feel No Pain+1","floor":18.0},{"not_picked":["Disarm","Fire Breathing","Warcry"],"picked":"Body Slam","floor":19},{"not_picked":["Flex","Twin Strike+1","True Grit","Sword Boomerang"],"picked":"SKIP","floor":20}],"player_experience":816912,"relics_obtained":[{"floor":7.0,"key":"Gambling Chip"},{"floor":9.0,"key":"Paper Frog"},{"floor":13.0,"key":"Question Card"},{"floor":22,"key":"Sundial"}],"event_choices":[{"damage_healed":0.0,"max_hp_gain":0.0,"max_hp_loss":0.0,"gold_gain":0.0,"event_name":"Scrap Ooze","player_choice":"Success","floor":8.0,"gold_loss":0.0,"damage_taken":18.0,"relics_obtained":["Shuriken"]},{"damage_healed":0.0,"max_hp_gain":0.0,"max_hp_loss":0.0,"gold_gain":0.0,"event_name":"Upgrade Shrine","player_choice":"Upgraded","floor":11.0,"gold_loss":0.0,"damage_taken":0.0,"cards_upgraded":["Iron Wave"]}],"is_beta":true,"boss_relics":[{"not_picked":["Runic Dome","Tiny House"],"picked":"Philosopher\u0027s Stone"}],"items_purged_floors":[21],"is_endless":false,"potions_floor_spawned":[2,5,12,16,19,20],"killed_by":"Gremlin Leader","ascension_level":15}}