{"host":"7c402rm0fqc13zvz","time":1609961884,"event":{"mods":["BaseMod","Marisa（F雨　魔理沙）","Minty Spire (QoL Compilation)","Remilia（蕾米莉亚）","StSLib","The Servant 0.9.4","Youmu（魂魄妖梦）","[功能]功能增强和修复MOD"],"gold_per_floor":[109,69,84,159,124,124,140,140,140,173,168,168,168,186,186,285,285,300,310,295,306,306,340,350,350,350,350,370,350,350,366,366,468,468,483,483,483,483,393,418,431,431,431,431,431,463,463,475,475,475],"floor_reached":51,"playtime":2348,"items_purged":["Defend_YM","Defend_YM","Defend_YM","Defend_YM","Strike_YM","Strike_YM","Strike_YM","Strike_YM","SlashOfPresentWorld","CelestialStarSword+1","SlashOfMeditation","WheelOfPainOfLivingAndDead","Shame","SwordOfBindingDesires","SwordOfBindingDesires","HumanKnowledgeSword"],"score":1053,"play_id":"dc92d83d-bd5d-4610-a35e-6cb737036da8","local_time":"20210107033804","is_ascension_mode":true,"campfire_choices":[{"data":"EchoesOfTheInclemencyOfAllBeings","floor":6.0,"key":"SMITH"},{"data":"LifeCuttingSword","floor":8.0,"key":"SMITH"},{"data":"PhosphoricSlash","floor":15.0,"key":"SMITH"},{"data":"ReincarnationSword","floor":25.0,"key":"SMITH"},{"data":"FiveSignsOfTheDyingDeva","floor":27.0,"key":"SMITH"},{"data":"FlashingScatteredFlowers","floor":32.0,"key":"SMITH"},{"data":"Finesse","floor":42,"key":"SMITH"},{"data":"SwordExtraction","floor":45,"key":"SMITH"},{"data":"SwordExtraction","floor":47,"key":"SMITH"},{"floor":49,"key":"REST"}],"circlet_count":0,"master_deck":["HumanGodSword+1","Finesse+1","SwordExtraction+1","LifeCuttingSword+1","EchoesOfTheInclemencyOfAllBeings+1","FlashingScatteredFlowers+1","PhosphoricSlash+1","HiganSword+1","SwordExtraction+1","HumanGodSword+1","SwordExtraction+1","ReincarnationSword+1","Finesse+1","HumanRealmSword+1","HumanRealmSword+1","FiveSignsOfTheDyingDeva+1","GhostSword+1","HumanGodSword+1","StrangeHalfBody+1","Writhe","HesitationCuttingSword+1","EchoesOfTheInclemencyOfAllBeings+1"],"relics":["HalfPhantom","Frozen Egg 2","HornCleat","TheAbacus","Question Card","Boot","Happy Flower","Regal Pillow","Orrery","Matryoshka","WarpedTongs","Philosopher\u0027s Stone","Chemical X","Toxic Egg 2","Thread and Needle","ScarletDevilRocket","Mummified Hand","Bag of Marbles","Letter Opener","Sundial","Lee\u0027s Waffle","Bronze Scales","Runic Pyramid","Hakurouken","HandDrill","Kunai","AntiCross","PreservedInsect","Meat on the Bone","Ancient Tea Set","Mercury Hourglass","Strawberry","Juzu Bracelet","OrangePellets"],"acts_visited":["Exordium","TheCity","TheBeyond"],"potions_floor_usage":[50,50,50],"damage_taken":[{"damage":0.0,"enemies":"Cultist","floor":1.0,"turns":4.0},{"damage":0.0,"enemies":"2 Louse","floor":3.0,"turns":2.0},{"damage":0.0,"enemies":"Jaw Worm","floor":7.0,"turns":2.0},{"damage":0.0,"enemies":"3 Sentries","floor":10.0,"turns":5.0},{"damage":0.0,"enemies":"3 Louse","floor":14.0,"turns":1.0},{"damage":5.0,"enemies":"Hexaghost","floor":16.0,"turns":6.0},{"damage":13.0,"enemies":"Spheric Guardian","floor":18.0,"turns":4.0},{"damage":2.0,"enemies":"2 Thieves","floor":19.0,"turns":2.0},{"damage":2.0,"enemies":"Cultist and Chosen","floor":21.0,"turns":3.0},{"damage":37.0,"enemies":"Slavers","floor":23.0,"turns":4.0},{"damage":1.0,"enemies":"3 Cultists","floor":24.0,"turns":3.0},{"damage":5.0,"enemies":"Snake Plant","floor":28.0,"turns":1.0},{"damage":5.0,"enemies":"Snecko","floor":31.0,"turns":3.0},{"damage":3.0,"enemies":"Collector","floor":33.0,"turns":3.0},{"damage":5.0,"enemies":"3 Darklings","floor":35.0,"turns":3.0},{"damage":18,"enemies":"Nemesis","floor":40,"turns":3},{"damage":0,"enemies":"3 Shapes","floor":41,"turns":2},{"damage":4,"enemies":"Reptomancer","floor":46,"turns":2},{"damage":3,"enemies":"Spire Growth","floor":48,"turns":3},{"damage":0,"enemies":"Awakened One","floor":50,"turns":4}],"seed_played":"-8207710213996839757","potions_obtained":[{"floor":1.0,"key":"GamblersBrew"},{"floor":3.0,"key":"Fire Potion"},{"floor":10.0,"key":"Fire Potion"},{"floor":19.0,"key":"Weak Potion"},{"floor":21.0,"key":"Strength Potion"},{"floor":23.0,"key":"BlessingOfTheForge"}],"is_trial":false,"path_per_floor":["M","$","M","?","?","R","M","R","T","E","$","?","?","M","R","B",null,"M","M","$","M","?","E","M","R","T","R","M","$","?","M","R","B",null,"M","$","?","$","?","E","M","R","T","$","R","E","R","M","R","B",null],"character_chosen":"YOUMU","items_purchased":["Frozen Egg 2","HumanGodSword+1","HornCleat","TheAbacus","Finesse","SwordExtraction","LifeCuttingSword","Energy Potion","PowerPotion","Happy Flower","Regal Pillow","HiganSword+1","Orrery","Chemical X","Toxic Egg 2","Finesse+1","Thread and Needle","HumanRealmSword+1","Sundial","Lee\u0027s Waffle","HumanGodSword+1","Hakurouken","HandDrill","Kunai","Fruit Juice","Fruit Juice","PowerPotion","AntiCross","PreservedInsect","Strawberry","Juzu Bracelet","OrangePellets"],"campfire_rested":1,"item_purchase_floors":[2,2,2,2,2,2,2,2,2,11,11,11,11,20,20,20,20,20,29,29,29,36,36,36,36,36,36,38,38,44,44,44],"current_hp_per_floor":[82,82,82,71,82,82,82,82,82,82,82,57,57,57,57,52,82,69,67,67,65,65,28,27,27,27,27,22,89,89,84,84,81,89,84,94,99,99,99,81,81,81,81,88,88,84,84,81,106,106],"gold":475,"neow_bonus":"TEN_PERCENT_HP_BONUS","is_daily":false,"chose_seed":false,"campfire_upgraded":9,"win_rate":0.0,"timestamp":1609961884,"path_taken":["M","$","M","?","?","R","M","R","T","E","$","?","?","M","R","BOSS","M","M","$","?","?","E","M","R","T","R","M","$","?","M","R","BOSS","M","$","?","$","?","E","?","R","T","?","R","E","R","M","R","BOSS"],"items_purchased_type":["Relic","Card","Relic","Relic","Card","Card","Card","Potion","Potion","Relic","Relic","Card","Relic","Relic","Relic","Card","Relic","Card","Relic","Relic","Card","Relic","Relic","Relic","Potion","Potion","Potion","Relic","Relic","Relic","Relic","Relic"],"build_version":"2020-12-22","purchased_purges":16,"victory":true,"max_hp_per_floor":[82,82,82,82,82,82,82,82,82,82,82,82,82,82,82,82,82,82,82,82,82,82,82,82,82,82,82,82,89,89,89,89,89,89,89,99,99,99,99,99,99,99,99,106,106,106,106,106,106,106],"card_choices":[{"not_picked":["HumanRealmSword","CrescentMoonSlash"],"picked":"SlashOfMeditation","floor":1.0},{"not_picked":["ThreeKonsSevenHakus","CherryBlossomFlashing"],"picked":"EchoesOfTheInclemencyOfAllBeings","floor":3.0},{"not_picked":["ConstancyOfTheConventionalTruth","SpiritCuttingSword"],"picked":"FlashingScatteredFlowers","floor":7.0},{"not_picked":["ThreeKonsSevenHakus","HeavenGodSword","CherryBlossomFlashing"],"picked":"PhosphoricSlash","floor":10.0},{"not_picked":["GhostSword","HesitationCuttingSword","LowerRealmReflectionSlash"],"picked":"CelestialStarSword+1","floor":11.0},{"not_picked":["SuddenPhantomFormationSlashOfKarmicWind+1","HumanRealmSword","CherryBlossomFlashing"],"picked":"HumanKnowledgeSword","floor":11.0},{"not_picked":["CrescentMoonSlash","DispleasureOfTheSevenHakus","HumanKnowledgeSword"],"picked":"SwordExtraction","floor":11.0},{"not_picked":["AsuraSword+1","SpiritCuttingSword","ConstancyOfTheConventionalTruth"],"picked":"HumanGodSword+1","floor":11.0},{"not_picked":["ObsessionWithThePresentWorld","DispleasureOfTheSevenHakus","PreachingAvici"],"picked":"SwordExtraction","floor":11.0},{"not_picked":["TenKingsRetributionOnThePreta","ConstancyOfTheConventionalTruth","SpiritCuttingSword","FiveSignsOfTheDyingDeva"],"picked":"SKIP","floor":14.0},{"not_picked":["VoidnessSword+1","WickedSoul","HeavenGodSword"],"picked":"ReincarnationSword","floor":16.0},{"not_picked":["LifeCuttingSword","FiveSignsOfTheDyingDeva+1","HiganSword+1"],"picked":"SwordOfBindingDesires","floor":18.0},{"not_picked":["LifeCuttingSword","PhosphoricSlash+1","SpiritCuttingSword+1"],"picked":"SwordOfBindingDesires","floor":19.0},{"not_picked":["FantasyOfEnteringEnlightenment+1","ConstancyOfTheConventionalTruth+1","SlashOfDelusionalInnerEye","SlashOfDepartureFromHesitation"],"picked":"SKIP","floor":21.0},{"not_picked":["FiveSignsOfTheDyingDeva+1","FlashingScatteredFlowers","FantasyOfEnteringEnlightenment+1"],"picked":"HumanRealmSword+1","floor":23.0},{"not_picked":["SlashOfMeditation+1","TwoHundredYojanaInOneSlash","TurningAngelCut+1"],"picked":"FiveSignsOfTheDyingDeva","floor":24.0},{"not_picked":["LotusPostureSlash+1","SpiritCuttingSword+1","FlashingScatteredFlowers"],"picked":"GhostSword+1","floor":28.0},{"not_picked":["ObsessionWithThePresentWorld+1","ThreeKonsSevenHakus+1","PreachingAvici+1","HeavenlyHaloSlash"],"picked":"SKIP","floor":31.0},{"not_picked":["SlashOfTheEternalFuture","FastingOfTheYoungPreta+1","CherryBlossomSword+1"],"picked":"StrangeHalfBody+1","floor":33.0},{"not_picked":["CrescentMoonSlash+1","HumanRealmSword+1","SpiritCuttingSword+1","GhostSword+1"],"picked":"SKIP","floor":35.0},{"not_picked":["HellGodSword","FourBirthsSword+1","LotusPostureSlash","HumanKnowledgeSword+1"],"picked":"SKIP","floor":40},{"not_picked":["SlashOfMeditation","PretaSword","ThreeKonsSevenHakus+1"],"picked":"HesitationCuttingSword+1","floor":41},{"not_picked":["CrescentMoonSlash","ThreeKonsSevenHakus+1","ConstancyOfTheConventionalTruth+1","SanzenSekai"],"picked":"SKIP","floor":46},{"not_picked":["SwordOfBindingDesires+1","LifeCuttingSword","HeartExcerptSlash+1"],"picked":"EchoesOfTheInclemencyOfAllBeings+1","floor":48}],"player_experience":28622,"relics_obtained":[{"floor":9.0,"key":"Question Card"},{"floor":10.0,"key":"Boot"},{"floor":23.0,"key":"Mummified Hand"},{"floor":26.0,"key":"Bag of Marbles"},{"floor":26.0,"key":"Letter Opener"},{"floor":40,"key":"Meat on the Bone"},{"floor":43,"key":"Ancient Tea Set"},{"floor":43,"key":"Mercury Hourglass"}],"event_choices":[{"damage_healed":0.0,"max_hp_gain":0.0,"max_hp_loss":0.0,"gold_gain":75.0,"event_name":"World of Goop","player_choice":"Gather Gold","floor":4.0,"gold_loss":0.0,"damage_taken":11.0},{"damage_healed":20.0,"max_hp_gain":0.0,"max_hp_loss":0.0,"gold_gain":0.0,"event_name":"The Cleric","player_choice":"Healed","floor":5.0,"gold_loss":35.0,"damage_taken":0.0},{"damage_healed":0.0,"max_hp_gain":0.0,"max_hp_loss":0.0,"gold_gain":0.0,"event_name":"Scrap Ooze","player_choice":"Success","floor":12.0,"gold_loss":0.0,"damage_taken":25.0,"relics_obtained":["Matryoshka"]},{"damage_healed":0.0,"max_hp_gain":0.0,"max_hp_loss":0.0,"gold_gain":0.0,"event_name":"Accursed Blacksmith","player_choice":"Rummage","floor":13.0,"gold_loss":0.0,"damage_taken":0.0,"relics_obtained":["WarpedTongs"],"cards_obtained":["Pain"]},{"damage_healed":0.0,"max_hp_gain":0.0,"max_hp_loss":0.0,"gold_gain":0.0,"event_name":"Addict","player_choice":"Stole Relic","floor":22.0,"gold_loss":0.0,"damage_taken":0.0,"relics_obtained":["ScarletDevilRocket"],"cards_obtained":["Shame"]},{"damage_healed":0.0,"max_hp_gain":0.0,"max_hp_loss":0.0,"gold_gain":0.0,"event_name":"The Mausoleum","player_choice":"Opened","floor":30.0,"gold_loss":0.0,"damage_taken":0.0,"relics_obtained":["Bronze Scales"]},{"damage_healed":25.0,"max_hp_gain":0.0,"max_hp_loss":0.0,"gold_gain":0.0,"event_name":"Winding Halls","player_choice":"Writhe","floor":37.0,"gold_loss":0.0,"damage_taken":0.0,"cards_obtained":["Writhe"]},{"cards_removed":["Pain"],"damage_healed":0.0,"max_hp_gain":0.0,"max_hp_loss":0.0,"gold_gain":0.0,"event_name":"Designer","player_choice":"Upgrade and Remove","floor":39.0,"gold_loss":90.0,"damage_taken":0.0,"cards_upgraded":["SwordExtraction"]}],"is_beta":false,"boss_relics":[{"not_picked":["SacredBark","Coffee Dripper"],"picked":"Philosopher\u0027s Stone"},{"not_picked":["Empty Cage","Astrolabe"],"picked":"Runic Pyramid"}],"items_purged_floors":[2,2,2,2,2,2,2,2,11,20,20,20,29,29,29,29],"is_endless":false,"potions_floor_spawned":[1,3,10,10,19,21,21,23,24,28,31,33,35,40,41,46,46,46,48],"ascension_level":2}}