{"host":"bxdue9bkfm2khp2x","time":1609901567,"event":{"mods":["ATMod(阿瑾Mod)","Aspiration","BaseMod","Better Vampires","Challenge The Spire","Colored Powertips","Conspire","Decade(王小明)","Dota2Spire","Highlight Path","Minty Spire (QoL Compilation)","MostiFishMod","Replay The Spire","RumiaBox-露米娅的神秘盒子","Spicy Shops","StSLib","Td1madao Mod","The Alterego","The Cursed","WarShipGirlsR/战舰少女R mod","noobMod","vexMod","【功能Mod】混沌之环修复补丁","【遗物卡牌】REMEMod","篝火指南"],"gold_per_floor":[117,134,144,159,84,111,111,111,137,195,195,215,235,247,247,324,324,335,350,250,262,282,311,311,326,373,402,427,437,312,340,190,265,265,278,103,103,116,133,133,133,133,211,211,245,245,259,294,6,6,6],"floor_reached":52,"playtime":4330,"items_purged":["alterego_mod:Impale","alterego_mod:Defend","alterego_mod:Strike","alterego_mod:Defend","alterego_mod:Strike","alterego_mod:BigMeatyClaws"],"score":2568,"play_id":"3e350df4-4a93-40c4-af4b-81281e9cbee2","local_time":"20210106105247","is_ascension_mode":true,"campfire_choices":[{"data":"alterego_mod:TrashNCrash","floor":7.0,"key":"SMITH"},{"data":"alterego_mod:BreastValley","floor":11.0,"key":"SMITH"},{"data":"alterego_mod:BrynhildrsRune","floor":15.0,"key":"SMITH"},{"data":"alterego_mod:ClassAdvantage","floor":24.0,"key":"SMITH"},{"data":"alterego_mod:ChallengeComplete","floor":40,"key":"SMITH"},{"data":"alterego_mod:Nekomimi","floor":46,"key":"SMITH"}],"circlet_count":0,"master_deck":["AscendersBane","alterego_mod:Strike","alterego_mod:Strike","alterego_mod:Defend","alterego_mod:Defend","alterego_mod:BrynhildrsRune+1","BattleHymn","AT_ShadowStep","alterego_mod:GoddessCore","alterego_mod:DeftHands","alterego_mod:BreastValley+1","alterego_mod:SakuraLabyrinth","alterego_mod:TrashNCrash+1","alterego_mod:ChallengeComplete+1","alterego_mod:Birthday","alterego_mod:ClassAdvantage+1","alterego_mod:Pet","alterego_mod:Nekomimi+1","alterego_mod:BreastValley","alterego_mod:ChallengeComplete+1"],"relics":["alterego_mod:MasochisticConstitution","DaveBox","REME_ComplimentaryCards","ice","AT_ATBox","Civilization","SynthV:TestCard","Toy Ornithopter","Happy Flower","Gambling Chip","RhineCircuit","Lizard Tail","vexMod:BarristanHead","Dota2Spire:LotusOrb","Red Mask","Dota2Spire:Mjollnir","SoulBox","Frozen Egg 2","Eternal Feather","Simple Rune"],"acts_visited":["Exordium","TheCity","TheBeyond"],"potions_floor_usage":[47,51],"damage_taken":[{"damage":10.0,"enemies":"2 Louse","floor":1.0,"turns":4.0},{"damage":0.0,"enemies":"conspire:RoseBush","floor":2.0,"turns":5.0},{"damage":4.0,"enemies":"Jaw Worm","floor":3.0,"turns":5.0},{"damage":0.0,"enemies":"3 Louse","floor":4.0,"turns":6.0},{"damage":0.0,"enemies":"Replay:BlueRogue","floor":6.0,"turns":5.0},{"damage":7.0,"enemies":"3 Sentries","floor":10.0,"turns":6.0},{"damage":1.0,"enemies":"2 Fungi Beasts","floor":12.0,"turns":4.0},{"damage":0.0,"enemies":"conspire:2 RoseBushes","floor":13.0,"turns":5.0},{"damage":0.0,"enemies":"Blue Slaver","floor":14.0,"turns":4.0},{"damage":0.0,"enemies":"Fading Forest","floor":16.0,"turns":13.0},{"damage":0.0,"enemies":"2 Thieves","floor":18.0,"turns":4.0},{"damage":0.0,"enemies":"Chosen","floor":19.0,"turns":3.0},{"damage":0.0,"enemies":"Snake Plant","floor":21.0,"turns":4.0},{"damage":23.0,"enemies":"Shelled Parasite and Fungi","floor":22.0,"turns":4.0},{"damage":0.0,"enemies":"Book of Stabbing","floor":23.0,"turns":3.0},{"damage":0.0,"enemies":"conspire:HollyBat","floor":25.0,"turns":4.0},{"damage":12.0,"enemies":"conspire:Head Lice","floor":27.0,"turns":7.0},{"damage":0.0,"enemies":"Masked Bandits","floor":28.0,"turns":2.0},{"damage":0.0,"enemies":"Snake Plant","floor":29.0,"turns":2.0},{"damage":18.0,"enemies":"REME_1_Revenger","floor":31.0,"turns":5.0},{"damage":0.0,"enemies":"Automaton","floor":33.0,"turns":11.0},{"damage":0,"enemies":"Orb Walker","floor":35,"turns":2},{"damage":0,"enemies":"3 Darklings","floor":38,"turns":2},{"damage":0,"enemies":"Spire Growth","floor":39,"turns":3},{"damage":0,"enemies":"Reptomancer","floor":45,"turns":3},{"damage":0,"enemies":"Sphere and 2 Shapes","floor":47,"turns":3},{"damage":0,"enemies":"R_Hoarder","floor":48,"turns":3},{"damage":0,"enemies":"Awakened One","floor":50,"turns":9},{"damage":0,"enemies":"Time Eater","floor":51,"turns":5}],"seed_played":"-3852138013519088525","potions_obtained":[{"floor":2.0,"key":"conspire:TimeTravelPotion"},{"floor":4.0,"key":"REME_GoldPotion"},{"floor":12.0,"key":"Adrenaline Potion"},{"floor":29.0,"key":"DistilledChaos"},{"floor":31.0,"key":"Dota2Spire:HealingSalve"},{"floor":38,"key":"Block Potion"},{"floor":47,"key":"DistilledChaos"}],"is_trial":false,"path_per_floor":["M","M","M","M","$","E","R","?","T","E","R","M","M","M","R","B",null,"M","M","$","M","M","E","R","M","T","E","?","M","R","E","R","B",null,"M","$","?","M","M","R","?","$","T","?","E","R","M","E","R","B","B",null],"character_chosen":"The_Alterego","items_purchased":["alterego_mod:ChallengeComplete+1"],"campfire_rested":0,"item_purchase_floors":[49],"current_hp_per_floor":[66,71,72,83,83,91,91,46,46,77,77,90,119,142,142,173,173,200,228,228,257,280,321,321,354,354,397,442,488,488,536,536,586,586,637,637,637,694,752,752,752,752,752,752,815,815,881,948,948,1021,1095],"gold":6,"neow_bonus":"THREE_CARDS","is_daily":false,"chose_seed":false,"campfire_upgraded":6,"win_rate":0.0,"timestamp":1609901567,"path_taken":["M","M","M","M","$","E","R","?","T","E","R","M","M","M","R","BOSS","M","M","$","M","M","E","R","M","T","E","?","M","R","E","R","BOSS","M","$","?","M","M","R","?","$","T","?","E","R","M","E","R","BOSS","BOSS"],"items_purchased_type":["Card"],"build_version":"2020-12-22","purchased_purges":6,"victory":true,"max_hp_per_floor":[68,71,76,83,83,91,91,91,91,103,103,117,132,148,148,173,173,200,228,228,257,289,321,321,354,354,397,442,488,488,536,536,586,586,637,637,637,694,752,752,752,752,752,752,815,815,881,948,948,1021,1095],"card_choices":[{"not_picked":["alterego_mod:Cooking","alterego_mod:Bounce"],"picked":"alterego_mod:GoddessCore","floor":0.0},{"not_picked":["alterego_mod:Maid","alterego_mod:Table"],"picked":"alterego_mod:DeftHands","floor":1.0},{"not_picked":["alterego_mod:Collar","alterego_mod:GoddessCore","alterego_mod:Complex","alterego_mod:HighServant"],"picked":"alterego_mod:BreastValley","floor":2.0},{"not_picked":["alterego_mod:SakuraLabyrinth","alterego_mod:Bloomers","alterego_mod:DiscoLights","alterego_mod:Complex","alterego_mod:GoddessCore"],"picked":"SKIP","floor":3.0},{"not_picked":["alterego_mod:Complex","alterego_mod:DiscoLights","alterego_mod:Stockings","alterego_mod:BustOut"],"picked":"alterego_mod:SakuraLabyrinth","floor":4.0},{"not_picked":["alterego_mod:DeftHands","alterego_mod:DiscoLights","alterego_mod:PerceptionDisorder","alterego_mod:Crossover"],"picked":"alterego_mod:TrashNCrash","floor":6.0},{"not_picked":["alterego_mod:Jiggle","alterego_mod:Bunnysuit","alterego_mod:Complex","alterego_mod:Cushion","alterego_mod:Bloomers"],"picked":"SKIP","floor":10.0},{"not_picked":["alterego_mod:TrashNCrash","alterego_mod:Mirror","alterego_mod:Skirt","alterego_mod:Undulate"],"picked":"alterego_mod:ChallengeComplete","floor":12.0},{"not_picked":["alterego_mod:Swimsuit","alterego_mod:Stockings","alterego_mod:Jiggle","alterego_mod:Belts","alterego_mod:PerceptionDisorder"],"picked":"SKIP","floor":13.0},{"not_picked":["alterego_mod:Clones","alterego_mod:PerceptionDisorder","alterego_mod:Cooking","alterego_mod:Skirt"],"picked":"alterego_mod:Birthday","floor":14.0},{"not_picked":["alterego_mod:Valkyrie","alterego_mod:AlterEgo","alterego_mod:Tantrum","alterego_mod:GIGAMILK"],"picked":"alterego_mod:ClassAdvantage","floor":16.0},{"not_picked":["alterego_mod:TrashNCrash","alterego_mod:Skirt","alterego_mod:Jiggle","alterego_mod:DiscoLights"],"picked":"alterego_mod:Pet","floor":18.0},{"not_picked":["alterego_mod:Pet","alterego_mod:DustData","alterego_mod:VirginLaserPalladion","alterego_mod:DeftHands"],"picked":"alterego_mod:Nekomimi","floor":19.0},{"not_picked":["alterego_mod:TrashNCrash","alterego_mod:Schoolgirl","alterego_mod:Crossover","alterego_mod:DeftHands","alterego_mod:Skirt"],"picked":"SKIP","floor":21.0},{"not_picked":["alterego_mod:HighServant","alterego_mod:BiFurious","alterego_mod:Crossover","alterego_mod:MagicResistance"],"picked":"alterego_mod:BreastValley","floor":22.0},{"not_picked":["alterego_mod:BusterCard","alterego_mod:Nekomimi","alterego_mod:Smother","alterego_mod:AlterEgo","alterego_mod:BiFurious+1"],"picked":"SKIP","floor":23.0},{"not_picked":["alterego_mod:Skirt","alterego_mod:Bunnysuit","alterego_mod:DeftHands","alterego_mod:Punishment","alterego_mod:MagicResistance"],"picked":"SKIP","floor":25.0},{"not_picked":["alterego_mod:GoddessCore","alterego_mod:Cycle","alterego_mod:Undulate","alterego_mod:Collar+1","alterego_mod:MagicResistance"],"picked":"SKIP","floor":27.0},{"not_picked":["alterego_mod:Santa","alterego_mod:Exercise","alterego_mod:GoddessCore","alterego_mod:DeftHands","alterego_mod:Belle"],"picked":"SKIP","floor":29.0},{"not_picked":["alterego_mod:Smother","alterego_mod:Mirror+1","alterego_mod:Exercise","alterego_mod:Palingenesis","alterego_mod:DeftHands"],"picked":"SKIP","floor":31.0},{"not_picked":["alterego_mod:BusterCard","alterego_mod:TrashNCrash","alterego_mod:Jiggle","alterego_mod:Pet","alterego_mod:Bunnysuit"],"picked":"SKIP","floor":35},{"not_picked":["alterego_mod:Pet","alterego_mod:BiFurious+1","alterego_mod:GachaTicket+1","alterego_mod:TrashNCrash","alterego_mod:DiscoLights"],"picked":"SKIP","floor":38},{"not_picked":["alterego_mod:Birthday","alterego_mod:Schoolgirl","alterego_mod:HighServant+1","alterego_mod:BoobPocket","alterego_mod:MaintainEyeContact"],"picked":"SKIP","floor":39},{"not_picked":["alterego_mod:Pet","alterego_mod:Punishment+1","alterego_mod:1TonWallop","alterego_mod:RidiculouslyBig","alterego_mod:Support+1"],"picked":"SKIP","floor":45},{"not_picked":["alterego_mod:Skirt+1","alterego_mod:Smother+1","alterego_mod:Belle","alterego_mod:Complex+1","alterego_mod:Undulate+1"],"picked":"SKIP","floor":47},{"not_picked":["alterego_mod:Undulate","alterego_mod:BeGentle","alterego_mod:Pet","alterego_mod:Cycle","alterego_mod:Jiggle"],"picked":"SKIP","floor":48}],"player_experience":780965,"relics_obtained":[{"floor":1.0,"key":"SynthV:TestCard"},{"floor":9.0,"key":"Happy Flower"},{"floor":10.0,"key":"Gambling Chip"},{"floor":23.0,"key":"Lizard Tail"},{"floor":26.0,"key":"vexMod:BarristanHead"},{"floor":27.0,"key":"Dota2Spire:LotusOrb"},{"floor":28.0,"key":"Red Mask"},{"floor":31.0,"key":"Dota2Spire:Mjollnir"},{"floor":43,"key":"Frozen Egg 2"},{"floor":45,"key":"Eternal Feather"},{"floor":48,"key":"Simple Rune"}],"event_choices":[{"damage_healed":0.0,"max_hp_gain":0.0,"max_hp_loss":0.0,"gold_gain":0.0,"event_name":"Scrap Ooze","player_choice":"Success","floor":8.0,"gold_loss":0.0,"damage_taken":45.0,"relics_obtained":["Toy Ornithopter"]},{"damage_healed":0.0,"max_hp_gain":0.0,"max_hp_loss":0.0,"gold_gain":0.0,"event_name":"Masked Bandits","player_choice":"Fought Bandits","floor":28.0,"gold_loss":0.0,"damage_taken":0.0},{"damage_healed":0,"gold_gain":0,"player_choice":"Memory 1","damage_taken":0,"max_hp_gain":0,"max_hp_loss":0,"event_name":"SensoryStone","floor":44,"gold_loss":0}],"is_beta":false,"boss_relics":[{"not_picked":["vexMod:NewClearReactor","Painkiller Herb"],"picked":"RhineCircuit"},{"not_picked":["Abe\u0027s Treasure","aspiration:RitualDagger"],"picked":"SoulBox"}],"items_purged_floors":[5,20,30,32,36,49],"is_endless":false,"potions_floor_spawned":[2,4,12,13,19,22,29,31,33,38,45,47],"ascension_level":20}}