{"host":"o2evyl5sbrgotc3u","time":1609910497,"event":{"mods":["AchievementEnabler","BaseMod","Colored Map","DeckTracker","Faster Ascension Climbing","Keyboard Shortcuts","Minty Spire (QoL Compilation)","Permanent Neow","Quick Restart","Relic Stats","StSLib","SuperFastMode","everything is the same but u backflip on backflip"],"gold_per_floor":[119,119,136,136,147,147,159,171,171,200,218,237,248,94,94,192,192,212,227,77,2,2,2,37,37,337,354,364,87,87,98,98,196,196,215,234,234,246,296,60,60,60,132,132,146,163,163,13,13,13],"floor_reached":51,"playtime":4197,"items_purged":["Strike_G","Bouncing Flask","Infinite Blades","Dagger Throw"],"score":1066,"play_id":"3e10f6ba-7eee-4fb2-97d7-07200e615777","local_time":"20210106142137","is_ascension_mode":true,"campfire_choices":[{"data":"Bouncing Flask","floor":6.0,"key":"SMITH"},{"data":"Footwork","floor":15.0,"key":"SMITH"},{"data":"Tactician","floor":23.0,"key":"SMITH"},{"floor":30.0,"key":"REST"},{"data":"Backflip","floor":32.0,"key":"SMITH"},{"data":"Deep Breath","floor":41,"key":"SMITH"},{"data":"Burst","floor":44,"key":"SMITH"},{"data":"Noxious Fumes","floor":49,"key":"SMITH"}],"circlet_count":0,"master_deck":["Survivor","Neutralize","Venomology","Poisoned Stab","Die Die Die","Bouncing Flask+1","Tactician+1","Acrobatics","Footwork+1","After Image","Burst+1","PiercingWail","Noxious Fumes+1","Backflip+1","Escape Plan","Well Laid Plans+1","Dodge and Roll+1","Deep Breath+1","Catalyst"],"relics":["Ring of the Snake","Gambling Chip","HornCleat","Pandora\u0027s Box","Calipers","Old Coin","TheAbacus","Coffee Dripper","TungstenRod","Mummified Hand"],"acts_visited":["Exordium","TheCity","TheBeyond"],"potions_floor_usage":[38,39,45,47,50],"damage_taken":[{"damage":0.0,"enemies":"Small Slimes","floor":1.0,"turns":5.0},{"damage":0.0,"enemies":"Cultist","floor":3.0,"turns":3.0},{"damage":1.0,"enemies":"Jaw Worm","floor":5.0,"turns":4.0},{"damage":0.0,"enemies":"Gremlin Gang","floor":7.0,"turns":1.0},{"damage":6.0,"enemies":"3 Louse","floor":8.0,"turns":2.0},{"damage":20.0,"enemies":"Lagavulin","floor":10.0,"turns":3.0},{"damage":1.0,"enemies":"Blue Slaver","floor":11.0,"turns":2.0},{"damage":1.0,"enemies":"Red Slaver","floor":12.0,"turns":3.0},{"damage":0.0,"enemies":"3 Louse","floor":13.0,"turns":1.0},{"damage":16.0,"enemies":"The Guardian","floor":16.0,"turns":8.0},{"damage":20.0,"enemies":"Spheric Guardian","floor":18.0,"turns":4.0},{"damage":1.0,"enemies":"3 Byrds","floor":19.0,"turns":4.0},{"damage":12.0,"enemies":"Book of Stabbing","floor":24.0,"turns":6.0},{"damage":0.0,"enemies":"Centurion and Healer","floor":27.0,"turns":5.0},{"damage":0.0,"enemies":"Snecko","floor":28.0,"turns":4.0},{"damage":7.0,"enemies":"Chosen and Byrds","floor":31.0,"turns":5.0},{"damage":0.0,"enemies":"Automaton","floor":33.0,"turns":8.0},{"damage":4.0,"enemies":"Orb Walker","floor":35.0,"turns":4.0},{"damage":0.0,"enemies":"3 Darklings","floor":36.0,"turns":5.0},{"damage":6,"enemies":"4 Shapes","floor":38,"turns":4},{"damage":0,"enemies":"Mind Bloom Boss Battle","floor":39,"turns":6},{"damage":0,"enemies":"Jaw Worm Horde","floor":45,"turns":4},{"damage":0,"enemies":"Sphere and 2 Shapes","floor":46,"turns":5},{"damage":0,"enemies":"3 Darklings","floor":47,"turns":1},{"damage":0,"enemies":"Time Eater","floor":50,"turns":7}],"seed_played":"-2399881448053063334","potions_obtained":[{"floor":5.0,"key":"AttackPotion"},{"floor":7.0,"key":"GamblersBrew"},{"floor":10.0,"key":"Explosive Potion"},{"floor":13.0,"key":"PowerPotion"},{"floor":24.0,"key":"DistilledChaos"},{"floor":33.0,"key":"Energy Potion"},{"floor":37,"key":"Fire Potion"},{"floor":37,"key":"SpeedPotion"},{"floor":38,"key":"Fruit Juice"},{"floor":45,"key":"SmokeBomb"}],"is_trial":false,"path_per_floor":["M","?","M","?","M","R","M","M","T","E","M","M","M","$","R","B",null,"M","M","$","?","$","R","E","?","T","M","M","$","R","M","R","B",null,"M","M","?","M","?","$","R","?","T","R","M","M","M","$","R","B",null],"character_chosen":"THE_SILENT","items_purchased":["Footwork","Backflip","TheAbacus","Deep Breath","DuplicationPotion","Catalyst"],"campfire_rested":1,"item_purchase_floors":[14,20,29,40,48,48],"current_hp_per_floor":[70,70,70,70,69,69,69,63,63,43,42,41,41,41,41,25,59,39,38,38,38,38,38,26,13,13,13,13,13,35,28,28,28,63,59,59,59,53,58,58,58,58,58,58,58,58,58,58,58,58],"gold":13,"neow_bonus":"ONE_RANDOM_RARE_CARD","is_daily":false,"chose_seed":false,"campfire_upgraded":7,"win_rate":0.0,"timestamp":1609910497,"path_taken":["M","?","?","?","M","R","M","M","T","E","M","M","M","$","R","BOSS","M","?","$","?","$","R","E","?","T","M","M","$","R","M","R","BOSS","M","M","?","?","?","$","R","?","T","R","M","M","?","$","R","BOSS"],"items_purchased_type":["Card","Card","Relic","Card","Potion","Card"],"build_version":"2020-12-22","purchased_purges":4,"victory":true,"max_hp_per_floor":[70,70,70,70,70,70,70,70,70,70,70,70,70,70,70,70,70,70,70,70,70,70,70,70,75,75,75,75,75,75,75,75,75,75,75,75,75,75,80,80,80,80,80,80,80,80,80,80,80,80],"relic_stats":{"TheAbacus":[276],"counters":[25,104],"Mummified Hand":[14],"Gambling Chip":[65],"Pandora\u0027s Box":["Bouncing Flask","Bouncing Flask","Burst","Infinite Blades","PiercingWail","Terror","Noxious Fumes"],"obtain_stats":[{"HornCleat":10,"Calipers":24,"TheAbacus":29,"Mummified Hand":43,"Gambling Chip":9,"Pandora\u0027s Box":17,"Coffee Dripper":34,"TungstenRod":39,"Ring of the Snake":0,"Old Coin":26},{"HornCleat":6,"Calipers":13,"TheAbacus":15,"Mummified Hand":21,"Gambling Chip":5,"Pandora\u0027s Box":10,"Coffee Dripper":17,"TungstenRod":21,"Ring of the Snake":0,"Old Coin":13},{"HornCleat":18,"Calipers":46,"TheAbacus":55,"Mummified Hand":87,"Gambling Chip":15,"Pandora\u0027s Box":32,"Coffee Dripper":68,"TungstenRod":87,"Ring of the Snake":0,"Old Coin":46}],"TungstenRod":0,"Ring of the Snake":[50]},"card_choices":[{"not_picked":["Deadly Poison","Flying Knee"],"picked":"Poisoned Stab","floor":1.0},{"not_picked":["Acrobatics","Slice"],"picked":"Dagger Throw","floor":3.0},{"not_picked":["Endless Agony","Backflip"],"picked":"Bouncing Flask","floor":5.0},{"not_picked":["Endless Agony","Bullet Time"],"picked":"Tactician","floor":7.0},{"not_picked":["Quick Slash","Tactician","Cloak And Dagger"],"picked":"SKIP","floor":8.0},{"not_picked":["Finisher","Slice","Masterful Stab"],"picked":"SKIP","floor":10.0},{"not_picked":["Prepared","Outmaneuver"],"picked":"Acrobatics","floor":11.0},{"not_picked":["Phantasmal Killer","Finisher","Deadly Poison"],"picked":"SKIP","floor":12.0},{"not_picked":["Quick Slash","Poisoned Stab","Finisher"],"picked":"SKIP","floor":13.0},{"not_picked":["Envenom","Storm of Steel"],"picked":"After Image","floor":16.0},{"not_picked":["Slice","Flechettes","Deflect"],"picked":"SKIP","floor":18.0},{"not_picked":["Heel Hook","Dodge and Roll+1","Backstab+1"],"picked":"SKIP","floor":19.0},{"not_picked":["Concentrate+1","Predator"],"picked":"Escape Plan","floor":24.0},{"not_picked":["Backflip+1","Accuracy"],"picked":"Well Laid Plans+1","floor":27.0},{"not_picked":["Distraction+1","Dash","Concentrate"],"picked":"SKIP","floor":28.0},{"not_picked":["Heel Hook","Predator","Caltrops"],"picked":"SKIP","floor":31.0},{"not_picked":["Sucker Punch","Quick Slash+1","Underhanded Strike+1"],"picked":"SKIP","floor":35.0},{"not_picked":["Acrobatics","Expertise+1"],"picked":"Dodge and Roll+1","floor":36.0},{"not_picked":["Concentrate+1","Dagger Spray+1","Deadly Poison"],"picked":"SKIP","floor":38},{"not_picked":["Backstab","Accuracy","Backflip+1"],"picked":"SKIP","floor":45},{"not_picked":["Slice","Dodge and Roll","Dash"],"picked":"SKIP","floor":46}],"player_experience":295364,"relics_obtained":[{"floor":9.0,"key":"Gambling Chip"},{"floor":10.0,"key":"HornCleat"},{"floor":24.0,"key":"Calipers"},{"floor":26.0,"key":"Old Coin"},{"floor":39,"key":"TungstenRod"},{"floor":43,"key":"Mummified Hand"}],"event_choices":[{"damage_healed":0.0,"max_hp_gain":0.0,"max_hp_loss":0.0,"gold_gain":0.0,"cards_transformed":["Strike_G"],"event_name":"Transmorgrifier","player_choice":"Transformed","floor":2.0,"gold_loss":0.0,"damage_taken":0.0,"cards_obtained":["Die Die Die"]},{"cards_removed":["Defend_G"],"damage_healed":0.0,"max_hp_gain":0.0,"max_hp_loss":0.0,"gold_gain":0.0,"event_name":"Purifier","player_choice":"Purged","floor":4.0,"gold_loss":0.0,"damage_taken":0.0},{"cards_removed":["Bouncing Flask"],"damage_healed":0.0,"max_hp_gain":0.0,"max_hp_loss":0.0,"gold_gain":0.0,"event_name":"Beggar","player_choice":"Gave Gold","floor":21.0,"gold_loss":75.0,"damage_taken":0.0},{"damage_healed":0.0,"max_hp_gain":5.0,"max_hp_loss":0.0,"gold_gain":0.0,"event_name":"Forgotten Altar","player_choice":"Shed Blood","floor":25.0,"gold_loss":0.0,"damage_taken":18.0},{"damage_healed":0,"gold_gain":0,"player_choice":"Got Potions","damage_taken":0,"max_hp_gain":0,"max_hp_loss":0,"event_name":"Lab","floor":37,"gold_loss":0},{"damage_healed":0,"gold_gain":0,"player_choice":"Fight","damage_taken":0,"max_hp_gain":0,"max_hp_loss":0,"event_name":"MindBloom","floor":39,"gold_loss":0},{"cards_removed":["Terror"],"damage_healed":0,"gold_gain":0,"player_choice":"Purged","damage_taken":0,"max_hp_gain":0,"max_hp_loss":0,"event_name":"Purifier","floor":42,"gold_loss":0}],"is_beta":false,"boss_relics":[{"not_picked":["Snecko Eye","HoveringKite"],"picked":"Pandora\u0027s Box"},{"not_picked":["Runic Pyramid","Calling Bell"],"picked":"Coffee Dripper"}],"items_purged_floors":[14,20,29,40],"is_endless":false,"potions_floor_spawned":[5,7,8,10,13,24,28,33,36,38,45,47],"ascension_level":5}}