{"host":"qhn6g0owdgjb77rz","time":1609910902,"event":{"mods":["BaseMod","BetterRewards","Colored Map","Minty Spire (QoL Compilation)","Relic Sorter","Replay The Spire","StSLib"],"gold_per_floor":[115,115,190,140,157,186,361,390,402,414,454,219,244,244,244],"floor_reached":14,"playtime":471,"items_purged":["Doubt"],"score":172,"play_id":"8311e16b-e654-492c-b34e-7cd746e12d1a","local_time":"20210106142822","is_ascension_mode":true,"campfire_choices":[{"data":"Anger","floor":10.0,"key":"SMITH"}],"circlet_count":0,"master_deck":["AscendersBane","Strike_R","Strike_R","Strike_R","Strike_R","Strike_R","Defend_R","Defend_R","Defend_R","Defend_R","Bash","Anger+1","Clash","Shockwave","Rage","Dropkick","Metallicize","Shrug It Off+1"],"relics":["Burning Blood","Tiny Chest","ReplayTheSpireMod:TigerMarble","MawBank","Meat on the Bone","Potion Belt","CeramicFish","Dream Catcher"],"acts_visited":["Exordium"],"potions_floor_usage":[],"damage_taken":[{"damage":10.0,"enemies":"Small Slimes","floor":1.0,"turns":3.0},{"damage":0.0,"enemies":"2 Louse","floor":5.0,"turns":2.0},{"damage":8.0,"enemies":"Replay:BlueRogue","floor":6.0,"turns":6.0},{"damage":29.0,"enemies":"Lagavulin","floor":8.0,"turns":8.0},{"damage":19.0,"enemies":"Gremlin Nob","floor":11.0,"turns":4.0},{"damage":44,"enemies":"Lagavulin","floor":14,"turns":6}],"seed_played":"2250286945258315171","potions_obtained":[{"floor":1.0,"key":"SpeedPotion"}],"is_trial":false,"path_per_floor":["M","?","?","?","M","E","?","E","T","R","E","$","T","E"],"character_chosen":"IRONCLAD","items_purchased":["Anger","CeramicFish","Shrug It Off+1"],"campfire_rested":0,"item_purchase_floors":[0,12,12],"current_hp_per_floor":[68,68,57,57,63,61,61,38,38,38,37,37,37,0,0],"gold":244,"neow_bonus":"","is_daily":false,"chose_seed":false,"campfire_upgraded":1,"win_rate":0.0,"timestamp":1609910902,"path_taken":["M","?","?","?","M","E","?","E","T","R","E","$","?","E"],"items_purchased_type":["Card","Relic","Card"],"build_version":"2020-12-22","purchased_purges":1,"victory":false,"max_hp_per_floor":[80,80,80,80,80,80,80,80,80,80,80,80,80,80,80],"card_choices":[{"not_picked":["Body Slam","Pommel Strike"],"picked":"Clash","floor":1.0},{"not_picked":["Massacre","Evolve"],"picked":"Shockwave","floor":5.0},{"not_picked":["Dual Wield","Ghostly Armor"],"picked":"Rage","floor":6.0},{"not_picked":["Headbutt","Heavy Blade"],"picked":"Dropkick","floor":8.0},{"not_picked":["Clothesline","Life Link"],"picked":"Metallicize","floor":11.0}],"player_experience":399731,"relics_obtained":[{"floor":6.0,"key":"ReplayTheSpireMod:TigerMarble"},{"floor":8.0,"key":"MawBank"},{"floor":9.0,"key":"Meat on the Bone"},{"floor":11.0,"key":"Potion Belt"},{"floor":13.0,"key":"Dream Catcher"}],"event_choices":[{"damage_healed":0.0,"max_hp_gain":0.0,"max_hp_loss":0.0,"gold_gain":0.0,"event_name":"Big Fish","player_choice":"Box","floor":2.0,"gold_loss":0.0,"damage_taken":0.0,"relics_obtained":["Tiny Chest"],"cards_obtained":["Regret"]},{"damage_healed":0.0,"max_hp_gain":0.0,"max_hp_loss":0.0,"gold_gain":75.0,"event_name":"World of Goop","player_choice":"Gather Gold","floor":3.0,"gold_loss":0.0,"damage_taken":11.0},{"cards_removed":["Regret"],"damage_healed":0.0,"max_hp_gain":0.0,"max_hp_loss":0.0,"gold_gain":0.0,"event_name":"The Cleric","player_choice":"Card Removal","floor":4.0,"gold_loss":50.0,"damage_taken":0.0},{"damage_healed":0.0,"max_hp_gain":0.0,"max_hp_loss":0.0,"gold_gain":175.0,"event_name":"Liars Game","player_choice":"AGREE","floor":7.0,"gold_loss":0.0,"damage_taken":0.0,"cards_obtained":["Doubt"]}],"is_beta":false,"boss_relics":[],"items_purged_floors":[12],"is_endless":false,"potions_floor_spawned":[1],"killed_by":"Lagavulin","ascension_level":13}}