{"host":"k4et7hlhlqy8fuoz","time":1609937773,"event":{"mods":["2.2 Compatiblity","AchievementEnabler","BaseMod","Colored Map","DeckTracker","Highlight Path","Minty Spire (QoL Compilation)","Random Character Button","Rare Cards Sparkle"],"gold_per_floor":[412,377,377,377,6,6,25,25,70,90,110,14,28,41,41,137,137,151,139,165,181,181,181,195,205,205,225,225,225,225,225,225,323,323,341,361,361,361,372,37,37,48,48,60,60,60,60,80,80,80,80],"floor_reached":50,"playtime":4069,"items_purged":["Writhe"],"score":461,"play_id":"1a70f934-f132-4728-9082-5e97b3edbd08","local_time":"20210106135613","is_ascension_mode":false,"campfire_choices":[{"data":"Zap","floor":6,"key":"SMITH"},{"data":"Dualcast","floor":8,"key":"SMITH"},{"floor":15,"key":"REST"},{"floor":23,"key":"REST"},{"floor":28,"key":"REST"},{"floor":30,"key":"REST"},{"floor":32,"key":"REST"},{"floor":41,"key":"REST"},{"floor":45,"key":"REST"},{"data":"Enlightenment","floor":47,"key":"SMITH"},{"floor":49,"key":"REST"}],"circlet_count":0,"master_deck":["Strike_B","Strike_B","Strike_B","Strike_B","Defend_B","Defend_B","Defend_B","Defend_B","Zap+1","Dualcast+1","Rip and Tear","Swift Strike","Leap","Sunder","Steam","Fission","Melter","Double Energy","Coolheaded","Self Repair","Streamline","Machine Learning","Conserve Battery","Sweeping Beam+1","Compile Driver+1","Beam Cell","Fusion+1","Redo+1","Meteor Strike","Leap+1","Defragment+1","Parasite","Gash","Ball Lightning+1","Rip and Tear+1","Blind","Transmutation","Enlightenment+1","Parasite","Conserve Battery+1"],"relics":["Cracked Core","Old Coin","Tiny Chest","Bronze Scales","Black Star","Lantern","Pocketwatch","Kunai","Nilry\u0027s Codex","MutagenicStrength","Runic Pyramid","Meat on the Bone","Shuriken","Oddly Smooth Stone"],"acts_visited":["Exordium","TheCity","TheBeyond"],"potions_floor_usage":[19,25,33,33,39,50,50],"damage_taken":[{"damage":0,"enemies":"Small Slimes","floor":1,"turns":3},{"damage":0,"enemies":"2 Louse","floor":7,"turns":2},{"damage":1,"enemies":"Jaw Worm","floor":10,"turns":2},{"damage":0,"enemies":"Gremlin Gang","floor":11,"turns":3},{"damage":12,"enemies":"Red Slaver","floor":13,"turns":3},{"damage":2,"enemies":"Exordium Thugs","floor":14,"turns":5},{"damage":51,"enemies":"Hexaghost","floor":16,"turns":9},{"damage":0,"enemies":"Chosen","floor":18,"turns":4},{"damage":14,"enemies":"2 Thieves","floor":19,"turns":4},{"damage":26,"enemies":"Cultist and Chosen","floor":21,"turns":7},{"damage":21,"enemies":"Centurion and Healer","floor":24,"turns":8},{"damage":21,"enemies":"Snake Plant","floor":25,"turns":2},{"damage":12,"enemies":"Snecko","floor":27,"turns":6},{"damage":66,"enemies":"Collector","floor":33,"turns":12},{"damage":0,"enemies":"Orb Walker","floor":35,"turns":2},{"damage":36,"enemies":"3 Darklings","floor":36,"turns":5},{"damage":36,"enemies":"Writhing Mass","floor":39,"turns":9},{"damage":41,"enemies":"4 Shapes","floor":42,"turns":5},{"damage":28,"enemies":"Jaw Worm Horde","floor":44,"turns":5},{"damage":33,"enemies":"Writhing Mass","floor":48,"turns":8},{"damage":74,"enemies":"Time Eater","floor":50,"turns":11}],"seed_played":"5864220536753720062","potions_obtained":[{"floor":10,"key":"PowerPotion"},{"floor":13,"key":"FearPotion"},{"floor":18,"key":"BlessingOfTheForge"},{"floor":25,"key":"Regen Potion"},{"floor":33,"key":"Swift Potion"},{"floor":36,"key":"Weak Potion"},{"floor":48,"key":"Fire Potion"}],"is_trial":false,"path_per_floor":["M","?","?","?","$","R","M","R","T","M","M","$","M","M","R","B",null,"M","M","T","M","T","R","M","M","T","M","R","?","R","?","R","B",null,"M","M","T","?","M","$","R","M","T","M","R","?","R","M","R","B"],"character_chosen":"DEFECT","items_purchased":["Tiny Chest","Swift Strike","Leap","Sunder","Double Energy","Coolheaded","Shuriken"],"campfire_rested":8,"item_purchase_floors":[5,5,5,5,12,12,40],"current_hp_per_floor":[54,72,77,77,77,77,77,77,77,76,76,76,64,69,80,36,80,80,73,73,54,54,78,57,36,36,31,55,39,63,63,80,25,80,80,51,51,71,54,54,78,56,56,47,71,61,61,47,71,0,0],"gold":80,"neow_bonus":"ONE_RARE_RELIC","is_daily":false,"chose_seed":false,"campfire_upgraded":3,"win_rate":0.0,"timestamp":1609937773,"path_taken":["M","?","?","?","?","R","?","R","T","M","M","$","?","?","R","BOSS","M","M","?","M","?","R","M","M","T","M","R","?","R","?","R","BOSS","M","M","?","?","M","$","R","M","T","M","R","?","R","M","R","BOSS"],"items_purchased_type":["Relic","Card","Card","Card","Card","Card","Relic"],"build_version":"2020-12-22","purchased_purges":1,"victory":false,"max_hp_per_floor":[75,75,80,80,80,80,80,80,80,80,80,80,80,80,80,80,80,80,80,80,80,80,80,80,80,80,80,80,80,80,80,80,80,80,80,80,80,80,80,80,80,80,80,80,80,80,80,80,80,80,80],"card_choices":[{"not_picked":["Beam Cell","Streamline"],"picked":"Rip and Tear","floor":1},{"not_picked":["Gash","Go for the Eyes"],"picked":"Steam","floor":7},{"not_picked":["Glacier","Compile Driver"],"picked":"Fission","floor":10},{"not_picked":["Ball Lightning","Genetic Algorithm"],"picked":"Melter","floor":11},{"not_picked":["White Noise","Blizzard"],"picked":"Self Repair","floor":13},{"not_picked":["Lockon","Turbo"],"picked":"Streamline","floor":14},{"not_picked":["Fission","Multi-Cast"],"picked":"Machine Learning","floor":16},{"not_picked":["Cold Snap","Rebound"],"picked":"Conserve Battery","floor":18},{"not_picked":["Stack","Conserve Battery+1"],"picked":"Sweeping Beam+1","floor":19},{"not_picked":["Barrage","Turbo+1"],"picked":"Compile Driver+1","floor":21},{"not_picked":["Gash","Reinforced Body"],"picked":"Beam Cell","floor":24},{"not_picked":["Force Field","All For One"],"picked":"Fusion+1","floor":25},{"not_picked":["Blizzard","Steam Power+1"],"picked":"Redo+1","floor":27},{"not_picked":["Seek","Thunder Strike"],"picked":"Meteor Strike","floor":33},{"not_picked":["Sweeping Beam","Barrage"],"picked":"Leap+1","floor":35},{"not_picked":["Leap","Genetic Algorithm"],"picked":"Defragment+1","floor":36},{"not_picked":["Consume+1","Redo+1"],"picked":"Gash","floor":39},{"not_picked":["Conserve Battery+1","Beam Cell+1"],"picked":"Ball Lightning+1","floor":42},{"not_picked":["Static Discharge+1","Steam+1"],"picked":"Rip and Tear+1","floor":44},{"not_picked":["Forethought","Jack Of All Trades"],"picked":"Blind","floor":46},{"not_picked":["Secret Weapon","Blind"],"picked":"Transmutation","floor":46},{"not_picked":["Impatience","Swift Strike"],"picked":"Enlightenment","floor":46},{"not_picked":["Redo+1","Compile Driver+1"],"picked":"Conserve Battery+1","floor":48}],"player_experience":67333,"relics_obtained":[{"floor":9,"key":"Bronze Scales"},{"floor":20,"key":"Lantern"},{"floor":22,"key":"Pocketwatch"},{"floor":26,"key":"Kunai"},{"floor":29,"key":"Nilry\u0027s Codex"},{"floor":37,"key":"Meat on the Bone"},{"floor":43,"key":"Oddly Smooth Stone"}],"event_choices":[{"damage_healed":18,"gold_gain":0,"player_choice":"Healed","damage_taken":0,"max_hp_gain":0,"max_hp_loss":0,"event_name":"The Cleric","floor":2,"gold_loss":35},{"damage_healed":0,"gold_gain":0,"player_choice":"Donut","damage_taken":0,"max_hp_gain":5,"max_hp_loss":0,"event_name":"Big Fish","floor":3,"gold_loss":0},{"damage_healed":0,"gold_gain":0,"player_choice":"Ignored","damage_taken":0,"max_hp_gain":0,"max_hp_loss":0,"event_name":"Golden Wing","floor":4,"gold_loss":0},{"damage_healed":0,"gold_gain":0,"player_choice":"Obtained Book","damage_taken":16,"max_hp_gain":0,"max_hp_loss":0,"event_name":"Cursed Tome","floor":29,"gold_loss":0},{"damage_healed":0,"gold_gain":0,"player_choice":"Inject Mutagens","damage_taken":0,"relics_obtained":["MutagenicStrength"],"max_hp_gain":0,"max_hp_loss":0,"event_name":"Drug Dealer","floor":31,"gold_loss":0},{"damage_healed":20,"gold_gain":0,"player_choice":"Writhe","damage_taken":0,"max_hp_gain":0,"max_hp_loss":0,"event_name":"Winding Halls","floor":38,"gold_loss":0,"cards_obtained":["Writhe"]},{"damage_healed":0,"gold_gain":0,"player_choice":"Memory 3","damage_taken":10,"max_hp_gain":0,"max_hp_loss":0,"event_name":"SensoryStone","floor":46,"gold_loss":0}],"is_beta":false,"boss_relics":[{"not_picked":["Ectoplasm","Fusion Hammer"],"picked":"Black Star"},{"not_picked":["Cursed Key","Snecko Eye"],"picked":"Runic Pyramid"}],"items_purged_floors":[40],"is_endless":false,"potions_floor_spawned":[10,13,18,25,33,36,48],"killed_by":"Time Eater","ascension_level":0}}