{"host":"kw4o7b3ro2ktmmbe","time":1609935785,"event":{"mods":["100% Spire Juice","BaseMod","Evolution","Minty Spire (QoL Compilation)","StSLib"],"gold_per_floor":[115,133,13,26,39,39,53,65,143,153,33,45,61,78,78,177,57,76,1,16,16,34,34,133,133,133,168,179,198,198,216,216,314,314,324,340,440,15,66,66,77,104,104,104,104],"floor_reached":44,"playtime":13503,"items_purged":[],"score":508,"play_id":"163247d1-a015-4e1f-8a58-548506d1dff4","local_time":"20210107012305","is_ascension_mode":false,"campfire_choices":[{"data":"Moonworks:LongDistanceShot","floor":6.0,"key":"SMITH"},{"data":"Moonworks:StiffCrystal","floor":11.0,"key":"SMITH"},{"data":"Moonworks:x16BigRocket","floor":15.0,"key":"SMITH"},{"data":"Moonworks:CrystalBarrier","floor":23.0,"key":"SMITH"},{"data":"Moonworks:IndiscriminateFireSupport","floor":25.0,"key":"SMITH"},{"data":"Moonworks:x16BigRocket+1","floor":30.0,"key":"SMITH"},{"data":"Moonworks:ShieldCounter","floor":32.0,"key":"SMITH"},{"data":"Moonworks:OutOfAmmo","floor":40,"key":"SMITH"}],"circlet_count":0,"master_deck":["Moonworks:Strike","Moonworks:Strike","Moonworks:Strike","Moonworks:Strike+1","Moonworks:Defend","Moonworks:Defend","Moonworks:Defend","Moonworks:Defend","Moonworks:Ambush+1","Moonworks:LongDistanceShot+1","Moonworks:SakisCookie","Moonworks:SakisCookie","Moonworks:SakisCookie","Moonworks:JonathanRush","Moonworks:StiffCrystal+1","Moonworks:SakisCookie","Moonworks:IndiscriminateFireSupport+1","Moonworks:x16BigRocket+2","Moonworks:CrystalBarrier+1","Moonworks:SakisCookie+1","Moonworks:EvilSpyWorkPreparation+1","Moonworks:StiffCrystal+1","Moonworks:MiracleWalker+1","Moonworks:ReproductionOfRecords","Moonworks:ShieldCounter+1","Moonworks:EvilSpyWorkPreparation+1","Moonworks:OutOfAmmo+1","CurseOfTheBell","Moonworks:UnluckyCharm","Moonworks:MiracleWalker+1","Moonworks:JonathanRush+1"],"relics":["Moonworks:BrokenBomb","Moonworks:Homemark","EVO:Axolotl","Pantograph","Philosopher\u0027s Stone","Mercury Hourglass","StrikeDummy","Calling Bell","Pen Nib","Meat on the Bone","Du-Vu Doll","Boot","Toolbox","Whetstone","Mango","Torii"],"acts_visited":["Exordium","TheCity","TheBeyond"],"potions_floor_usage":[41,44,44,44],"damage_taken":[{"damage":0.0,"enemies":"Cultist","floor":1.0,"turns":3.0},{"damage":0.0,"enemies":"Small Slimes","floor":2.0,"turns":3.0},{"damage":0.0,"enemies":"2 Louse","floor":4.0,"turns":3.0},{"damage":9.0,"enemies":"Exordium Thugs","floor":5.0,"turns":4.0},{"damage":6.0,"enemies":"Exordium Wildlife","floor":7.0,"turns":5.0},{"damage":4.0,"enemies":"Large Slime","floor":8.0,"turns":6.0},{"damage":12.0,"enemies":"Blue Slaver","floor":10.0,"turns":4.0},{"damage":10.0,"enemies":"Looter","floor":12.0,"turns":3.0},{"damage":8.0,"enemies":"2 Fungi Beasts","floor":13.0,"turns":3.0},{"damage":0.0,"enemies":"Large Slime","floor":14.0,"turns":4.0},{"damage":43.0,"enemies":"The Guardian","floor":16.0,"turns":10.0},{"damage":13.0,"enemies":"Spheric Guardian","floor":18.0,"turns":7.0},{"damage":30.0,"enemies":"Shell Parasite","floor":20.0,"turns":6.0},{"damage":36.0,"enemies":"Shelled Parasite and Fungi","floor":22.0,"turns":6.0},{"damage":20.0,"enemies":"Gremlin Leader","floor":27.0,"turns":5.0},{"damage":0.0,"enemies":"Centurion and Healer","floor":28.0,"turns":4.0},{"damage":12.0,"enemies":"Chosen and Byrds","floor":29.0,"turns":3.0},{"damage":17.0,"enemies":"Snake Plant","floor":31.0,"turns":3.0},{"damage":17.0,"enemies":"Champ","floor":33.0,"turns":10.0},{"damage":4.0,"enemies":"Orb Walker","floor":35.0,"turns":2.0},{"damage":10.0,"enemies":"3 Darklings","floor":36.0,"turns":2.0},{"damage":0,"enemies":"Writhing Mass","floor":41,"turns":2},{"damage":36,"enemies":"Giant Head","floor":42,"turns":7},{"damage":83,"enemies":"Nemesis","floor":44,"turns":4}],"seed_played":"-1309685319997342784","potions_obtained":[{"floor":5.0,"key":"Block Potion"},{"floor":7.0,"key":"SpeedPotion"},{"floor":10.0,"key":"BlessingOfTheForge"},{"floor":13.0,"key":"SpeedPotion"},{"floor":14.0,"key":"PowerPotion"},{"floor":16.0,"key":"Regen Potion"},{"floor":20.0,"key":"Dexterity Potion"},{"floor":29.0,"key":"PowerPotion"},{"floor":31.0,"key":"Fire Potion"},{"floor":33.0,"key":"Swift Potion"},{"floor":42,"key":"SkillPotion"}],"is_trial":false,"path_per_floor":["M","M","$","M","M","R","M","M","T","M","R","M","M","M","R","B",null,"M","?","M","?","M","R","?","R","T","E","M","M","R","M","R","B",null,"M","M","?","$","T","R","M","E","T","E"],"character_chosen":"THE_STARBREAKER","items_purchased":["Boot","Toolbox"],"campfire_rested":0,"item_purchase_floors":[38,38],"current_hp_per_floor":[66,66,66,66,66,66,66,66,66,58,58,56,62,66,66,38,66,65,65,53,41,42,42,42,42,42,44,66,71,71,68,68,71,71,67,61,61,61,61,61,65,63,63,0,0],"gold":104,"neow_bonus":"TEN_PERCENT_HP_BONUS","is_daily":false,"chose_seed":false,"campfire_upgraded":8,"win_rate":0.0,"timestamp":1609935785,"path_taken":["M","M","?","M","M","R","M","M","T","M","R","M","M","M","R","BOSS","M","?","M","?","M","R","?","R","T","E","M","M","R","M","R","BOSS","M","M","?","?","?","R","M","E","T","E"],"items_purchased_type":["Relic","Relic"],"build_version":"2020-12-22","purchased_purges":0,"victory":false,"max_hp_per_floor":[66,66,66,66,66,66,66,66,66,66,66,66,66,66,66,66,66,66,66,66,71,71,71,71,71,71,71,71,71,71,71,71,71,71,71,71,71,71,71,71,71,85,85,85,85],"card_choices":[{"not_picked":["Moonworks:EvilSpyWorkPreparation","Moonworks:ScrambledEve"],"picked":"Moonworks:SakisCookie","floor":1.0},{"not_picked":["Moonworks:TacticalRetreat","Moonworks:AwakeningOfTalent"],"picked":"Moonworks:SakisCookie","floor":2.0},{"not_picked":["Moonworks:NicePresent","Moonworks:Assault"],"picked":"Moonworks:SakisCookie","floor":4.0},{"not_picked":["Moonworks:EvilSpyWorkPreparation","Moonworks:IntelligenceOfficer"],"picked":"Moonworks:Poppoformation","floor":5.0},{"not_picked":["Moonworks:ImOnFire","Moonworks:BackdoorTrade","Moonworks:SealedMemories"],"picked":"SKIP","floor":7.0},{"not_picked":["Moonworks:MixPhenomenon","Moonworks:BeyondHell"],"picked":"Moonworks:JonathanRush","floor":8.0},{"not_picked":["Moonworks:CloudOfSeagulls","Moonworks:BindingChains"],"picked":"Moonworks:StiffCrystal","floor":10.0},{"not_picked":["Moonworks:RedAndBlue","Moonworks:LulusLuckyEgg"],"picked":"Moonworks:SakisCookie","floor":12.0},{"not_picked":["Moonworks:Poppoformation","Moonworks:EvilSpyWorkPreparation"],"picked":"Moonworks:IndiscriminateFireSupport","floor":13.0},{"not_picked":["Moonworks:DeployBits","Moonworks:Flamethrower"],"picked":"Moonworks:x16BigRocket","floor":14.0},{"not_picked":["Moonworks:StarBlastingFuse","Moonworks:SubspaceTunnel"],"picked":"Moonworks:CrystalBarrier","floor":16.0},{"not_picked":["Moonworks:WindyEnchantment","Moonworks:UnpaidWork"],"picked":"Moonworks:SakisCookie+1","floor":18.0},{"not_picked":["Moonworks:IndiscriminateFireSupport","Moonworks:WindyEnchantment"],"picked":"Moonworks:EvilSpyWorkPreparation+1","floor":20.0},{"not_picked":["Moonworks:FinalSurgery","Moonworks:JonathanRush"],"picked":"Moonworks:StiffCrystal+1","floor":22.0},{"not_picked":["Moonworks:CastOff","Moonworks:Bloodlust"],"picked":"Moonworks:MiracleWalker+1","floor":27.0},{"not_picked":["Moonworks:CastOff","Moonworks:DeployBits"],"picked":"Moonworks:ReproductionOfRecords","floor":28.0},{"not_picked":["Moonworks:SelfDestruct","Moonworks:NicePresent"],"picked":"Moonworks:ShieldCounter","floor":29.0},{"not_picked":["Moonworks:DevilHand","Moonworks:ScrambledEve"],"picked":"Moonworks:EvilSpyWorkPreparation+1","floor":31.0},{"not_picked":["Moonworks:MeltingMemories","Moonworks:FinalBattle"],"picked":"Moonworks:OutOfAmmo","floor":33.0},{"not_picked":["Moonworks:CompletionReward+1","Moonworks:ImOnFire"],"picked":"Moonworks:UnluckyCharm","floor":35.0},{"not_picked":["Moonworks:EvilSpyWorkPreparation+1","Moonworks:LulusLuckyEgg"],"picked":"Moonworks:MiracleWalker+1","floor":36.0},{"not_picked":["Moonworks:LulusLuckyEgg+1","Moonworks:FinalSurgery","Moonworks:NicePresent"],"picked":"SKIP","floor":41},{"not_picked":["Moonworks:WindyEnchantment+1","Moonworks:ImOnFire"],"picked":"Moonworks:JonathanRush+1","floor":42}],"player_experience":1783925,"relics_obtained":[{"floor":9.0,"key":"Pantograph"},{"floor":26.0,"key":"Mercury Hourglass"},{"floor":27.0,"key":"StrikeDummy"},{"floor":34.0,"key":"Pen Nib"},{"floor":34.0,"key":"Meat on the Bone"},{"floor":34.0,"key":"Du-Vu Doll"},{"floor":39,"key":"Whetstone"},{"floor":42,"key":"Mango"},{"floor":43,"key":"Torii"}],"event_choices":[{"cards_removed":["Moonworks:Poppoformation"],"damage_healed":0.0,"max_hp_gain":0.0,"max_hp_loss":0.0,"gold_gain":0.0,"event_name":"Beggar","player_choice":"Gave Gold","floor":19.0,"gold_loss":75.0,"damage_taken":0.0},{"damage_healed":0.0,"max_hp_gain":5.0,"max_hp_loss":0.0,"gold_gain":0.0,"event_name":"Forgotten Altar","player_choice":"Shed Blood","floor":21.0,"gold_loss":0.0,"damage_taken":17.0},{"damage_healed":0.0,"max_hp_gain":0.0,"max_hp_loss":0.0,"gold_gain":99.0,"event_name":"Nest","player_choice":"Stole From Cult","floor":24.0,"gold_loss":0.0,"damage_taken":0.0},{"damage_healed":0.0,"max_hp_gain":0.0,"max_hp_loss":0.0,"gold_gain":100.0,"event_name":"Golden Shrine","player_choice":"Pray","floor":37.0,"gold_loss":0.0,"damage_taken":0.0}],"is_beta":false,"boss_relics":[{"not_picked":["SacredBark","Cursed Key"],"picked":"Philosopher\u0027s Stone"},{"not_picked":["Runic Pyramid","Pandora\u0027s Box"],"picked":"Calling Bell"}],"items_purged_floors":[],"is_endless":false,"potions_floor_spawned":[5,7,10,12,13,14,16,20,29,31,33,42],"killed_by":"Nemesis","ascension_level":0}}