{"host":"x4juqxtivqd4pvh0","time":1609899011,"event":{"mods":["AchievementEnabler","BaseMod","Colored Map","Colored Powertips","Googly Eyes","Minty Spire (QoL Compilation)","Rare Cards Sparkle","Shop Mod","SuperFastMode"],"gold_per_floor":[111,124,124,137,137,137,153,139,139,159,159,175,175,192,192,290,290,303,218,218,233,253,253,253,271,271,271,291,291,310,329,329,329,329],"floor_reached":33,"playtime":4658,"items_purged":[],"score":245,"play_id":"89158f3b-5921-43bf-aa30-58dea5965fed","local_time":"20210106124011","is_ascension_mode":false,"campfire_choices":[{"data":"Heavy Blade","floor":6.0,"key":"SMITH"},{"data":"Cleave","floor":13.0,"key":"SMITH"},{"data":"Shrug It Off","floor":15.0,"key":"SMITH"},{"data":"Offering","floor":23,"key":"SMITH"},{"data":"Flex","floor":27,"key":"SMITH"},{"floor":29,"key":"REST"},{"data":"Clash","floor":32,"key":"SMITH"}],"circlet_count":0,"master_deck":["Strike_R","Strike_R","Strike_R","Strike_R","Defend_R","Defend_R","Defend_R","Defend_R","Flex+1","Battle Trance","Heavy Blade+1","Clothesline","Twin Strike","Pommel Strike","Shrug It Off+1","Cleave+1","Offering+1","Carnage+1","Flex+1","Perfected Strike+1","Flex+1","Anger+1","Pommel Strike+1","Clash+1"],"relics":["Burning Blood","Bronze Scales","Toy Ornithopter","Anchor","MutagenicStrength","Pear"],"acts_visited":["Exordium","TheCity"],"potions_floor_usage":[33],"damage_taken":[{"damage":0.0,"enemies":"2 Louse","floor":1.0,"turns":3.0},{"damage":1.0,"enemies":"Cultist","floor":2.0,"turns":4.0},{"damage":3.0,"enemies":"Small Slimes","floor":4.0,"turns":3.0},{"damage":8.0,"enemies":"3 Louse","floor":7.0,"turns":2.0},{"damage":5.0,"enemies":"Exordium Thugs","floor":8.0,"turns":4.0},{"damage":5.0,"enemies":"Looter","floor":10.0,"turns":2.0},{"damage":7.0,"enemies":"Gremlin Gang","floor":12.0,"turns":4.0},{"damage":0.0,"enemies":"2 Fungi Beasts","floor":14.0,"turns":2.0},{"damage":44.0,"enemies":"The Guardian","floor":16.0,"turns":12.0},{"damage":15,"enemies":"2 Thieves","floor":18,"turns":3},{"damage":6,"enemies":"Spheric Guardian","floor":21,"turns":2},{"damage":9,"enemies":"Centurion and Healer","floor":22,"turns":3},{"damage":6,"enemies":"Chosen and Byrds","floor":25,"turns":2},{"damage":26,"enemies":"Snecko","floor":28,"turns":5},{"damage":0,"enemies":"Cultist and Chosen","floor":30,"turns":4},{"damage":6,"enemies":"Snake Plant","floor":31,"turns":1},{"damage":102,"enemies":"Automaton","floor":33,"turns":6}],"seed_played":"-5003405809080992396","potions_obtained":[{"floor":7.0,"key":"SpeedPotion"},{"floor":10.0,"key":"Block Potion"},{"floor":12.0,"key":"AttackPotion"},{"floor":18,"key":"ColorlessPotion"}],"is_trial":false,"path_per_floor":["M","M","?","M","?","R","M","M","T","M","?","M","R","M","R","B",null,"M","?","?","M","M","R","?","M","T","R","M","R","M","M","R","B"],"character_chosen":"IRONCLAD","items_purchased":[],"campfire_rested":1,"item_purchase_floors":[],"current_hp_per_floor":[80,80,80,80,73,73,71,72,72,73,73,72,72,78,78,45,80,71,71,71,71,68,68,68,68,78,78,58,85,90,90,90,0,0],"gold":329,"neow_bonus":"RANDOM_COMMON_RELIC","is_daily":false,"chose_seed":false,"campfire_upgraded":6,"win_rate":0.0,"timestamp":1609899011,"path_taken":["M","M","?","?","?","R","M","M","T","M","?","?","R","M","R","BOSS","M","?","?","?","M","R","?","M","T","R","M","R","M","M","R","BOSS"],"items_purchased_type":[],"build_version":"2020-12-22","purchased_purges":0,"victory":false,"max_hp_per_floor":[80,80,80,80,80,80,80,80,80,80,80,80,80,80,80,80,80,80,80,80,80,80,80,80,80,90,90,90,90,90,90,90,90,90],"card_choices":[{"not_picked":["Wild Strike","Reckless Charge"],"picked":"Flex","floor":1.0},{"not_picked":["Headbutt","Warcry"],"picked":"Battle Trance","floor":2.0},{"not_picked":["Entrench","Shrug It Off"],"picked":"Heavy Blade","floor":4.0},{"not_picked":["Thunderclap","Sword Boomerang"],"picked":"Clothesline","floor":7.0},{"not_picked":["Power Through","Armaments"],"picked":"Twin Strike","floor":8.0},{"not_picked":["Spot Weakness","Burning Pact"],"picked":"Pommel Strike","floor":10.0},{"not_picked":["Armaments","Hemokinesis"],"picked":"Cleave","floor":12.0},{"not_picked":["Blood for Blood","Entrench","Clothesline"],"picked":"SKIP","floor":14.0},{"not_picked":["Demon Form","Fiend Fire"],"picked":"Offering","floor":16.0},{"not_picked":["Warcry","Combust"],"picked":"Carnage+1","floor":18},{"not_picked":["Havoc","Armaments","Sword Boomerang+1"],"picked":"SKIP","floor":21},{"not_picked":["Shockwave+1","Uppercut+1"],"picked":"Perfected Strike+1","floor":22},{"not_picked":["Havoc+1","Headbutt"],"picked":"Flex","floor":25},{"not_picked":["Cleave","Spot Weakness"],"picked":"Anger+1","floor":28},{"not_picked":["Shrug It Off","Dual Wield"],"picked":"Pommel Strike+1","floor":30},{"not_picked":["Thunderclap","Perfected Strike"],"picked":"Clash","floor":31}],"player_experience":54759,"relics_obtained":[{"floor":9.0,"key":"Toy Ornithopter"},{"floor":26,"key":"Pear"}],"event_choices":[{"damage_healed":0.0,"max_hp_gain":0.0,"max_hp_loss":0.0,"gold_gain":0.0,"event_name":"Upgrade Shrine","player_choice":"Upgraded","floor":3.0,"gold_loss":0.0,"damage_taken":0.0,"cards_upgraded":["Flex"]},{"cards_removed":["Bash"],"damage_healed":0.0,"max_hp_gain":0.0,"max_hp_loss":0.0,"gold_gain":0.0,"event_name":"Golden Wing","player_choice":"Card Removal","floor":5.0,"gold_loss":0.0,"damage_taken":7.0},{"damage_healed":0.0,"max_hp_gain":0.0,"max_hp_loss":0.0,"gold_gain":0.0,"cards_transformed":["Strike_R"],"event_name":"Transmorgrifier","player_choice":"Transformed","floor":11.0,"gold_loss":0.0,"damage_taken":0.0,"cards_obtained":["Shrug It Off"]},{"damage_healed":0,"gold_gain":0,"player_choice":"Obtained Relic","damage_taken":0,"relics_obtained":["Anchor"],"max_hp_gain":0,"max_hp_loss":0,"event_name":"Addict","floor":19,"gold_loss":85},{"damage_healed":0,"gold_gain":0,"player_choice":"Copied","damage_taken":0,"max_hp_gain":0,"max_hp_loss":0,"event_name":"Duplicator","floor":20,"gold_loss":0,"cards_obtained":["Flex"]},{"damage_healed":0,"gold_gain":0,"player_choice":"Inject Mutagens","damage_taken":0,"relics_obtained":["MutagenicStrength"],"max_hp_gain":0,"max_hp_loss":0,"event_name":"Drug Dealer","floor":24,"gold_loss":0}],"is_beta":false,"boss_relics":[{"not_picked":["Philosopher\u0027s Stone","Coffee Dripper","Sozu"]}],"items_purged_floors":[],"is_endless":false,"potions_floor_spawned":[7,10,12,14,18,22],"killed_by":"Automaton","ascension_level":0}}