{"host":"uzcks4yhskks9i02","time":1609898312,"event":{"mods":["BaseMod","Minty Spire (QoL Compilation)","Quick Restart"],"gold_per_floor":[116,134,95,45,45,72,101,101,152,230,230,241,251,267,267,267,267],"floor_reached":16,"playtime":492,"items_purged":[],"score":160,"play_id":"3d6e8e98-27d9-49e4-832a-43081e494146","local_time":"20210105185832","is_ascension_mode":true,"campfire_choices":[{"floor":11,"key":"REST"},{"floor":15,"key":"REST"}],"circlet_count":0,"master_deck":["AscendersBane","Strike_R","Strike_R","Strike_R","Strike_R","Defend_R","Defend_R","Defend_R","Defend_R","Bash","Panache","Cleave","Clash","Fire Breathing","Juggernaut","Iron Wave","Disarm","Uppercut","Clash"],"relics":["Burning Blood","Kunai","Centennial Puzzle","Odd Mushroom","Mercury Hourglass","MealTicket"],"acts_visited":["Exordium"],"potions_floor_usage":[13],"damage_taken":[{"damage":9,"enemies":"2 Louse","floor":1,"turns":4},{"damage":7,"enemies":"Small Slimes","floor":2,"turns":3},{"damage":30,"enemies":"Lagavulin","floor":6,"turns":8},{"damage":28,"enemies":"The Mushroom Lair","floor":7,"turns":5},{"damage":4,"enemies":"Jaw Worm","floor":12,"turns":3},{"damage":7,"enemies":"Looter","floor":13,"turns":3},{"damage":6,"enemies":"2 Fungi Beasts","floor":14,"turns":3},{"damage":62,"enemies":"Hexaghost","floor":16,"turns":11}],"seed_played":"-2546699355157251893","potions_obtained":[{"floor":2,"key":"GamblersBrew"},{"floor":14,"key":"GamblersBrew"}],"is_trial":false,"path_per_floor":["M","M","$","?","?","E","?","T","T","?","R","M","M","M","R","B"],"character_chosen":"IRONCLAD","items_purchased":["Fire Breathing"],"campfire_rested":2,"item_purchase_floors":[3],"current_hp_per_floor":[69,68,68,68,65,41,19,19,19,19,40,42,41,41,62,0,0],"gold":267,"neow_bonus":"RANDOM_COLORLESS_2","is_daily":false,"chose_seed":false,"campfire_upgraded":0,"win_rate":0.0,"timestamp":1609898312,"path_taken":["M","M","$","?","?","E","?","?","T","?","R","M","M","M","R","BOSS"],"items_purchased_type":["Card"],"build_version":"2020-12-22","purchased_purges":0,"victory":false,"max_hp_per_floor":[72,72,72,72,72,72,72,72,72,72,72,72,72,72,72,72,72],"card_choices":[{"not_picked":["Chrysalis","Transmutation"],"picked":"Panache","floor":0},{"not_picked":["Headbutt","Shrug It Off"],"picked":"Cleave","floor":1},{"not_picked":["Armaments","Havoc"],"picked":"Clash","floor":2},{"not_picked":["Pommel Strike","True Grit"],"picked":"Juggernaut","floor":6},{"not_picked":["Combust","Heavy Blade"],"picked":"Iron Wave","floor":7},{"not_picked":["Shrug It Off","Intimidate"],"picked":"Disarm","floor":12},{"not_picked":["Bloodletting","Perfected Strike"],"picked":"Uppercut","floor":13},{"not_picked":["Warcry","Havoc"],"picked":"Clash","floor":14}],"player_experience":485863,"relics_obtained":[{"floor":6,"key":"Centennial Puzzle"},{"floor":7,"key":"Odd Mushroom"},{"floor":8,"key":"Mercury Hourglass"},{"floor":9,"key":"MealTicket"}],"event_choices":[{"cards_removed":["Strike_R"],"damage_healed":0,"gold_gain":0,"player_choice":"Card Removal","damage_taken":0,"max_hp_gain":0,"max_hp_loss":0,"event_name":"The Cleric","floor":4,"gold_loss":50},{"damage_healed":0,"gold_gain":0,"player_choice":"Success","damage_taken":3,"relics_obtained":["Kunai"],"max_hp_gain":0,"max_hp_loss":0,"event_name":"Scrap Ooze","floor":5,"gold_loss":0},{"damage_healed":0,"gold_gain":0,"player_choice":"Fought Mushrooms","damage_taken":0,"max_hp_gain":0,"max_hp_loss":0,"event_name":"Mushrooms","floor":7,"gold_loss":0},{"damage_healed":0,"gold_gain":78,"player_choice":"Gained Gold","damage_taken":0,"max_hp_gain":0,"max_hp_loss":0,"event_name":"Golden Wing","floor":10,"gold_loss":0}],"is_beta":false,"boss_relics":[],"items_purged_floors":[],"is_endless":false,"potions_floor_spawned":[2,14],"killed_by":"Hexaghost","ascension_level":12}}