{"host":"6qo42zgaknezulyg","time":1609909749,"event":{"mods":["2.2 Compatiblity","BaseMod","Colored Map","Downfall","Keyboard Shortcuts","Minty Spire (QoL Compilation)","Permanent Neow","Quick Restart","StSLib","SuperFastMode"],"gold_per_floor":[99,115,134,134,151,165,165,165,199,199,199,218,235,265,281,281,281],"floor_reached":16,"playtime":617,"items_purged":[],"score":165,"play_id":"b7d40978-afe0-4652-a75f-d8ca9b3be93c","local_time":"20210106140909","is_ascension_mode":true,"campfire_choices":[{"floor":1.0,"key":"REST"},{"data":"bronze:DelayedSlice","floor":8.0,"key":"SMITH"}],"circlet_count":0,"master_deck":["bronze:Strike","bronze:Strike","bronze:Defend","bronze:Defend+1","bronze:Defend","bronze:Defend+1","bronze:Replicate","bronze:Goto","bronze:DelayedGuard","bronze:Return","bronze:DelayedSlice+1","bronze:BronzeOrb","bronze:Fortify","bronze:Frontload"],"relics":["bronze:BronzeCore","bronze:BottledCode","Mercury Hourglass","Art of War","War Paint"],"acts_visited":["Exordium"],"potions_floor_usage":[16],"damage_taken":[{"damage":5.0,"enemies":"2 Louse","floor":2.0,"turns":3.0},{"damage":0.0,"enemies":"Jaw Worm","floor":3.0,"turns":5.0},{"damage":0.0,"enemies":"Small Slimes","floor":5.0,"turns":5.0},{"damage":5.0,"enemies":"Gremlin Gang","floor":6.0,"turns":5.0},{"damage":31.0,"enemies":"Gremlin Nob","floor":9.0,"turns":4.0},{"damage":2.0,"enemies":"Large Slime","floor":12.0,"turns":5.0},{"damage":0.0,"enemies":"Exordium Wildlife","floor":13.0,"turns":2.0},{"damage":3.0,"enemies":"Lagavulin","floor":14.0,"turns":6.0},{"damage":0.0,"enemies":"2 Fungi Beasts","floor":15.0,"turns":2.0},{"damage":101,"enemies":"downfall:Defect","floor":16,"turns":11}],"seed_played":"3347106632403275814","potions_obtained":[{"floor":2.0,"key":"Block Potion"},{"floor":5.0,"key":"SkillPotion"},{"floor":11.0,"key":"SmokeBomb"},{"floor":11.0,"key":"PowerPotion"}],"is_trial":false,"path_per_floor":["R","M","M","?","M","M","T","R","E","?","?","M","M","E","M","B"],"character_chosen":"THE_AUTOMATON","items_purchased":[],"campfire_rested":1,"item_purchase_floors":[],"current_hp_per_floor":[66,61,61,60,60,55,55,55,24,44,44,42,42,39,39,0,0],"gold":281,"neow_bonus":"REMOVE_TWO","is_daily":false,"chose_seed":false,"campfire_upgraded":1,"win_rate":0.0,"timestamp":1609909749,"path_taken":["R","M","M","?","M","M","T","R","E","?","?","M","?","E","M","BOSS"],"items_purchased_type":[],"build_version":"2020-12-22","purchased_purges":0,"victory":false,"max_hp_per_floor":[70,70,70,60,60,60,60,60,60,60,60,60,60,60,60,60,60],"card_choices":[{"not_picked":["bronze:Constructor","bronze:Deprecate"],"picked":"bronze:DelayedGuard","floor":2.0},{"not_picked":["bronze:Iterate","bronze:BugBarrage"],"picked":"bronze:Return","floor":3.0},{"not_picked":["bronze:BronzeArmor","bronze:OilSpill"],"picked":"bronze:DelayedSlice","floor":5.0},{"not_picked":["bronze:Optimize","bronze:Deprecate"],"picked":"bronze:BronzeOrb","floor":6.0},{"not_picked":["bronze:BugBarrage","bronze:Invalidate","bronze:Terminator"],"picked":"SKIP","floor":9.0},{"not_picked":["bronze:OilSpill","bronze:SearingBeam","bronze:Shield"],"picked":"SKIP","floor":12.0},{"not_picked":["bronze:OilSpill","bronze:SearingBeam","bronze:Shield"],"picked":"SKIP","floor":12.0},{"not_picked":["bronze:Break","bronze:Branch"],"picked":"bronze:Fortify","floor":13.0},{"not_picked":["bronze:FindAndReplace","bronze:BronzeOrb","bronze:Terminator"],"picked":"SKIP","floor":14.0},{"not_picked":["bronze:Turbo","bronze:Return"],"picked":"bronze:Frontload","floor":15.0}],"player_experience":1113185,"relics_obtained":[{"floor":7.0,"key":"Mercury Hourglass"},{"floor":9.0,"key":"Art of War"},{"floor":14.0,"key":"War Paint"}],"event_choices":[{"damage_healed":20.0,"max_hp_gain":0.0,"max_hp_loss":0.0,"gold_gain":0.0,"event_name":"Big Fish","player_choice":"Banana","floor":10.0,"gold_loss":0.0,"damage_taken":0.0},{"damage_healed":0.0,"max_hp_gain":0.0,"max_hp_loss":0.0,"gold_gain":0.0,"event_name":"Lab","player_choice":"Got Potions","floor":11.0,"gold_loss":0.0,"damage_taken":0.0}],"is_beta":false,"boss_relics":[],"items_purged_floors":[],"is_endless":false,"potions_floor_spawned":[2,5,14,15],"killed_by":"downfall:Defect","ascension_level":9}}