{"host":"xkmvu47k9fdstweo","time":1609964353,"event":{"mods":["BaseMod","Colored Map","Conspire","Hubris","Minty Spire (QoL Compilation)","Quick Restart","Railgun Mod","Shop Mod","StSLib","The Alterego","The Servant 0.9.4","The Wild Card","TheBandit","WarShipGirlsR/??è≠èóR mod","vexMod"],"gold_per_floor":[112,112,112,124,139,171,171,190,190,44,44,44,44,44,44],"floor_reached":14,"playtime":315,"items_purged":[],"score":132,"play_id":"d0073008-c40d-466a-a807-c2cf7a05b1fa","local_time":"20210106151913","is_ascension_mode":true,"campfire_choices":[{"data":"conspire:ExplosiveBarrier","floor":7,"key":"SMITH"},{"data":"Battle Trance","floor":11,"key":"SMITH"},{"floor":13,"key":"REST"}],"circlet_count":0,"master_deck":["AscendersBane","Strike_R","Strike_R","Strike_R","Strike_R","Defend_R","Defend_R","Defend_R","Defend_R","Bash","True Grit","Battle Trance+1","conspire:ExplosiveBarrier+1","Headbutt"],"relics":["Mark of Pain","conspire:DecoderRing","Blue Candle","vexMod:TimeEaterHat"],"acts_visited":["Exordium"],"potions_floor_usage":[14],"damage_taken":[{"damage":13,"enemies":"Jaw Worm","floor":1,"turns":4},{"damage":0,"enemies":"2 Louse","floor":4,"turns":4},{"damage":6,"enemies":"conspire:RoseBush","floor":5,"turns":4},{"damage":27,"enemies":"Lagavulin","floor":6,"turns":8},{"damage":3,"enemies":"Blue Slaver","floor":8,"turns":4},{"damage":54,"enemies":"Gremlin Nob","floor":14,"turns":5}],"seed_played":"7742339976145403880","potions_obtained":[{"floor":4,"key":"SpeedPotion"},{"floor":8,"key":"SpeedPotion"}],"is_trial":false,"path_per_floor":["M","?","?","M","M","E","R","M","T","$","R","$","R","E"],"character_chosen":"IRONCLAD","items_purchased":["vexMod:TimeEaterHat"],"campfire_rested":1,"item_purchase_floors":[10],"current_hp_per_floor":[59,59,52,52,46,19,19,16,16,16,16,16,40,0,0],"gold":44,"neow_bonus":"BOSS_RELIC","is_daily":false,"chose_seed":false,"campfire_upgraded":2,"win_rate":0.0,"timestamp":1609964353,"path_taken":["M","?","?","M","M","E","R","M","T","$","R","$","R","E"],"items_purchased_type":["Relic"],"build_version":"2020-12-22","purchased_purges":0,"victory":false,"max_hp_per_floor":[80,80,80,80,80,80,80,80,80,80,80,80,80,80,80],"card_choices":[{"not_picked":["Blood for Blood","Wild Strike"],"picked":"True Grit","floor":1},{"not_picked":["Clash","Sword Boomerang"],"picked":"Battle Trance","floor":4},{"not_picked":["Sword Boomerang","Anger"],"picked":"conspire:ExplosiveBarrier","floor":5},{"not_picked":["Dual Wield","Twin Strike"],"picked":"Headbutt","floor":6},{"not_picked":["Warcry","Seeing Red","Blood for Blood"],"picked":"SKIP","floor":8}],"player_experience":355176,"relics_obtained":[{"floor":6,"key":"conspire:DecoderRing"},{"floor":9,"key":"Blue Candle"}],"event_choices":[{"cards_removed":["Strike_R"],"damage_healed":0,"gold_gain":0,"player_choice":"Card Removal","damage_taken":7,"max_hp_gain":0,"max_hp_loss":0,"event_name":"Golden Wing","floor":3,"gold_loss":0}],"is_beta":false,"boss_relics":[],"items_purged_floors":[],"is_endless":false,"potions_floor_spawned":[4,8],"killed_by":"Gremlin Nob","ascension_level":10}}