{"host":"b995t17pt6d05w8c","time":1609952759,"event":{"mods":["AchievementEnabler","BaseMod","Colored Map","Minty Spire (QoL Compilation)","SuperFastMode"],"gold_per_floor":[11,11,25,25,42,42,68,87,87,107,117,136,136,156,156,252,252,269,344,269,283,26,26,26,26,104,135,135,148,148,161,161,258,258,276,286,298,313,188,219,219,219,219,219,219,269,46,46,46,46],"floor_reached":51,"playtime":1781,"items_purged":["Defend_B","Defend_B","Defend_B","Ball Lightning"],"score":819,"play_id":"5626b545-f7f4-4a9f-9206-816530fd57df","local_time":"20210107020559","is_ascension_mode":true,"campfire_choices":[{"data":"Defragment","floor":6.0,"key":"SMITH"},{"floor":15,"key":"REST"},{"data":"Double Energy","floor":23,"key":"SMITH"},{"data":"Rainbow","floor":25,"key":"SMITH"},{"data":"Coolheaded","floor":30,"key":"SMITH"},{"data":"Capacitor","floor":32,"key":"SMITH"},{"data":"Zap","floor":44,"key":"SMITH"},{"data":"Dualcast","floor":49,"key":"SMITH"}],"circlet_count":0,"master_deck":["Zap+1","Dualcast+1","Core Surge","Coolheaded+1","Cold Snap","Defragment+1","Capacitor+1","Coolheaded+1","Rainbow+1","Blizzard+1","Leap+1","Creative AI+1","Double Energy+1","Hologram+1","Glacier+1","Electrodynamics","Turbo+1","Double Energy+1","Chaos+1"],"relics":["Cracked Core","Lizard Tail","Matryoshka","Astrolabe","Lee\u0027s Waffle","Tiny Chest","Meat on the Bone","Toxic Egg 2","Nuclear Battery","Question Card","Mercury Hourglass","Bottled Lightning","Pear","StoneCalendar","Incense Burner"],"acts_visited":["Exordium","TheCity","TheBeyond"],"potions_floor_usage":[14,21,33,33,33,37,50,50,50],"damage_taken":[{"damage":0.0,"enemies":"2 Louse","floor":1.0,"turns":2.0},{"damage":0.0,"enemies":"Jaw Worm","floor":3.0,"turns":4.0},{"damage":0.0,"enemies":"Cultist","floor":5.0,"turns":3.0},{"damage":11.0,"enemies":"Lagavulin","floor":7.0,"turns":3.0},{"damage":5.0,"enemies":"Blue Slaver","floor":8.0,"turns":4.0},{"damage":4.0,"enemies":"Exordium Thugs","floor":10.0,"turns":4.0},{"damage":6.0,"enemies":"Looter","floor":11.0,"turns":3.0},{"damage":7.0,"enemies":"2 Fungi Beasts","floor":12.0,"turns":3.0},{"damage":16,"enemies":"Lots of Slimes","floor":14,"turns":4},{"damage":32,"enemies":"Slime Boss","floor":16,"turns":8},{"damage":8,"enemies":"Chosen","floor":18,"turns":6},{"damage":16,"enemies":"3 Byrds","floor":21,"turns":3},{"damage":60,"enemies":"Gremlin Leader","floor":27,"turns":11},{"damage":19,"enemies":"Centurion and Healer","floor":29,"turns":9},{"damage":8,"enemies":"Snake Plant","floor":31,"turns":8},{"damage":9,"enemies":"Collector","floor":33,"turns":10},{"damage":0,"enemies":"Orb Walker","floor":35,"turns":5},{"damage":0,"enemies":"3 Shapes","floor":36,"turns":4},{"damage":20,"enemies":"Spire Growth","floor":37,"turns":6},{"damage":9,"enemies":"4 Shapes","floor":38,"turns":5},{"damage":31,"enemies":"Nemesis","floor":40,"turns":11},{"damage":0,"enemies":"Mind Bloom Boss Battle","floor":46,"turns":9},{"damage":6,"enemies":"Donu and Deca","floor":50,"turns":8}],"seed_played":"3697724688721845284","potions_obtained":[{"floor":1.0,"key":"AttackPotion"},{"floor":8.0,"key":"Fire Potion"},{"floor":10.0,"key":"DuplicationPotion"},{"floor":11.0,"key":"Block Potion"},{"floor":12.0,"key":"SteroidPotion"},{"floor":16,"key":"Ancient Potion"},{"floor":21,"key":"PotionOfCapacity"},{"floor":31,"key":"SkillPotion"},{"floor":33,"key":"AttackPotion"},{"floor":37,"key":"FocusPotion"},{"floor":40,"key":"Fire Potion"},{"floor":46,"key":"BlessingOfTheForge"}],"is_trial":false,"path_per_floor":["M","?","M","?","M","R","E","M","T","M","M","M","?","M","R","B",null,"M","?","$","M","$","R","?","R","T","E","?","M","R","M","R","B",null,"M","M","M","M","$","E","?","T","T","R","?","?","$","T","R","B",null],"character_chosen":"DEFECT","items_purchased":["Lee\u0027s Waffle","Chaos+1"],"campfire_rested":1,"item_purchase_floors":[22,47],"current_hp_per_floor":[75,75,75,68,68,68,57,52,52,48,42,35,35,19,41,9,75,67,60,60,44,82,82,82,82,82,34,34,27,27,31,31,34,82,82,82,62,53,53,34,72,72,82,82,82,82,82,82,82,76],"gold":46,"neow_bonus":"THREE_RARE_CARDS","is_daily":false,"chose_seed":false,"campfire_upgraded":7,"win_rate":0.0,"timestamp":1609952759,"path_taken":["M","?","M","?","M","R","E","M","T","M","M","M","?","?","R","BOSS","M","?","?","M","$","R","?","R","T","E","?","M","R","M","R","BOSS","M","M","?","M","$","E","?","?","T","R","?","?","?","?","R","BOSS"],"items_purchased_type":["Relic","Card"],"build_version":"2020-12-22","purchased_purges":4,"victory":true,"max_hp_per_floor":[75,75,75,75,75,75,75,75,75,75,75,75,75,75,75,75,75,75,75,75,75,82,82,82,82,82,82,82,82,82,82,82,82,82,82,82,82,82,82,82,72,72,82,82,82,82,82,82,82,82],"card_choices":[{"not_picked":["Buffer","Echo Form"],"picked":"Core Surge","floor":0.0},{"not_picked":["Go for the Eyes","Compile Driver"],"picked":"Coolheaded","floor":1.0},{"not_picked":["Self Repair","Aggregate"],"picked":"Cold Snap","floor":3.0},{"not_picked":["Go for the Eyes","Static Discharge"],"picked":"Defragment","floor":5.0},{"not_picked":["Sweeping Beam","Streamline","Steam"],"picked":"SKIP","floor":7.0},{"not_picked":["Coolheaded","Sweeping Beam"],"picked":"Capacitor","floor":8.0},{"not_picked":["Beam Cell","Tempest","Lockon"],"picked":"SKIP","floor":10.0},{"not_picked":["Steam Power","Genetic Algorithm"],"picked":"Ball Lightning","floor":11.0},{"not_picked":["Ball Lightning","Hyperbeam"],"picked":"Coolheaded","floor":12.0},{"not_picked":["Ball Lightning","Hologram","Beam Cell"],"picked":"SKIP","floor":14},{"not_picked":["Amplify","Reboot"],"picked":"Rainbow","floor":16},{"not_picked":["Turbo","Rip and Tear"],"picked":"Double Energy","floor":18},{"not_picked":["Turbo","Scrape"],"picked":"Hologram+1","floor":21},{"not_picked":["Steam Power+1","Beam Cell","Redo+1"],"picked":"SKIP","floor":27},{"not_picked":["Compile Driver","Conserve Battery+1"],"picked":"Glacier+1","floor":29},{"not_picked":["Melter","Steam+1","Redo+1"],"picked":"SKIP","floor":31},{"not_picked":["Melter","Steam+1","Redo+1"],"picked":"SKIP","floor":31},{"not_picked":["Buffer","Hyperbeam"],"picked":"Electrodynamics","floor":33},{"not_picked":["Conserve Battery+1","Barrage","Cold Snap+1"],"picked":"SKIP","floor":35},{"not_picked":["Lockon","Sweeping Beam+1"],"picked":"Turbo+1","floor":36},{"not_picked":["Cold Snap","Ball Lightning","Go for the Eyes"],"picked":"SKIP","floor":37},{"not_picked":["Steam+1","Ball Lightning+1","Redo+1"],"picked":"SKIP","floor":38},{"not_picked":["Steam+1","Ball Lightning+1","Redo+1"],"picked":"SKIP","floor":38},{"not_picked":["Reinforced Body+1","Core Surge","Melter"],"picked":"SKIP","floor":40},{"not_picked":["Sweeping Beam","Ball Lightning+1","Streamline+1"],"picked":"Double Energy+1","floor":46}],"player_experience":28379,"relics_obtained":[{"floor":7.0,"key":"Lizard Tail"},{"floor":9.0,"key":"Matryoshka"},{"floor":26,"key":"Tiny Chest"},{"floor":26,"key":"Meat on the Bone"},{"floor":27,"key":"Toxic Egg 2"},{"floor":40,"key":"Question Card"},{"floor":42,"key":"Mercury Hourglass"},{"floor":42,"key":"Bottled Lightning"},{"floor":43,"key":"Pear"},{"floor":46,"key":"StoneCalendar"},{"floor":48,"key":"Incense Burner"}],"event_choices":[{"cards_removed":["Strike_B"],"damage_healed":0.0,"max_hp_gain":0.0,"max_hp_loss":0.0,"gold_gain":0.0,"event_name":"Living Wall","player_choice":"Forget","floor":2.0,"gold_loss":0.0,"damage_taken":0.0},{"cards_removed":["Defend_B"],"damage_healed":0.0,"max_hp_gain":0.0,"max_hp_loss":0.0,"gold_gain":0.0,"event_name":"Golden Wing","player_choice":"Card Removal","floor":4.0,"gold_loss":0.0,"damage_taken":7.0},{"damage_healed":0.0,"max_hp_gain":0.0,"max_hp_loss":0.0,"gold_gain":0.0,"event_name":"Match and Keep!","player_choice":"1 cards matched","floor":13.0,"gold_loss":0.0,"damage_taken":0.0,"cards_obtained":["Reboot"]},{"damage_healed":0,"gold_gain":75,"player_choice":"Touch","damage_taken":7,"max_hp_gain":0,"max_hp_loss":0,"event_name":"FaceTrader","floor":19,"gold_loss":0},{"damage_healed":0,"gold_gain":0,"player_choice":"Upgraded","damage_taken":0,"max_hp_gain":0,"max_hp_loss":0,"event_name":"Upgrade Shrine","floor":28,"gold_loss":0,"cards_upgraded":["Coolheaded"]},{"damage_healed":72,"gold_gain":0,"player_choice":"Heal","damage_taken":0,"max_hp_gain":0,"max_hp_loss":10,"event_name":"The Moai Head","floor":41,"gold_loss":0},{"cards_removed":["Reboot"],"damage_healed":0,"gold_gain":0,"player_choice":"Removed Skill","damage_taken":0,"max_hp_gain":0,"max_hp_loss":0,"event_name":"Falling","floor":45,"gold_loss":0},{"damage_healed":0,"gold_gain":0,"player_choice":"Fight","damage_taken":0,"max_hp_gain":0,"max_hp_loss":0,"event_name":"MindBloom","floor":46,"gold_loss":0}],"is_beta":false,"boss_relics":[{"not_picked":["Runic Pyramid","Snecko Eye"],"picked":"Astrolabe"},{"not_picked":["Tiny House","SacredBark"],"picked":"Nuclear Battery"}],"items_purged_floors":[20,22,39,47],"is_endless":false,"potions_floor_spawned":[1,8,10,11,12,16,18,21,31,33,37,40,46],"ascension_level":3}}