{"host":"wjw2tk2y2rycscg9","time":1609935044,"event":{"mods":["2.2 Compatiblity","Act Like it!","Aspiration","BaseMod","Colored Map","Dota2Spire","Downfall","Hallownest","Hubris","Infinite Spire","Marisa????????","Minty Spire (QoL Compilation)","Relic Stats","Replay The Spire","Shade Mod","StSLib","The Alterego","The Servant 0.9.4","TheSwordswoman","Unceasing Turn Reminder","Yakumo Yukari mod"],"gold_per_floor":[111,111,111,122,133,158,171,184,207,227,227,227,227,241,241,336,336,353,453,453,174,188,188,216,272,272,272,272,284,204,219,219,319,319,336,336,37,53,63,63,87,119,144,59,59,59,161,211,217,217,221,221,240,240,240,263,266,266,266,334,334,419,419,427,454,454,454,41,50,50,65,89,82,61,57,57,57,109,109,118,118,118,68,98,96,96,96,96,96,97,99,99,99,110,110,114,114,114,189,189,181,36,36,43,43,32,32,27,27,27,27,29,29,29,100,100,109,109,109,119,122,122,122,122,131,151,151,151,151,151,89,89],"floor_reached":141,"playtime":7136,"items_purged":["ReplayTheSpireMod:Splinters","Grand Finale","alterego_mod:Strike","alterego_mod:Impale","alterego_mod:IdEs"],"score":3294,"play_id":"ef7204be-a56f-419c-bbd4-0670d17eb726","local_time":"20210106051044","is_ascension_mode":false,"campfire_choices":[{"data":"alterego_mod:Nekomimi","floor":13.0,"key":"SMITH"},{"data":"alterego_mod:GoddessCore","floor":15.0,"key":"SMITH"},{"data":"alterego_mod:Mirror","floor":23.0,"key":"SMITH"},{"data":"alterego_mod:Mirror","floor":27.0,"key":"SMITH"},{"data":"alterego_mod:Nekomimi","floor":32.0,"key":"SMITH"},{"data":"alterego_mod:Venus","floor":42.0,"key":"SMITH"},{"data":"Hallownest:skillCityofTearsMap","floor":59.0,"key":"SMITH"},{"data":"alterego_mod:Palingenesis","floor":64.0,"key":"SMITH"},{"data":"alterego_mod:IndependentAction","floor":66.0,"key":"SMITH"},{"floor":75.0,"key":"REST"},{"floor":83.0,"key":"REST"},{"data":"Hallownest:skillKingdomsEdgeMap","floor":92,"key":"SMITH"},{"floor":100,"key":"REST"},{"data":"infinitespire:FutureSight","floor":115,"key":"SMITH"},{"data":"alterego_mod:ClassAdvantage","floor":119,"key":"SMITH"},{"data":"alterego_mod:Palingenesis+1","floor":123,"key":"SMITH"},{"data":"alterego_mod:Cushion","floor":133,"key":"SMITH"},{"floor":137,"key":"REST"}],"circlet_count":0,"master_deck":["alterego_mod:BigMeatyClaws","alterego_mod:BrynhildrsRune+1","Dagger Spray","alterego_mod:Nekomimi+1","alterego_mod:GoddessCore+1","alterego_mod:MagicResistance+1","alterego_mod:Venus+1","alterego_mod:Cushion+1","alterego_mod:Undulate+1","alterego_mod:Belts+1","alterego_mod:Mirror+1","alterego_mod:Mirror+1","alterego_mod:Nekomimi+1","alterego_mod:Birthday","Hallownest:skillCityofTearsMap+1","alterego_mod:IdEs","alterego_mod:Palingenesis+2","alterego_mod:Rake","Hallownest:skillKingdomsEdgeMap+1","alterego_mod:IdEs","alterego_mod:Nekomimi+1","alterego_mod:IndependentAction+1","infinitespire:DeathsTouch","alterego_mod:Undulate+1","alterego_mod:AlterEgo","infinitespire:FutureSight+1","alterego_mod:ClassAdvantage+1","infinitespire:Collect","Hallownest:skillLeafShield","Hallownest:skillLeafShield","Hallownest:skillLeafShield","Hallownest:skillLeafShield","Hallownest:skillLeafShield"],"relics":["alterego_mod:MasochisticConstitution","Pear","Pet Ghost","Tiny Chest","Hallownest:SalubrasBlessingRelic","Dota2Spire:EchoSabre","infinitespire:Joker Card","Blue Doll","infinitespire:Bottled Soul","aspiration:VileToxins","Dota2Spire:RefresherOrb","hubris:Teleporter","Potion Belt","Bag of Marbles","Akabeko","Dota2Spire:Satanic","Vajra","Tiny House","Runic Pyramid","Bottled Flame","StrikeDummy","Dota2Spire:OrchidMalevolence","Nunchaku","hubris:Icosahedron","sneckomod:SneckoTalon","infinitespire:Satchel","hubris:Towel","Dota2Spire:ArmletOfMordiggian","aspiration:Nostalgia","Cracked Core","ReplayTheSpireMod:Ninjato","Mirror","ReplayTheSpireMod:TigerMarble","Chameleon Ring","Replay:WaspNest","aspiration:BursterCore","Orrery","Replay:Kaleidoscope","Matryoshka","Dota2Spire:DrumOfEndurance","Eternal Feather","Bag of Preparation","Dota2Spire:EyeOfSkadi","Guardian:PocketSentry","aspiration:IroncladSkillbook","hubris:TerracottaHorce","OrangePellets","Dota2Spire:BattleFury","Kunai","infinitespire:ShieldingShard","infinitespire:EmpoweringShard","infinitespire:Midas Blood","aspiration:StickyExplosives_weak","aspiration:RunicSpoon","Gambling Chip","Shuriken","Bottled Tornado","Torii","Dota2Spire:MantaStyle"],"acts_visited":["Exordium","Hallownest:Greenpath","Hallownest:CityofTears","Hallownest:KingdomsEdge","TheCity","TheCity","Hallownest:KingdomsEdge","Hallownest:Greenpath","TheBeyond"],"potions_floor_usage":[90,90,96,101,114,141],"damage_taken":[{"damage":12.0,"enemies":"Hallownest:monsterHuskGuard","floor":1.0,"turns":8.0},{"damage":4.0,"enemies":"2_ Uuma","floor":4.0,"turns":5.0},{"damage":0.0,"enemies":"Hallownest:2_Baldur","floor":5.0,"turns":4.0},{"damage":0.0,"enemies":"Hallownest:eliteCrystalGuardian","floor":6.0,"turns":2.0},{"damage":25.0,"enemies":"Hallownest:1_Ooma_and_2_Uuma","floor":7.0,"turns":8.0},{"damage":4.0,"enemies":"Hallownest:2_Tiktiks_1_Baldur_1_Crawlid","floor":8.0,"turns":2.0},{"damage":2.0,"enemies":"Hallownest:1_Baldur_1_Crawlid_1_Warrior","floor":10.0,"turns":6.0},{"damage":8.0,"enemies":"Hallownest:Wandering_and_Horned","floor":14.0,"turns":8.0},{"damage":27.0,"enemies":"Hallownest:BossHornet","floor":16.0,"turns":19.0},{"damage":12.0,"enemies":"Hallownest:2_Mistakes","floor":18.0,"turns":11.0},{"damage":2.0,"enemies":"Hallownest:Guard_and_Sentry","floor":22.0,"turns":6.0},{"damage":34.0,"enemies":"Hallownest:eliteWatcherKnight","floor":24.0,"turns":17.0},{"damage":13.0,"enemies":"Hallownest:Glutton_and_Coward","floor":25.0,"turns":6.0},{"damage":11.0,"enemies":"Hallownest:monsterShrumalOgre","floor":29.0,"turns":7.0},{"damage":3.0,"enemies":"Hallownest:2_Husk_Sentries","floor":31.0,"turns":5.0},{"damage":6.0,"enemies":"Hallownest:BossSoulMaster","floor":33.0,"turns":12.0},{"damage":32.0,"enemies":"Hallownest:2_Littles","floor":35.0,"turns":6.0},{"damage":1.0,"enemies":"Hallownest:3_Siblings","floor":39.0,"turns":8.0},{"damage":14.0,"enemies":"Hallownest:Shield_Sturdy","floor":41.0,"turns":5.0},{"damage":31.0,"enemies":"Hallownest:StalkingDevout","floor":44.0,"turns":5.0},{"damage":13.0,"enemies":"Nightmare","floor":46.0,"turns":8.0},{"damage":9.0,"enemies":"Hallownest:Radiance","floor":50.0,"turns":10.0},{"damage":7.0,"enemies":"Hallownest:2_Tiktiks_and_1_Crawlid","floor":52.0,"turns":2.0},{"damage":0.0,"enemies":"Hallownest:monsterHuskWarrior","floor":55.0,"turns":2.0},{"damage":0.0,"enemies":"Hallownest:2_Baldur","floor":58.0,"turns":1.0},{"damage":3.0,"enemies":"Hallownest:eliteCrystalGuardian","floor":61.0,"turns":2.0},{"damage":6.0,"enemies":"Hallownest:1_Baldur_1_Crawlid_1_Warrior","floor":62.0,"turns":5.0},{"damage":16.0,"enemies":"Hallownest:BossBrokenVessel","floor":67.0,"turns":3.0},{"damage":0.0,"enemies":"Chosen","floor":69.0,"turns":2.0},{"damage":70.0,"enemies":"Book of Stabbing","floor":74.0,"turns":4.0},{"damage":0.0,"enemies":"Spheric Guardian","floor":76.0,"turns":1.0},{"damage":18.0,"enemies":"Centurion and Healer","floor":78.0,"turns":4.0},{"damage":59.0,"enemies":"Nightmare_Alpha","floor":79.0,"turns":10.0},{"damage":12.0,"enemies":"Cultist and Chosen","floor":80.0,"turns":4.0},{"damage":28.0,"enemies":"Champ","floor":84.0,"turns":7.0},{"damage":0,"enemies":"Hallownest:3_Siblings","floor":86,"turns":1},{"damage":58,"enemies":"Hallownest:2_Primals","floor":90,"turns":3},{"damage":9,"enemies":"Hallownest:eliteCollector","floor":91,"turns":4},{"damage":0,"enemies":"Hallownest:2_Littles","floor":96,"turns":3},{"damage":53,"enemies":"Nightmare","floor":98,"turns":5},{"damage":3,"enemies":"Hallownest:BossGreyPrinceZote","floor":101,"turns":3},{"damage":0,"enemies":"Hallownest:2_MossCreeps","floor":103,"turns":1},{"damage":0,"enemies":"Hallownest:BossFalseKnight","floor":107,"turns":5},{"damage":0,"enemies":"Hallownest:3_Youths","floor":109,"turns":5},{"damage":0,"enemies":"Hallownest:2_Mistakes","floor":112,"turns":2},{"damage":40,"enemies":"Nightmare","floor":114,"turns":4},{"damage":19,"enemies":"Hallownest:eliteWatcherKnight","floor":116,"turns":6},{"damage":0,"enemies":"Hallownest:3_Mistakes","floor":120,"turns":2},{"damage":1,"enemies":"Hallownest:BossMantisLord","floor":124,"turns":4},{"damage":0,"enemies":"Orb Walker","floor":126,"turns":1},{"damage":6,"enemies":"3 Darklings","floor":129,"turns":2},{"damage":5,"enemies":"Giant Head","floor":131,"turns":3},{"damage":119,"enemies":"Nightmare_Alpha","floor":135,"turns":5},{"damage":18,"enemies":"Sphere and 2 Shapes","floor":136,"turns":1},{"damage":133,"enemies":"infinitespire:LordOfFortification","floor":141,"turns":7}],"seed_played":"3009118326489883553","potions_obtained":[{"floor":5.0,"key":"champ:CounterPotion"},{"floor":7.0,"key":"SteroidPotion"},{"floor":8.0,"key":"Fire Potion"},{"floor":14.0,"key":"SkillPotion"},{"floor":16.0,"key":"Elixir"},{"floor":29.0,"key":"LiquidMemories"},{"floor":33.0,"key":"LifebloodPotion"},{"floor":39.0,"key":"Languid Potion"},{"floor":44.0,"key":"sneckomod:MuddlingPotion"},{"floor":46.0,"key":"Block Potion"},{"floor":50.0,"key":"PowerPotion"},{"floor":69.0,"key":"hexamod:EctoCoolerPotion"},{"floor":80.0,"key":"SteroidPotion"},{"floor":84.0,"key":"DistilledChaos"},{"floor":90,"key":"Fire Potion"},{"floor":98,"key":"CultistPotion"},{"floor":107,"key":"Swift Potion"},{"floor":114,"key":"AttackPotion"},{"floor":116,"key":"infinitespire:BlackPotion"},{"floor":131,"key":"SpeedPotion"},{"floor":136,"key":"ColorlessPotion"}],"is_trial":true,"path_per_floor":["M","?","T","M","M","E","M","M","T","M","?","?","R","M","R","B",null,"M","?","T","$","M","R","E","M","T","R","?","M","?","M","R","B",null,"M","T","$","M","M","R","T","E","NM","?","?","R_BF","B",null,"M","AVR","M","T","M","R","T","E","M","?","R","?","R","B",null,"M","T","?","?","$","E","R","M","T","M","NM","M","T","R","B",null,"M","?","AVR","?","?","E","R","$","T","T","M","NM","$","R","B",null,"M","?","?","B",null,"M","$","T","M","$","NM","R","E","T","AVR","R","M","T","R","B",null,"M","?","?","M","E","T","R","T","NM","M","R","?","AVR","R_BF","B"],"character_chosen":"The_Alterego","items_purchased":["Blue Doll","alterego_mod:Mirror","Potion Belt","Bag of Marbles","aspiration:Nostalgia","ReplayTheSpireMod:Ninjato","OrangePellets"],"campfire_rested":4,"item_purchase_floors":[21,21,38,38,73,73,110],"current_hp_per_floor":[66,66,76,80,80,80,77,84,84,85,85,85,85,78,78,52,87,76,76,76,76,89,89,70,72,72,72,72,69,69,83,83,81,94,88,88,88,95,97,97,97,67,68,68,68,83,100,105,99,99,101,101,101,101,101,99,94,94,94,94,94,79,109,109,109,109,109,109,47,82,82,82,76,33,39,39,75,62,118,118,110,110,110,66,68,68,68,68,73,77,34,34,91,102,129,129,129,129,129,129,129,129,129,129,129,103,124,131,131,131,134,134,134,134,135,135,135,135,135,134,136,136,137,137,30,17,81,81,81,99,0,0],"gold":89,"neow_bonus":"","is_daily":false,"chose_seed":false,"campfire_upgraded":14,"win_rate":0.0,"timestamp":1609935044,"path_taken":["M","?","?","?","M","E","?","M","T","M","?","?","R","M","R","BOSS","M","?","?","$","M","R","E","M","T","R","?","?","?","M","R","BOSS","M","?","$","M","M","R","T","E","NM","?","?","R_BF","BOSS","M","AVR","?","?","?","R","T","E","M","?","R","?","R","BOSS","M","?","?","?","$","E","R","M","T","M","NM","?","?","R","BOSS","M","?","AVR","?","?","E","R","$","T","?","M","NM","?","R","BOSS","M","?","?","BOSS","M","$","?","?","?","NM","R","E","T","AVR","R","?","?","R","BOSS","M","?","?","?","E","?","R","T","NM","M","R","?","AVR","R_BF","BOSS"],"items_purchased_type":["Relic","Card","Relic","Relic","Relic","Relic","Relic"],"build_version":"2020-12-22","purchased_purges":5,"victory":false,"max_hp_per_floor":[71,71,81,82,82,82,83,84,84,85,85,85,85,86,86,87,87,88,88,88,88,89,89,90,91,91,91,91,92,92,93,93,94,94,95,95,95,96,97,97,97,98,99,99,99,99,100,105,106,106,106,106,106,106,106,107,108,108,108,108,108,109,109,109,109,109,109,109,110,112,112,112,113,114,115,115,117,118,118,118,118,118,118,119,120,120,120,120,125,125,126,126,128,129,129,129,129,129,129,129,129,129,129,129,129,130,130,134,134,134,134,134,134,134,135,135,135,135,135,136,137,137,137,137,138,139,141,141,141,141,141,141],"relic_stats":{"Torii":0,"counters":[55,282],"aspiration:RunicSpoon":[43],"Eternal Feather":82,"Bag of Preparation":[34],"aspiration:BursterCore":[1],"OrangePellets":[0],"Nunchaku":[25],"Shuriken":[6],"Gambling Chip":[6],"Tiny Chest":9,"Kunai":[15],"obtain_stats":[{"Tiny House":51,"Dota2Spire:ArmletOfMordiggian":72,"Vajra":46,"Dota2Spire:RefresherOrb":34,"Bottled Tornado":134,"hubris:TerracottaHorce":108,"Dota2Spire:Satanic":44,"infinitespire:ShieldingShard":116,"Dota2Spire:EyeOfSkadi":95,"Kunai":114,"alterego_mod:MasochisticConstitution":0,"Pear":3,"hubris:Teleporter":36,"aspiration:Nostalgia":73,"Eternal Feather":94,"Guardian:PocketSentry":98,"Replay:Kaleidoscope":90,"sneckomod:SneckoTalon":68,"Akabeko":43,"aspiration:IroncladSkillbook":102,"OrangePellets":110,"Bottled Flame":54,"Shuriken":132,"ReplayTheSpireMod:TigerMarble":77,"infinitespire:EmpoweringShard":117,"StrikeDummy":56,"Mirror":74,"Dota2Spire:EchoSabre":19,"Torii":135,"Dota2Spire:OrchidMalevolence":60,"Blue Doll":21,"Dota2Spire:DrumOfEndurance":94,"Bag of Preparation":95,"aspiration:BursterCore":85,"Pet Ghost":6,"aspiration:StickyExplosives_weak":122,"Nunchaku":61,"hubris:Icosahedron":63,"Chameleon Ring":79,"Matryoshka":91,"infinitespire:Bottled Soul":24,"Gambling Chip":131,"Tiny Chest":9,"Cracked Core":73,"Runic Pyramid":54,"aspiration:VileToxins":26,"Potion Belt":38,"Hallownest:SalubrasBlessingRelic":12,"Dota2Spire:MantaStyle":139,"ReplayTheSpireMod:Ninjato":73,"aspiration:RunicSpoon":125,"infinitespire:Joker Card":20,"Replay:WaspNest":82,"Dota2Spire:BattleFury":111,"hubris:Towel":71,"infinitespire:Satchel":70,"Orrery":88,"Bag of Marbles":38,"infinitespire:Midas Blood":118},{"Tiny House":22,"Dota2Spire:ArmletOfMordiggian":29,"Vajra":21,"Dota2Spire:RefresherOrb":16,"Bottled Tornado":52,"hubris:TerracottaHorce":43,"Dota2Spire:Satanic":20,"infinitespire:ShieldingShard":47,"Dota2Spire:EyeOfSkadi":38,"Kunai":46,"alterego_mod:MasochisticConstitution":0,"Pear":1,"hubris:Teleporter":17,"aspiration:Nostalgia":29,"Eternal Feather":38,"Guardian:PocketSentry":40,"Replay:Kaleidoscope":37,"sneckomod:SneckoTalon":28,"Akabeko":19,"aspiration:IroncladSkillbook":41,"OrangePellets":44,"Bottled Flame":23,"Shuriken":52,"ReplayTheSpireMod:TigerMarble":31,"infinitespire:EmpoweringShard":47,"StrikeDummy":24,"Mirror":30,"Dota2Spire:EchoSabre":10,"Torii":53,"Dota2Spire:OrchidMalevolence":25,"Blue Doll":10,"Dota2Spire:DrumOfEndurance":38,"Bag of Preparation":38,"aspiration:BursterCore":35,"Pet Ghost":4,"aspiration:StickyExplosives_weak":48,"Nunchaku":26,"hubris:Icosahedron":27,"Chameleon Ring":33,"Matryoshka":38,"infinitespire:Bottled Soul":12,"Gambling Chip":52,"Tiny Chest":6,"Cracked Core":29,"Runic Pyramid":23,"aspiration:VileToxins":13,"Potion Belt":17,"Hallownest:SalubrasBlessingRelic":7,"Dota2Spire:MantaStyle":54,"ReplayTheSpireMod:Ninjato":29,"aspiration:RunicSpoon":49,"infinitespire:Joker Card":10,"Replay:WaspNest":34,"Dota2Spire:BattleFury":44,"hubris:Towel":29,"infinitespire:Satchel":29,"Orrery":36,"Bag of Marbles":17,"infinitespire:Midas Blood":47},{"Tiny House":168,"Dota2Spire:ArmletOfMordiggian":185,"Vajra":158,"Dota2Spire:RefresherOrb":126,"Bottled Tornado":269,"hubris:TerracottaHorce":240,"Dota2Spire:Satanic":150,"infinitespire:ShieldingShard":257,"Dota2Spire:EyeOfSkadi":223,"Kunai":251,"alterego_mod:MasochisticConstitution":0,"Pear":8,"hubris:Teleporter":132,"aspiration:Nostalgia":185,"Eternal Feather":223,"Guardian:PocketSentry":231,"Replay:Kaleidoscope":219,"sneckomod:SneckoTalon":183,"Akabeko":145,"aspiration:IroncladSkillbook":234,"OrangePellets":245,"Bottled Flame":170,"Shuriken":269,"ReplayTheSpireMod:TigerMarble":190,"infinitespire:EmpoweringShard":257,"StrikeDummy":172,"Mirror":189,"Dota2Spire:EchoSabre":73,"Torii":274,"Dota2Spire:OrchidMalevolence":173,"Blue Doll":73,"Dota2Spire:DrumOfEndurance":223,"Bag of Preparation":223,"aspiration:BursterCore":215,"Pet Ghost":19,"aspiration:StickyExplosives_weak":259,"Nunchaku":175,"hubris:Icosahedron":180,"Chameleon Ring":204,"Matryoshka":223,"infinitespire:Bottled Soul":96,"Gambling Chip":269,"Tiny Chest":29,"Cracked Core":185,"Runic Pyramid":170,"aspiration:VileToxins":102,"Potion Belt":132,"Hallownest:SalubrasBlessingRelic":35,"Dota2Spire:MantaStyle":275,"ReplayTheSpireMod:Ninjato":185,"aspiration:RunicSpoon":263,"infinitespire:Joker Card":73,"Replay:WaspNest":208,"Dota2Spire:BattleFury":245,"hubris:Towel":185,"infinitespire:Satchel":185,"Orrery":216,"Bag of Marbles":132,"infinitespire:Midas Blood":257}]},"card_choices":[{"not_picked":["alterego_mod:Cycle","alterego_mod:PurpleHair","alterego_mod:Cooking"],"picked":"SKIP","floor":1.0},{"not_picked":["alterego_mod:Cycle","alterego_mod:PurpleHair","alterego_mod:Cooking"],"picked":"SKIP","floor":1.0},{"not_picked":["alterego_mod:Table","alterego_mod:Belts"],"picked":"alterego_mod:Belle","floor":4.0},{"not_picked":["alterego_mod:Cooking","alterego_mod:DustData","alterego_mod:Swimsuit"],"picked":"SKIP","floor":5.0},{"not_picked":["alterego_mod:BeGentle","alterego_mod:Punishment","alterego_mod:BreastValley"],"picked":"SKIP","floor":6.0},{"not_picked":["alterego_mod:Bloomers","alterego_mod:TrashNCrash","alterego_mod:HighServant"],"picked":"SKIP","floor":7.0},{"not_picked":["alterego_mod:Clap","alterego_mod:Skirt"],"picked":"alterego_mod:Nekomimi","floor":8.0},{"not_picked":["alterego_mod:SuperDuperMasochism","alterego_mod:TrashNCrash"],"picked":"alterego_mod:GoddessCore","floor":10.0},{"not_picked":["alterego_mod:Bounce","alterego_mod:Pet"],"picked":"alterego_mod:MagicResistance","floor":14.0},{"not_picked":["alterego_mod:InsideBaseball","alterego_mod:Weigh"],"picked":"alterego_mod:Venus","floor":16.0},{"not_picked":["alterego_mod:Undulate","alterego_mod:RocketPunch"],"picked":"alterego_mod:Cushion","floor":18.0},{"not_picked":["alterego_mod:Crossover","alterego_mod:1TonWallop"],"picked":"alterego_mod:Undulate+1","floor":19.0},{"not_picked":["alterego_mod:Jiggle","alterego_mod:PurpleHair+1"],"picked":"alterego_mod:Belts+1","floor":19.0},{"not_picked":["alterego_mod:GoddessCore","alterego_mod:Birthday"],"picked":"alterego_mod:Mirror","floor":22.0},{"not_picked":["alterego_mod:Undulate","alterego_mod:Mirror","alterego_mod:Jiggle"],"picked":"SKIP","floor":24.0},{"not_picked":["alterego_mod:MagicResistance+1","alterego_mod:Maid"],"picked":"alterego_mod:Nekomimi","floor":25.0},{"not_picked":["alterego_mod:HighServant","alterego_mod:Complex"],"picked":"alterego_mod:Birthday","floor":29.0},{"not_picked":["alterego_mod:Rip","alterego_mod:TrashNCrash"],"picked":"alterego_mod:Smother","floor":31.0},{"not_picked":["alterego_mod:Weigh","alterego_mod:Lift"],"picked":"alterego_mod:IdEs","floor":33.0},{"not_picked":["alterego_mod:Jiggle","alterego_mod:Punishment","alterego_mod:DiscoLights+1"],"picked":"SKIP","floor":35.0},{"not_picked":["alterego_mod:Bloomers","alterego_mod:TrashNCrash+1","alterego_mod:GachaTicket+1"],"picked":"SKIP","floor":39.0},{"not_picked":["alterego_mod:PerceptionDisorder","alterego_mod:Exercise","alterego_mod:HighServant"],"picked":"SKIP","floor":41.0},{"not_picked":["alterego_mod:TrickOrTreatment","alterego_mod:ChallengeComplete"],"picked":"alterego_mod:Palingenesis","floor":44.0},{"not_picked":["alterego_mod:Cushion","alterego_mod:PerceptionDisorder+1"],"picked":"alterego_mod:Rake","floor":46.0},{"not_picked":["alterego_mod:Weigh","alterego_mod:VirginLaserPalladion"],"picked":"alterego_mod:IdEs","floor":50.0},{"not_picked":["alterego_mod:Punishment+1","alterego_mod:ChallengeComplete"],"picked":"alterego_mod:Nekomimi+1","floor":51.0},{"not_picked":["alterego_mod:Stockings","alterego_mod:Jiggle","alterego_mod:BiFurious"],"picked":"SKIP","floor":52.0},{"not_picked":["alterego_mod:RidiculouslyBig","alterego_mod:Complex","alterego_mod:Bounce"],"picked":"SKIP","floor":55.0},{"not_picked":["alterego_mod:Rip","alterego_mod:BustOut","alterego_mod:Bunnysuit"],"picked":"SKIP","floor":58.0},{"not_picked":["alterego_mod:DustData","alterego_mod:SideboobHour","alterego_mod:PurpleHair"],"picked":"SKIP","floor":61.0},{"not_picked":["alterego_mod:Swimsuit","alterego_mod:Nekomimi"],"picked":"alterego_mod:IndependentAction","floor":62.0},{"not_picked":["alterego_mod:DeftHands","alterego_mod:HighServant+1","alterego_mod:Jiggle+1"],"picked":"SKIP","floor":69.0},{"not_picked":["alterego_mod:DeftHands+1","alterego_mod:Cycle+1","alterego_mod:ChallengeComplete+1"],"picked":"SKIP","floor":74.0},{"not_picked":["alterego_mod:Jiggle+1","alterego_mod:SakuraFive","alterego_mod:MaintainEyeContact+1"],"picked":"SKIP","floor":76.0},{"not_picked":["alterego_mod:MagicResistance+1","alterego_mod:Maid","alterego_mod:PerceptionDisorder"],"picked":"SKIP","floor":78.0},{"not_picked":["infinitespire:TheBestDefense","infinitespire:FinalStrike"],"picked":"infinitespire:DeathsTouch","floor":79.0},{"not_picked":["alterego_mod:STier","alterego_mod:Mirror+1","alterego_mod:Lingerie+1"],"picked":"SKIP","floor":79.0},{"not_picked":["alterego_mod:BoobPocket+1","alterego_mod:PerceptionDisorder","alterego_mod:Schoolgirl"],"picked":"SKIP","floor":80.0},{"not_picked":["alterego_mod:GoddessCore+1","alterego_mod:Exercise"],"picked":"alterego_mod:Undulate+1","floor":86},{"not_picked":["alterego_mod:Rip+1","alterego_mod:GoddessCore+1"],"picked":"alterego_mod:AlterEgo","floor":88},{"not_picked":["alterego_mod:Mirror+1","alterego_mod:GachaTicket+1","alterego_mod:BoobPocket+1"],"picked":"SKIP","floor":91},{"not_picked":["alterego_mod:DiscoLights+1","alterego_mod:DestructionOfProperty+1","alterego_mod:Punishment"],"picked":"SKIP","floor":96},{"not_picked":["infinitespire:Execution","ReplayTheSpireMod:Black Plague"],"picked":"infinitespire:FutureSight","floor":98},{"not_picked":["alterego_mod:PerceptionDisorder+1","alterego_mod:Mirror+1","alterego_mod:Rip+1"],"picked":"SKIP","floor":98},{"not_picked":["alterego_mod:Lift","alterego_mod:IdEs"],"picked":"alterego_mod:ClassAdvantage","floor":101},{"not_picked":["hubris:Rewind","infinitespire:Starlight"],"picked":"infinitespire:Collect","floor":101},{"not_picked":["alterego_mod:Mirror","alterego_mod:GIGAMILK","Life Link","hubris:ReadiedAction"],"picked":"SKIP","floor":103},{"not_picked":["Perfected Strike","alterego_mod:PresenceConcealment","alterego_mod:Cycle","alterego_mod:Mirror"],"picked":"SKIP","floor":109},{"not_picked":["alterego_mod:Nekomimi","alterego_mod:Clap+1","alterego_mod:GoddessCore","alterego_mod:PainIsPleasure"],"picked":"SKIP","floor":112},{"not_picked":["alterego_mod:Stockings","alterego_mod:Cooking","Flame Barrier"],"picked":"alterego_mod:IdEs","floor":114},{"not_picked":["alterego_mod:Punishment","alterego_mod:1TonWallop+1","Clash+1"],"picked":"Juggernaut","floor":116},{"not_picked":["alterego_mod:Nekomimi","Flex","alterego_mod:Bounce","alterego_mod:PerceptionDisorder"],"picked":"SKIP","floor":120},{"not_picked":["alterego_mod:Cycle","Clothesline+1","ReplayTheSpireMod:Strike From Hell","Wild Strike"],"picked":"SKIP","floor":126},{"not_picked":["alterego_mod:Undulate","Disarm+1","alterego_mod:Cushion+1","Pummel"],"picked":"SKIP","floor":129},{"not_picked":["ReplayTheSpireMod:LeadingStrike","Clothesline+1","alterego_mod:Cooking","alterego_mod:Skirt+1"],"picked":"SKIP","floor":131},{"not_picked":["Body Slam+1","Wild Strike+1","Shockwave+1","Pommel Strike"],"picked":"SKIP","floor":135},{"not_picked":["Evolve","alterego_mod:Clap+1","Spot Weakness","Eclipse"],"picked":"SKIP","floor":136}],"player_experience":1176689,"relics_obtained":[{"floor":3.0,"key":"Pear"},{"floor":6.0,"key":"Pet Ghost"},{"floor":9.0,"key":"Tiny Chest"},{"floor":19.0,"key":"Dota2Spire:EchoSabre"},{"floor":20.0,"key":"infinitespire:Joker Card"},{"floor":24.0,"key":"infinitespire:Bottled Soul"},{"floor":26.0,"key":"aspiration:VileToxins"},{"floor":36.0,"key":"hubris:Teleporter"},{"floor":43.0,"key":"Akabeko"},{"floor":44.0,"key":"Dota2Spire:Satanic"},{"floor":46.0,"key":"Vajra"},{"floor":56.0,"key":"StrikeDummy"},{"floor":60.0,"key":"Dota2Spire:OrchidMalevolence"},{"floor":61.0,"key":"Nunchaku"},{"floor":70.0,"key":"infinitespire:Satchel"},{"floor":72.0,"key":"Dota2Spire:ArmletOfMordiggian"},{"floor":74.0,"key":"Mirror"},{"floor":77.0,"key":"ReplayTheSpireMod:TigerMarble"},{"floor":79.0,"key":"Chameleon Ring"},{"floor":82.0,"key":"Replay:WaspNest"},{"floor":90,"key":"Replay:Kaleidoscope"},{"floor":91,"key":"Matryoshka"},{"floor":94,"key":"Dota2Spire:DrumOfEndurance"},{"floor":94,"key":"Eternal Feather"},{"floor":95,"key":"Bag of Preparation"},{"floor":95,"key":"Dota2Spire:EyeOfSkadi"},{"floor":98,"key":"Guardian:PocketSentry"},{"floor":111,"key":"Dota2Spire:BattleFury"},{"floor":114,"key":"Kunai"},{"floor":116,"key":"infinitespire:ShieldingShard"},{"floor":117,"key":"infinitespire:EmpoweringShard"},{"floor":122,"key":"aspiration:StickyExplosives_weak"},{"floor":131,"key":"Gambling Chip"},{"floor":132,"key":"Shuriken"},{"floor":134,"key":"Bottled Tornado"},{"floor":135,"key":"Torii"}],"event_choices":[{"damage_healed":0.0,"max_hp_gain":0.0,"max_hp_loss":0.0,"gold_gain":0.0,"event_name":"Wheel of Change","player_choice":"Relic","floor":72.0,"gold_loss":0.0,"damage_taken":0.0},{"cards_removed":["Juggernaut"],"damage_healed":0,"gold_gain":0,"player_choice":"Removed Power","damage_taken":0,"max_hp_gain":0,"max_hp_loss":0,"event_name":"Falling","floor":127,"gold_loss":0},{"cards_removed":["alterego_mod:Smother"],"damage_healed":0,"gold_gain":0,"player_choice":"Purged","damage_taken":0,"max_hp_gain":0,"max_hp_loss":0,"event_name":"Purifier","floor":128,"gold_loss":0},{"cards_removed":["Poisoned Stab"],"damage_healed":0,"gold_gain":0,"player_choice":"Card Removal","damage_taken":0,"max_hp_gain":0,"max_hp_loss":0,"event_name":"Wheel of Change","floor":138,"gold_loss":0},{"damage_healed":0,"gold_gain":0,"player_choice":"Ignored","damage_taken":0,"max_hp_gain":0,"max_hp_loss":0,"event_name":"Transmorgrifier","floor":140,"gold_loss":0}],"is_beta":false,"boss_relics":[{"not_picked":["Sozu","hubris:GrandSneckoEye","aspiration:FutureDiary"]},{"not_picked":["Snecko Heart","hubris:BlackHole"],"picked":"Dota2Spire:RefresherOrb"},{"not_picked":["Calling Bell","Replay:Drink Me"],"picked":"Tiny House"},{"not_picked":["Replay:Bronze Core","Painkiller Herb"],"picked":"sneckomod:SneckoTalon"},{"not_picked":["Abe\u0027s Treasure","hubris:ScarierMask"],"picked":"aspiration:BursterCore"},{"not_picked":["Honey Jar","Philosopher\u0027s Stone"],"picked":"aspiration:IroncladSkillbook"},{"not_picked":["aspiration:SecretTechniqueScroll","Velvet Choker"],"picked":"hubris:TerracottaHorce"},{"not_picked":["Fusion Hammer","Cursed Key"],"picked":"aspiration:RunicSpoon"}],"items_purged_floors":[21,54,88,118,139],"is_endless":true,"potions_floor_spawned":[5,7,8,14,16,29,33,39,44,46,50,52,55,69,80,84,90,98,107,114,116,131,136],"killed_by":"infinitespire:LordOfFortification","ascension_level":0}}