{"host":"8fjsnt81u6xsmhji","time":1609921913,"event":{"mods":["BaseMod","Beaked The Cultist","Colored Powertips","Downfall","Glutton Mod","Hermit","Minty Spire (QoL Compilation)","Quick Restart","StSLib","The Bug Knight","The Forsaken","The Hierophant","The Runesmith"],"gold_per_floor":[0,11,21,121,121,8,35,210,210,210,60,75,93,93,110,207,207,207,227,227,240,255,255,255,62,81,81,81,81],"floor_reached":27,"playtime":1481,"items_purged":["Regret","Doubt"],"score":248,"play_id":"68e659a5-9c0f-4fc2-9a61-bac7ae2b2004","local_time":"20210106023153","is_ascension_mode":true,"campfire_choices":[{"floor":1,"key":"RECALL"},{"floor":11,"key":"REST"},{"data":"Slimebound:DuplicatedForm","floor":18,"key":"SMITH"},{"floor":23,"key":"REST"}],"circlet_count":0,"master_deck":["Slimebound:Strike_Slimebound","Slimebound:Strike_Slimebound+1","Slimebound:Tackle","Slimebound:Defend_Slimebound","Slimebound:Defend_Slimebound","Slimebound:Defend_Slimebound+1","Slimebound:Defend_Slimebound","Slimebound:Split","Slimebound:CorrosiveSpit","Slimebound:RejuvenatingLick","Slimebound:FirmFortitude","Slimebound:LivingWall","Slimebound:FinishingTackle","Slimebound:SlimeTap","Slimebound:Prepare","Slimebound:DuplicatedForm+1","Slimebound:FirmFortitude+1","Slimebound:ComboTackle","Slimebound:BestDefense","Slimebound:BestDefense"],"relics":["Slimebound:AbsorbEndCombat","Girya","downfall:ShatteredFragment","downfall:HeartBlessingBlue","downfall:HeartBlessingRed","SacredBark","Blue Candle"],"acts_visited":["Exordium","TheCity"],"potions_floor_usage":[16,21],"damage_taken":[{"damage":7,"enemies":"2 Louse","floor":2,"turns":5},{"damage":11,"enemies":"Jaw Worm","floor":3,"turns":3},{"damage":9,"enemies":"downfall:FleeingMerchant","floor":6,"turns":4},{"damage":0,"enemies":"Small Slimes","floor":12,"turns":3},{"damage":5,"enemies":"3 Louse","floor":13,"turns":3},{"damage":12,"enemies":"Large Slime","floor":15,"turns":5},{"damage":75,"enemies":"downfall:Ironclad","floor":16,"turns":11},{"damage":50,"enemies":"Shell Parasite","floor":19,"turns":6},{"damage":14,"enemies":"Centurion and Healer","floor":21,"turns":7},{"damage":45,"enemies":"Shelled Parasite and Fungi","floor":22,"turns":6},{"damage":15,"enemies":"downfall:FleeingMerchant","floor":25,"turns":4},{"damage":39,"enemies":"Snake Plant","floor":26,"turns":4},{"damage":62,"enemies":"Slavers","floor":27,"turns":3}],"seed_played":"8063612790649163443","potions_obtained":[{"floor":2,"key":"Slimebound:SlimyTonguePotion"},{"floor":13,"key":"SkillPotion"},{"floor":22,"key":"Swift Potion"}],"is_trial":false,"path_per_floor":["R","M","M","?","?","$","T","?","?","?","R","M","M","?","M","B",null,"R","M","?","M","M","R","T","$","M","E"],"character_chosen":"SLIMEBOUND","items_purchased":["Slimebound:FinishingTackle","Slimebound:BestDefense"],"campfire_rested":2,"item_purchase_floors":[6,25],"current_hp_per_floor":[60,60,59,59,59,57,57,57,39,44,75,75,72,72,72,24,75,75,60,60,75,53,75,75,62,48,0,0,0],"gold":81,"neow_bonus":"ONE_RARE_RELIC","is_daily":false,"chose_seed":false,"campfire_upgraded":1,"win_rate":0.0,"timestamp":1609921913,"path_taken":["R","M","M","?","?","?","T","?","?","?","R","?","M","?","M","BOSS","R","M","?","M","M","R","T","$","M","E"],"items_purchased_type":["Card","Card"],"build_version":"2020-12-22","purchased_purges":2,"victory":false,"max_hp_per_floor":[60,60,60,60,60,60,60,60,60,65,75,75,75,75,75,75,75,75,75,75,75,75,75,75,75,75,75,75,75],"card_choices":[{"not_picked":["Slimebound:MegaLick","Slimebound:Schlurp"],"picked":"Slimebound:RejuvenatingLick","floor":2},{"not_picked":["Slimebound:Schlurp","Slimebound:ComboTackle"],"picked":"Slimebound:FirmFortitude","floor":3},{"not_picked":["Slimebound:Teamwork","Slimebound:LeechingTouch"],"picked":"Slimebound:LivingWall","floor":6},{"not_picked":["Slimebound:RainOfGoop","Slimebound:SpikyOuterGoop"],"picked":"Slimebound:SlimeTap","floor":12},{"not_picked":["Slimebound:ComboTackle","Slimebound:LeechingTouch"],"picked":"Slimebound:Prepare","floor":13},{"not_picked":["Slimebound:LeechingTouch","Slimebound:SplitAcid","Slimebound:ComboTackle"],"picked":"SKIP","floor":15},{"not_picked":["Slimebound:DouseInSlime","Slimebound:Teamwork"],"picked":"Slimebound:DuplicatedForm","floor":16},{"not_picked":["Slimebound:PressTheAttack+1","Slimebound:ViciousTackle+1","Slimebound:LeechEnergy+1"],"picked":"SKIP","floor":19},{"not_picked":["Slimebound:SlimeBarrage","Slimebound:HungryTackle"],"picked":"Slimebound:FirmFortitude+1","floor":21},{"not_picked":["Slimebound:ItLooksTasty","Slimebound:PressTheAttack"],"picked":"Slimebound:ComboTackle","floor":22},{"not_picked":["Slimebound:RollThrough","Slimebound:LeechingTouch"],"picked":"Slimebound:BestDefense","floor":25},{"not_picked":["Slimebound:RainOfGoop","Slimebound:Schlurp","Slimebound:FirmFortitude"],"picked":"SKIP","floor":26}],"player_experience":712531,"relics_obtained":[{"floor":24,"key":"Blue Candle"}],"event_choices":[{"damage_healed":0,"gold_gain":0,"player_choice":"Donut","damage_taken":0,"max_hp_gain":5,"max_hp_loss":0,"event_name":"Big Fish","floor":10,"gold_loss":0},{"damage_healed":0,"gold_gain":0,"player_choice":"Ignored","damage_taken":0,"max_hp_gain":0,"max_hp_loss":0,"event_name":"Ghosts","floor":20,"gold_loss":0}],"is_beta":false,"boss_relics":[{"not_picked":["Runesmith:UraniumAnvil","Busted Crown"],"picked":"SacredBark"}],"items_purged_floors":[6,25],"is_endless":false,"potions_floor_spawned":[2,13,22],"killed_by":"Slavers","ascension_level":2}}