{"host":"6pfj0wha12yu6wq3","time":1609956518,"event":{"mods":["BaseMod","Colored Map","Colored Powertips","Curses Come First","DeckTracker","Minty Spire (QoL Compilation)","RNG Fix","Relic Sorter","Relic Stats","StSLib","ojb\u0027s Better Paths Mod","ojb\u0027s Info Mod"],"gold_per_floor":[114,134,153,78,95,120,130,130,153,191,191,205,232,261,261,344,353,377,377,394,50,64,64,98,118,118,146,146,168,168,211,211,296,296,325,325,338,36,60,87,87,124,151,176,126,187,220,234,234,234,234,234,234,20,60,60,60],"floor_reached":56,"playtime":4108,"items_purged":["Strike_G","Strike_G","Strike_G","Strike_G","Strike_G"],"score":2288,"play_id":"e5a50dbd-7777-4736-b42b-8e74aefc6572","local_time":"20210106130838","is_ascension_mode":true,"campfire_choices":[{"data":"Blade Dance","floor":8.0,"key":"SMITH"},{"data":"Accuracy","floor":11.0,"key":"SMITH"},{"data":"Leg Sweep","floor":15.0,"key":"SMITH"},{"data":"Accuracy","floor":23.0,"key":"SMITH"},{"data":"Blade Dance","floor":28.0,"key":"SMITH"},{"data":"Accuracy","floor":30.0,"key":"SMITH"},{"data":"Expertise","floor":32.0,"key":"SMITH"},{"data":"Wraith Form v2","floor":41.0,"key":"SMITH"},{"floor":49.0,"key":"RECALL"},{"data":"Burst","floor":53.0,"key":"SMITH"}],"circlet_count":0,"master_deck":["AscendersBane","Defend_G","Defend_G","Defend_G","Defend_G","Defend_G","Survivor","Neutralize","Blade Dance+1","Accuracy+1","Underhanded Strike","Leg Sweep+1","Adrenaline","Blade Dance+1","Blade Dance","Accuracy+1","Tools of the Trade","CurseOfTheBell","Terror","Accuracy+1","Blade Dance","Well Laid Plans","Expertise+1","Night Terror","Cloak And Dagger+1","Wraith Form v2+1","Cloak And Dagger+1","PiercingWail","Burst+1","Acrobatics","PanicButton","Infinite Blades+1"],"relics":["Coffee Dripper","Ice Cream","CeramicFish","Lantern","Dream Catcher","Calling Bell","Toy Ornithopter","Pantograph","Tingsha","MutagenicStrength","PreservedInsect","Ancient Tea Set","Bottled Lightning","Happy Flower","Bag of Preparation","SlaversCollar","Membership Card","Regal Pillow","Ginger","Smiling Mask","Shovel","Snake Skull","HandDrill","Centennial Puzzle"],"acts_visited":["Exordium","TheCity","TheBeyond","TheEnding"],"potions_floor_usage":[56,56],"damage_taken":[{"damage":0.0,"enemies":"Jaw Worm","floor":1.0,"turns":4.0},{"damage":0.0,"enemies":"Small Slimes","floor":2.0,"turns":4.0},{"damage":0.0,"enemies":"2 Louse","floor":3.0,"turns":3.0},{"damage":18.0,"enemies":"Large Slime","floor":5.0,"turns":5.0},{"damage":0.0,"enemies":"Lagavulin","floor":6.0,"turns":6.0},{"damage":9.0,"enemies":"Lots of Slimes","floor":7.0,"turns":5.0},{"damage":5.0,"enemies":"3 Sentries","floor":10.0,"turns":6.0},{"damage":9.0,"enemies":"Red Slaver","floor":12.0,"turns":2.0},{"damage":0.0,"enemies":"3 Louse","floor":13.0,"turns":2.0},{"damage":9.0,"enemies":"Gremlin Nob","floor":14.0,"turns":3.0},{"damage":8.0,"enemies":"The Guardian","floor":16.0,"turns":11.0},{"damage":0.0,"enemies":"Chosen","floor":18.0,"turns":3.0},{"damage":1.0,"enemies":"2 Thieves","floor":20.0,"turns":3.0},{"damage":17.0,"enemies":"Chosen and Byrds","floor":22.0,"turns":6.0},{"damage":15.0,"enemies":"Slavers","floor":24.0,"turns":4.0},{"damage":0.0,"enemies":"Sentry and Sphere","floor":25.0,"turns":1.0},{"damage":0.0,"enemies":"Gremlin Leader","floor":27.0,"turns":1.0},{"damage":0.0,"enemies":"Snecko","floor":29.0,"turns":3.0},{"damage":10.0,"enemies":"Book of Stabbing","floor":31.0,"turns":3.0},{"damage":14.0,"enemies":"Automaton","floor":33.0,"turns":4.0},{"damage":0.0,"enemies":"3 Darklings","floor":35.0,"turns":2.0},{"damage":0.0,"enemies":"Orb Walker","floor":37.0,"turns":2.0},{"damage":2.0,"enemies":"Sphere and 2 Shapes","floor":39.0,"turns":3.0},{"damage":0.0,"enemies":"Reptomancer","floor":40.0,"turns":2.0},{"damage":0.0,"enemies":"Giant Head","floor":42.0,"turns":4.0},{"damage":1.0,"enemies":"3 Darklings","floor":44.0,"turns":3.0},{"damage":2.0,"enemies":"2 Orb Walkers","floor":46.0,"turns":3.0},{"damage":0.0,"enemies":"Nemesis","floor":47.0,"turns":3.0},{"damage":0.0,"enemies":"Transient","floor":48.0,"turns":6.0},{"damage":49.0,"enemies":"Awakened One","floor":50.0,"turns":8.0},{"damage":9.0,"enemies":"Time Eater","floor":51.0,"turns":5.0},{"damage":4.0,"enemies":"Shield and Spear","floor":55.0,"turns":4.0},{"damage":77,"enemies":"The Heart","floor":56,"turns":8}],"seed_played":"6033204801236930497","potions_obtained":[{"floor":1.0,"key":"DuplicationPotion"},{"floor":6.0,"key":"ColorlessPotion"},{"floor":12.0,"key":"BlessingOfTheForge"},{"floor":14.0,"key":"FearPotion"},{"floor":16.0,"key":"FearPotion"},{"floor":24.0,"key":"AttackPotion"},{"floor":27.0,"key":"Weak Potion"},{"floor":33.0,"key":"Regen Potion"},{"floor":39.0,"key":"LiquidMemories"},{"floor":42.0,"key":"Block Potion"},{"floor":46.0,"key":"EntropicBrew"}],"is_trial":false,"path_per_floor":["M","M","M","$","M","E","M","R","T","E","R","M","M","E","R","B",null,"M","?","M","$","M","R","E","M","T","E","R","M","R","E","R","B",null,"M","T","M","$","M","E","R","E","T","M","$","?","E","M","R","B","B",null,"R","$","E","B"],"character_chosen":"THE_SILENT","items_purchased":["PreservedInsect","Accuracy","Membership Card","Wraith Form v2","PanicButton","LiquidMemories","HandDrill"],"campfire_rested":0,"item_purchase_floors":[21,21,38,38,54,54,54],"current_hp_per_floor":[59,59,59,59,41,41,32,32,32,27,27,18,18,9,9,1,50,55,55,54,54,37,37,27,27,27,27,27,27,27,22,22,33,58,58,58,58,58,56,61,61,61,61,60,60,58,58,58,58,17,62,65,65,65,61,0,0],"gold":60,"neow_bonus":"BOSS_RELIC","is_daily":false,"chose_seed":false,"campfire_upgraded":9,"win_rate":0.0,"timestamp":1609956518,"path_taken":["M","M","M","$","M","E","M","R","T","E","R","M","M","E","R","BOSS","M","?","M","$","M","R","E","M","T","E","R","?","R","E","R","BOSS","M","?","M","$","M","E","R","E","T","M","$","?","E","M","R","BOSS","BOSS","R","$","E","BOSS"],"items_purchased_type":["Relic","Card","Relic","Card","Card","Potion","Relic"],"build_version":"2020-12-22","purchased_purges":5,"victory":false,"max_hp_per_floor":[66,66,66,66,66,66,66,66,66,66,66,66,66,66,66,66,66,66,66,66,66,66,66,66,66,66,66,66,66,66,66,66,66,66,66,66,66,66,66,66,66,66,66,66,66,66,66,66,66,66,66,66,66,66,66,66,66],"relic_stats":{"Regal Pillow":0,"Happy Flower":[21],"counters":[33,132],"CeramicFish":162,"Tingsha":[80],"PreservedInsect":449,"Snake Skull":[0],"Bag of Preparation":[28],"Ginger":[3],"Smiling Mask":63,"Dream Catcher":0,"Centennial Puzzle":[3],"Shovel":0,"Pantograph":63,"HandDrill":[4],"obtain_stats":[{"Ice Cream":6,"Lantern":10,"Regal Pillow":40,"CeramicFish":9,"Snake Skull":47,"Bag of Preparation":31,"Ginger":42,"Ancient Tea Set":24,"Smiling Mask":43,"Dream Catcher":14,"Centennial Puzzle":55,"Shovel":46,"Pantograph":17,"HandDrill":54,"Ring of the Snake":0,"Happy Flower":27,"Tingsha":17,"PreservedInsect":21,"Calling Bell":17,"SlaversCollar":34,"MutagenicStrength":19,"Coffee Dripper":0,"Bottled Lightning":26,"Membership Card":38,"Toy Ornithopter":17},{"Ice Cream":5,"Lantern":7,"Regal Pillow":24,"CeramicFish":6,"Snake Skull":28,"Bag of Preparation":19,"Ginger":25,"Ancient Tea Set":15,"Smiling Mask":25,"Dream Catcher":10,"Centennial Puzzle":32,"Shovel":27,"Pantograph":11,"HandDrill":31,"Ring of the Snake":0,"Happy Flower":17,"Tingsha":11,"PreservedInsect":13,"Calling Bell":11,"SlaversCollar":20,"MutagenicStrength":12,"Coffee Dripper":0,"Bottled Lightning":16,"Membership Card":22,"Toy Ornithopter":11},{"Ice Cream":22,"Lantern":33,"Regal Pillow":88,"CeramicFish":27,"Snake Skull":101,"Bag of Preparation":75,"Ginger":92,"Ancient Tea Set":67,"Smiling Mask":92,"Dream Catcher":40,"Centennial Puzzle":124,"Shovel":98,"Pantograph":51,"HandDrill":120,"Ring of the Snake":0,"Happy Flower":69,"Tingsha":51,"PreservedInsect":57,"Calling Bell":51,"SlaversCollar":79,"MutagenicStrength":54,"Coffee Dripper":0,"Bottled Lightning":68,"Membership Card":83,"Toy Ornithopter":51}],"Toy Ornithopter":45},"card_choices":[{"not_picked":["All Out Attack","Underhanded Strike"],"picked":"Blade Dance","floor":1.0},{"not_picked":["Deadly Poison","Flying Knee"],"picked":"Accuracy","floor":2.0},{"not_picked":["Setup","Slice"],"picked":"Underhanded Strike","floor":3.0},{"not_picked":["Deflect","Dagger Throw"],"picked":"Leg Sweep","floor":5.0},{"not_picked":["Prepared","Deadly Poison"],"picked":"Adrenaline","floor":6.0},{"not_picked":["Underhanded Strike","Cloak And Dagger"],"picked":"Blade Dance","floor":7.0},{"not_picked":["Sucker Punch","Dagger Spray"],"picked":"Blade Dance","floor":10.0},{"not_picked":["Poisoned Stab","Outmaneuver","Prepared"],"picked":"SKIP","floor":12.0},{"not_picked":["Flechettes","Dagger Spray"],"picked":"Accuracy","floor":13.0},{"not_picked":["Masterful Stab","Flying Knee","Dodge and Roll"],"picked":"SKIP","floor":14.0},{"not_picked":["A Thousand Cuts","Grand Finale"],"picked":"Tools of the Trade","floor":16.0},{"not_picked":["Poisoned Stab","Infinite Blades"],"picked":"Terror","floor":18.0},{"not_picked":["Deflect","Catalyst","Bouncing Flask"],"picked":"SKIP","floor":20.0},{"not_picked":["Cloak And Dagger","Caltrops","Blur"],"picked":"SKIP","floor":22.0},{"not_picked":["Cloak And Dagger","Prepared","Heel Hook"],"picked":"SKIP","floor":24.0},{"not_picked":["Bane","Concentrate"],"picked":"Blade Dance","floor":25.0},{"not_picked":["Bane","Blur","Finisher"],"picked":"SKIP","floor":27.0},{"not_picked":["Bane","Blur","Finisher"],"picked":"SKIP","floor":27.0},{"not_picked":["Quick Slash","Outmaneuver"],"picked":"Well Laid Plans","floor":29.0},{"not_picked":["Accuracy+1","Storm of Steel"],"picked":"Expertise","floor":31.0},{"not_picked":["Glass Knife","Unload"],"picked":"Night Terror","floor":33.0},{"not_picked":["Dodge and Roll","Eviscerate"],"picked":"Cloak And Dagger+1","floor":35.0},{"not_picked":["Dagger Throw","Dagger Spray","Choke"],"picked":"SKIP","floor":37.0},{"not_picked":["Flying Knee","Backflip"],"picked":"Cloak And Dagger+1","floor":39.0},{"not_picked":["Outmaneuver","Reflex","Prepared"],"picked":"SKIP","floor":40.0},{"not_picked":["Outmaneuver","Reflex","Prepared"],"picked":"SKIP","floor":40.0},{"not_picked":["Catalyst+1","Underhanded Strike"],"picked":"PiercingWail","floor":42.0},{"not_picked":["Expertise","Poisoned Stab+1"],"picked":"Burst","floor":44.0},{"not_picked":["Accuracy","Calculated Gamble"],"picked":"Acrobatics","floor":46.0},{"not_picked":["Bane+1","Dodge and Roll","Masterful Stab"],"picked":"SKIP","floor":47.0},{"not_picked":["Bouncing Flask+1","Slice","Deflect"],"picked":"SKIP","floor":48.0},{"not_picked":["Blade Dance","Flechettes"],"picked":"Infinite Blades+1","floor":55.0}],"player_experience":111115,"relics_obtained":[{"floor":6.0,"key":"Ice Cream"},{"floor":9.0,"key":"CeramicFish"},{"floor":10.0,"key":"Lantern"},{"floor":14.0,"key":"Dream Catcher"},{"floor":17.0,"key":"Toy Ornithopter"},{"floor":17.0,"key":"Pantograph"},{"floor":17.0,"key":"Tingsha"},{"floor":24.0,"key":"Ancient Tea Set"},{"floor":26.0,"key":"Bottled Lightning"},{"floor":27.0,"key":"Happy Flower"},{"floor":31.0,"key":"Bag of Preparation"},{"floor":40.0,"key":"Regal Pillow"},{"floor":42.0,"key":"Ginger"},{"floor":43.0,"key":"Smiling Mask"},{"floor":46.0,"key":"Shovel"},{"floor":47.0,"key":"Snake Skull"},{"floor":55.0,"key":"Centennial Puzzle"}],"event_choices":[{"damage_healed":0.0,"max_hp_gain":0.0,"max_hp_loss":0.0,"gold_gain":0.0,"event_name":"Drug Dealer","player_choice":"Inject Mutagens","floor":19.0,"gold_loss":0.0,"damage_taken":0.0,"relics_obtained":["MutagenicStrength"]},{"damage_healed":0.0,"max_hp_gain":0.0,"max_hp_loss":0.0,"gold_gain":0.0,"event_name":"Mysterious Sphere","player_choice":"Fight","floor":46.0,"gold_loss":0.0,"damage_taken":0.0}],"is_beta":false,"boss_relics":[{"not_picked":["SacredBark","Busted Crown"],"picked":"Calling Bell"},{"not_picked":["Snecko Eye","Fusion Hammer"],"picked":"SlaversCollar"}],"items_purged_floors":[4,21,38,45,54],"is_endless":false,"potions_floor_spawned":[1,6,12,14,16,24,27,33,39,42,44,46,47],"killed_by":"The Heart","ascension_level":20}}