{"host":"u7y9frlpoazak2mn","time":1609913707,"event":{"mods":["2.2 Compatiblity","AchievementEnabler","Aspiration","BaseMod","Better Match","Better Note","Better Sensory Stone","Better Skull","Colored Powertips","Conspire","Downfall","Energized Spire","GifTheSpireLib","Hermit","Highlight Path","Hubris","Marisa????????","Marked Mod","Mimic Mod","Minty Spire (QoL Compilation)","Permanent Neow","Rare Cards Sparkle","Relic Sorter","Remilia??????","Replay The Spire","Shade Mod","Somnambulant","Spikes Relics","StSLib","Stuff the Spire","The Administrix","The Alterego","The Blue Laboratory","The Construct","The Cursed","The Forsaken","The Hayseed","The Hierophant","The Judge","The Marked","The Runesmith","The Senshi","The Servant 0.9.4","TheBandit","TheVacant","Transform Curses","Unceasing Turn Reminder","Waifu the Spire","everything is the same but u backflip on backflip","slay the spire mod where everything is the same but ironclad has a cowboy hat"],"gold_per_floor":[115,126,51,67,17,52,70,70,97,97,19,38,54,79,79,79,79],"floor_reached":16,"playtime":969,"items_purged":["hermit:Defend_Hermit"],"score":102,"play_id":"1fbcbee1-1ca7-43e4-ad38-f5e70dd78f90","local_time":"20210106011507","is_ascension_mode":false,"campfire_choices":[{"floor":8,"key":"REST"},{"floor":15,"key":"REST"}],"circlet_count":0,"master_deck":["hermit:Strike_Hermit","hermit:Strike_Hermit","hermit:Strike_Hermit","hermit:Strike_Hermit","hermit:Snapshot","hermit:Covet","hermit:TakeCover","hermit:Showdown","hermit:HeroicBravado","hubris:DuctTapeCard","hermit:Headshot","hermit:Determination","hermit:Horror","hermit:Ricochet"],"relics":["hermit:Momento","aspiration:Nostalgia","TheSimpletonMod:TheHarvester","hubris:DuctTape","hubris:TenFootPole","ShockBauble","SnailShell"],"acts_visited":["Exordium"],"potions_floor_usage":[16,16],"damage_taken":[{"damage":0,"enemies":"Small Slimes","floor":1,"turns":3},{"damage":15,"enemies":"Jaw Worm","floor":2,"turns":4},{"damage":0,"enemies":"Cultist","floor":4,"turns":3},{"damage":39,"enemies":"3 Sentries","floor":6,"turns":9},{"damage":13,"enemies":"Exordium Thugs","floor":7,"turns":3},{"damage":14,"enemies":"Exordium Wildlife","floor":12,"turns":4},{"damage":4,"enemies":"2 Fungi Beasts","floor":13,"turns":3},{"damage":52,"enemies":"The Guardian","floor":16,"turns":11}],"seed_played":"1855104756406947887","potions_obtained":[{"floor":2,"key":"Dexterity Potion"},{"floor":4,"key":"LiquidMemories"},{"floor":12,"key":"blueLaboratory:BottledHope"}],"is_trial":false,"path_per_floor":["M","M","$","M","?","E","M","R","T","?","$","M","M","T","R","B"],"character_chosen":"HERMIT","items_purchased":["hermit:Determination"],"campfire_rested":2,"item_purchase_floors":[11],"current_hp_per_floor":[75,60,60,60,60,21,8,30,30,30,30,16,12,12,34,0,0],"gold":79,"neow_bonus":"NOSTALGIA","is_daily":false,"chose_seed":false,"campfire_upgraded":0,"win_rate":0.0,"timestamp":1609913707,"path_taken":["M","M","$","M","?","E","M","R","T","?","$","M","?","?","R","BOSS"],"items_purchased_type":["Card"],"build_version":"2020-12-22","purchased_purges":1,"victory":false,"max_hp_per_floor":[75,75,75,75,75,75,75,75,75,75,75,75,75,75,75,75,75],"card_choices":[{"not_picked":["hermit:SprayPray","hermit:HighCaliber"],"picked":"hermit:TakeCover","floor":1},{"not_picked":["hermit:Glare","hermit:ItchyTrigger"],"picked":"hermit:Showdown","floor":2},{"not_picked":["hermit:Vantage","hermit:TrackingShot"],"picked":"hermit:HeroicBravado","floor":4},{"not_picked":["hermit:LowProfile","hermit:BodyArmor"],"picked":"hermit:Headshot","floor":6},{"not_picked":["hermit:TakeCover","hermit:LowProfile","hermit:Manifest"],"picked":"SKIP","floor":7},{"not_picked":["hermit:BodyArmor","hermit:PistolWhip"],"picked":"hermit:Horror","floor":12},{"not_picked":["hermit:HighCaliber","hermit:Desperado"],"picked":"hermit:Ricochet","floor":13}],"player_experience":324695,"relics_obtained":[{"floor":6,"key":"hubris:DuctTape"},{"floor":9,"key":"hubris:TenFootPole"},{"floor":14,"key":"SnailShell"}],"event_choices":[{"cards_removed":["hermit:Defend_Hermit"],"damage_healed":0,"gold_gain":0,"player_choice":"Card Removal","damage_taken":0,"max_hp_gain":0,"max_hp_loss":0,"event_name":"The Cleric","floor":5,"gold_loss":50},{"damage_healed":0,"gold_gain":0,"player_choice":"Gave Potion","damage_taken":0,"relics_obtained":["ShockBauble"],"max_hp_gain":0,"max_hp_loss":0,"event_name":"WeMeetAgain","floor":10,"gold_loss":0}],"is_beta":false,"boss_relics":[],"items_purged_floors":[3],"is_endless":false,"potions_floor_spawned":[2,4,12],"killed_by":"The Guardian","ascension_level":0}}