{"host":"acpsw8r33r8788yr","time":1609955871,"event":{"mods":["Act Like it!","BaseMod","Better Altar","Better Skull","Better Third Choice","BetterRewards","ChefMod","Colored Map","Downfall","Gensokyo","Hermit","Highlight Path","Hubris","Infinite Spire","Jorbs\u0027s Wanderer Trilogy","Minty Spire (QoL Compilation)","Quick Restart","Replay The Spire","Shop Mod","StSLib","The Animator","The Bug Knight","The Cursed","The Disciple","The Hierophant","The Runesmith","The Senshi"],"gold_per_floor":[99,99,99,99,124,169,195,255,287,303,318,318,375,375,375,375],"floor_reached":14,"playtime":786,"items_purged":[],"score":88,"play_id":"7a8948a2-1640-46eb-a2d8-40655b421f32","local_time":"20210106095751","is_ascension_mode":false,"campfire_choices":[{"data":"champ:Taunt","floor":1,"key":"SMITH"},{"data":"champ:EndlessRage","floor":12,"key":"SMITH"}],"circlet_count":0,"master_deck":["champ:Strike","champ:Strike","champ:Strike","champ:Strike","champ:Defend","champ:Defend","champ:Defend","champ:Defend","champ:Execute","champ:Taunt+1","Sickly","champ:GladiatorsShout","champ:GutPunch","champ:EndlessRage+1","champ:AdrenalArmor","champ:Encircle","champ:BringItOn"],"relics":["champ:ChampionCrown","champ:LiftRelic","ReplayTheSpireMod:Ring of Challenge","Ring of Panic","Bronze Scales","ReplayFunnel","Golden Egg"],"acts_visited":["Exordium"],"potions_floor_usage":[13],"damage_taken":[{"damage":0,"enemies":"Cultist","floor":6,"turns":1},{"damage":5,"enemies":"Small Slimes","floor":8,"turns":3},{"damage":85,"enemies":"Lagavulin","floor":9,"turns":7},{"damage":3,"enemies":"Jaw Worm","floor":10,"turns":3},{"damage":5,"enemies":"Exordium Wildlife","floor":11,"turns":2},{"damage":36,"enemies":"2 Fungi Beasts","floor":13,"turns":4},{"damage":28,"enemies":"HollowMod:MossKnight","floor":14,"turns":7}],"seed_played":"5107988704998529502","potions_obtained":[{"floor":8,"key":"Weak Potion"},{"floor":10,"key":"Dexterity Potion"},{"floor":11,"key":"Guardian:BlockOnCardUsePotion"}],"is_trial":false,"path_per_floor":["R","?","?","?","T","M","T","M","E","M","M","R","M","E"],"character_chosen":"THE_CHAMP","items_purchased":[],"campfire_rested":0,"item_purchase_floors":[],"current_hp_per_floor":[99,99,99,99,99,99,99,99,37,37,37,37,12,0,0,0],"gold":375,"neow_bonus":"TEN_PERCENT_HP_BONUS","is_daily":false,"chose_seed":false,"campfire_upgraded":2,"win_rate":0.0,"timestamp":1609955871,"path_taken":["R","?","?","?","?","?","T","M","E","M","M","R","M","E"],"items_purchased_type":[],"build_version":"2020-12-22","purchased_purges":0,"victory":false,"max_hp_per_floor":[99,99,99,99,99,99,99,99,99,99,99,99,99,99,99,99],"card_choices":[{"not_picked":["champ:Lariat","champ:FalseCounter"],"picked":"champ:GladiatorsShout","floor":6},{"not_picked":["champ:ShieldSlam","champ:PerfectedStrike"],"picked":"champ:GutPunch","floor":8},{"not_picked":["champ:FlashCut","champ:FightOn"],"picked":"champ:EndlessRage","floor":9},{"not_picked":["champ:BerserkersShout","champ:GutPunch"],"picked":"champ:AdrenalArmor","floor":10},{"not_picked":["champ:FightOn","champ:AdrenalArmor"],"picked":"champ:Encircle","floor":11},{"not_picked":["champ:RecklessLeap","champ:BerserkersShout"],"picked":"champ:BringItOn","floor":13}],"player_experience":413262,"relics_obtained":[{"floor":4,"key":"ReplayTheSpireMod:Ring of Challenge"},{"floor":4,"key":"Ring of Panic"},{"floor":5,"key":"Bronze Scales"},{"floor":7,"key":"ReplayFunnel"},{"floor":9,"key":"Golden Egg"}],"event_choices":[],"is_beta":false,"boss_relics":[],"items_purged_floors":[],"is_endless":false,"potions_floor_spawned":[8,10,11],"killed_by":"HollowMod:MossKnight","ascension_level":0}}