{"host":"f5ezd1v29dtbwkzo","time":1609923579,"event":{"mods":["2.2 Compatiblity","BaseMod","Hermit","Hubris","Infinite Spire","Minty Spire (QoL Compilation)","Rare Cards Sparkle","Replay The Spire","StSLib"],"gold_per_floor":[115,128,128,142,153,153,0,0,23,23,23,23],"floor_reached":11,"playtime":315,"items_purged":[],"score":63,"play_id":"e7db256e-d2a2-489a-994f-e2dd1d420292","local_time":"20210106115939","is_ascension_mode":false,"campfire_choices":[{"floor":6,"key":"DIG"},{"data":"Searing Blow","floor":8,"key":"SMITH"}],"circlet_count":0,"master_deck":["Strike_R","Strike_R","Strike_R","Strike_R","Strike_R","Defend_R","Defend_R","Defend_R","Defend_R","Bash","Wild Strike","Searing Blow+1","hubris:ReadiedAction"],"relics":["Burning Blood","Replay:Multitool","Potion Belt","Bag of Marbles","hubris:Icosahedron"],"acts_visited":["Exordium"],"potions_floor_usage":[5],"damage_taken":[{"damage":0,"enemies":"2 Louse","floor":1,"turns":3},{"damage":5,"enemies":"Small Slimes","floor":2,"turns":3},{"damage":5,"enemies":"Cultist","floor":4,"turns":4},{"damage":3,"enemies":"Large Slime","floor":5,"turns":6},{"damage":81,"enemies":"Lagavulin","floor":11,"turns":8}],"seed_played":"-5357115342586353644","potions_obtained":[{"floor":2,"key":"Fire Potion"},{"floor":4,"key":"Elixir"}],"is_trial":false,"path_per_floor":["M","M","?","M","M","R","$","R","T","?","E"],"character_chosen":"IRONCLAD","items_purchased":["Bag of Marbles"],"campfire_rested":0,"item_purchase_floors":[7],"current_hp_per_floor":[80,80,73,74,77,77,77,77,77,77,0,0],"gold":23,"neow_bonus":"ONE_RARE_RELIC","is_daily":false,"chose_seed":false,"campfire_upgraded":1,"win_rate":0.0,"timestamp":1609923579,"path_taken":["M","M","?","M","M","R","$","R","T","?","E"],"items_purchased_type":["Relic"],"build_version":"2020-12-22","purchased_purges":0,"victory":false,"max_hp_per_floor":[80,80,80,80,80,80,80,80,80,80,80,80],"card_choices":[{"not_picked":["ReplayTheSpireMod:Strike From Hell","Entrench"],"picked":"Wild Strike","floor":1},{"not_picked":["Run Through","Havoc"],"picked":"Searing Blow","floor":2},{"not_picked":["Sword Boomerang","Havoc","Clothesline"],"picked":"SKIP","floor":4},{"not_picked":["Whirlwind","Life Link"],"picked":"hubris:ReadiedAction","floor":5}],"player_experience":354788,"relics_obtained":[{"floor":6,"key":"Potion Belt"}],"event_choices":[{"cards_removed":["ReplayTheSpireMod:Restless Dread"],"damage_healed":0,"gold_gain":0,"player_choice":"Card Removal","damage_taken":7,"max_hp_gain":0,"max_hp_loss":0,"event_name":"Golden Wing","floor":3,"gold_loss":0}],"is_beta":false,"boss_relics":[],"items_purged_floors":[],"is_endless":false,"potions_floor_spawned":[2,4],"killed_by":"Lagavulin","ascension_level":0}}