{"host":"uxq2rly8rxtwffuf","time":1609941367,"event":{"mods":["BaseMod","Koishi","Minty Spire (QoL Compilation)","StSLib","The Judge","The Servant 0.9.4"],"gold_per_floor":[117,117,117,130,155,155,186,186,212,212,236,236,251,271,271,401,401,426,426,441,64,80,80,80,80],"floor_reached":24,"playtime":1160,"items_purged":["Eviscerate"],"score":317,"play_id":"f2a6fdc9-c9d7-4409-9a26-56cd732ade6e","local_time":"20210106165607","is_ascension_mode":true,"campfire_choices":[{"floor":6,"key":"REST"},{"floor":8,"key":"REST"},{"floor":12,"key":"REST"},{"floor":15,"key":"REST"},{"floor":23,"key":"RECALL"}],"circlet_count":0,"master_deck":["AscendersBane","Survivor","Neutralize","Skewer","Infinite Blades+1","Envenom+1","Blade Dance","Dash","A Thousand Cuts","Grand Finale","Masterful Stab","Endless Agony","Bane","Cloak And Dagger","Adrenaline","Blur","Burst","Night Terror","Outmaneuver"],"relics":["Ring of the Snake","Golden Idol","Happy Flower","Toy Ornithopter","Pandora\u0027s Box","Blood Vial","Anchor"],"acts_visited":["Exordium","TheCity"],"potions_floor_usage":[7,11,16,18,22],"damage_taken":[{"damage":8,"enemies":"2 Louse","floor":1,"turns":4},{"damage":0,"enemies":"Jaw Worm","floor":4,"turns":4},{"damage":2,"enemies":"Small Slimes","floor":5,"turns":4},{"damage":32,"enemies":"3 Sentries","floor":7,"turns":10},{"damage":9,"enemies":"Gremlin Gang","floor":11,"turns":3},{"damage":4,"enemies":"Looter","floor":13,"turns":4},{"damage":14,"enemies":"Lots of Slimes","floor":14,"turns":4},{"damage":22,"enemies":"The Guardian","floor":16,"turns":10},{"damage":12,"enemies":"Shell Parasite","floor":18,"turns":3},{"damage":0,"enemies":"Spheric Guardian","floor":20,"turns":3},{"damage":18,"enemies":"Snake Plant","floor":22,"turns":4},{"damage":73,"enemies":"Book of Stabbing","floor":24,"turns":5}],"seed_played":"3663708462719183161","potions_obtained":[{"floor":1,"key":"LiquidBronze"},{"floor":10,"key":"FairyPotion"},{"floor":10,"key":"ColorlessPotion"},{"floor":14,"key":"Strength Potion"},{"floor":16,"key":"CunningPotion"},{"floor":18,"key":"DistilledChaos"}],"is_trial":false,"path_per_floor":["M","?","?","M","M","R","E","R","T","?","M","R","M","M","R","B",null,"M","?","M","$","M","R","E"],"character_chosen":"THE_SILENT","items_purchased":["Blood Vial","Anchor"],"campfire_rested":4,"item_purchase_floors":[21,21],"current_hp_per_floor":[55,38,24,24,22,43,11,32,32,32,28,49,45,31,52,35,61,54,54,54,54,43,43,0,0],"gold":80,"neow_bonus":"THREE_CARDS","is_daily":false,"chose_seed":false,"campfire_upgraded":0,"win_rate":0.0,"timestamp":1609941367,"path_taken":["M","?","?","M","M","R","E","R","T","?","M","R","M","?","R","BOSS","M","?","M","$","M","R","E"],"items_purchased_type":["Relic","Relic"],"build_version":"2020-12-22","purchased_purges":1,"victory":false,"max_hp_per_floor":[70,70,70,70,70,70,70,70,70,70,70,70,70,70,70,70,70,70,70,70,70,70,70,70,70],"card_choices":[{"not_picked":["Deflect","Dagger Spray"],"picked":"Skewer","floor":0},{"not_picked":["Calculated Gamble","Catalyst"],"picked":"Infinite Blades","floor":1},{"not_picked":["Dagger Spray","PiercingWail","Bane"],"picked":"SKIP","floor":4},{"not_picked":["Flying Knee","Setup"],"picked":"Envenom","floor":5},{"not_picked":["Masterful Stab","Dagger Throw"],"picked":"Blade Dance","floor":7},{"not_picked":["Flying Knee","Concentrate","Tactician"],"picked":"SKIP","floor":11},{"not_picked":["Slice","Sucker Punch"],"picked":"Dash","floor":13},{"not_picked":["PiercingWail","Bane","Deadly Poison"],"picked":"SKIP","floor":14},{"not_picked":["Wraith Form v2","Night Terror"],"picked":"A Thousand Cuts","floor":16},{"not_picked":["Poisoned Stab","Predator","Backflip"],"picked":"SKIP","floor":18},{"not_picked":["Poisoned Stab","Calculated Gamble","Sucker Punch+1"],"picked":"SKIP","floor":20},{"not_picked":["Deadly Poison","Setup"],"picked":"Outmaneuver","floor":22}],"player_experience":1380341,"relics_obtained":[{"floor":7,"key":"Happy Flower"},{"floor":9,"key":"Toy Ornithopter"}],"event_choices":[{"damage_healed":0,"gold_gain":0,"player_choice":"Take Damage","damage_taken":17,"relics_obtained":["Golden Idol"],"max_hp_gain":0,"max_hp_loss":0,"event_name":"Golden Idol","floor":2,"gold_loss":0},{"damage_healed":0,"gold_gain":0,"player_choice":"Entered Light","damage_taken":14,"max_hp_gain":0,"max_hp_loss":0,"event_name":"Shining Light","floor":3,"gold_loss":0,"cards_upgraded":["Infinite Blades","Defend_G"]},{"damage_healed":0,"gold_gain":0,"player_choice":"Got Potions","damage_taken":0,"max_hp_gain":0,"max_hp_loss":0,"event_name":"Lab","floor":10,"gold_loss":0},{"damage_healed":0,"gold_gain":0,"player_choice":"Upgraded","damage_taken":0,"max_hp_gain":0,"max_hp_loss":0,"event_name":"Upgrade Shrine","floor":19,"gold_loss":0,"cards_upgraded":["Envenom"]}],"is_beta":false,"boss_relics":[{"not_picked":["Calling Bell","Coffee Dripper"],"picked":"Pandora\u0027s Box"}],"items_purged_floors":[21],"is_endless":false,"potions_floor_spawned":[1,14,16,18,20],"killed_by":"Book of Stabbing","ascension_level":12}}