{"host":"n7mxhpjy89lltbhc","time":1609945162,"event":{"mods":["2.2 Compatiblity","Act Like it!","Bard","BaseMod","Better Match","Better Sensory Stone","Better Synergies","Better Third Choice","Better Vampires","BetterRewards","Challenge The Spire","Colored Map","Colored Powertips","Downfall","Gensokyo","Hubris","Infinite Spire","Jedi Mod","Marisa????????","Marked Mod","Minty Spire (QoL Compilation)","Permanent Neow","Rare Cards Sparkle","Relic Sorter","Relic Stats","Replay The Spire","Shop Mod","Small Relic Pack","Spicy Shops","StSLib","Strawberry Spire","The Blue Laboratory","The Disciple","The Marked","The Servant 0.9.4","Uncapped","Waifu the Spire","Wandering Minibosses","vexMod"],"gold_per_floor":[109,36,54,73,84,110,122,156,181,56,70,70,70,97,97,172,172,189,65,84,34,34,63,63,90,90,108,126,158,158,158,158,232,232,252,266,279,279,279,305,325,342,342,342,342,342,342,372,372,372,372],"floor_reached":52,"playtime":2195,"items_purged":[],"score":2080,"play_id":"2a02deba-3e24-4a73-ac40-64e2e945fa39","local_time":"25640106215922","is_ascension_mode":true,"campfire_choices":[{"floor":12,"key":"REST"},{"data":"OortCloud","floor":15,"key":"SMITH"},{"data":"MilkyWay","floor":24,"key":"SMITH"},{"data":"MilkyWay","floor":30,"key":"SMITH"},{"data":"MilkyWay","floor":32,"key":"SMITH"},{"data":"EarthLightRay","floor":44,"key":"SMITH"},{"floor":46,"key":"REST"},{"data":"AsteroidBelt","floor":49,"key":"SMITH"}],"circlet_count":0,"master_deck":["AscendersBane","Strike_MRS","Strike_MRS","Defend_MRS","Defend_MRS","Defend_MRS","Defend_MRS","MasterSpark","UpSweep","MaximisePower","OortCloud+1","GrandCross+1","NonDirectionalLaser","TreasureHunter","AsteroidBelt+1","MeteoricShower","FairyDestructionRay+1","NonDirectionalLaser+1","MilkyWay+1","hubris:DuctTapeCard+2","UltimateShortwave+1","AlicesGift+1","UltimateShortwave","ShootingEcho+1","MilkyWay+1","MachineGunSpark+1","MilkyWay+1","CollectingQuirk+1","CurseOfTheBell","Guardian:StasisStrike+1","Acceleration+1","EarthLightRay+1","Acceleration+1","Acceleration+1"],"relics":["MiniHakkero","hubris:Icosahedron","Molten Egg 2","Meat on the Bone","hubris:DuctTape","Anchor","Smiling Mask","infinitespire:Broken Mirror","jedi:hotpepper","HandmadeGrimoire","Quantum Egg","Question Card","relicPack:DarknessArmor","Mango","wanderingMiniBosses:CarrionFlame","vexMod:PlasmaPancake","hubris:DisguiseKit","Gensokyo:SongOfSouls","Calling Bell","jedi:arcanewood","infinitespire:FocusingShard","hubris:Zylophone","relicPack:OneForAll","Replay:Bottled Steam","jedi:Pinwheel","Toxic Egg 2","InkBottle"],"acts_visited":["Gensokyo:Gensokyo","Gensokyo:Gensokyoer","Gensokyo:Gensokyoest"],"potions_floor_usage":[8,16,27,48],"damage_taken":[{"damage":3,"enemies":"Gensokyo:Gryphon","floor":1,"turns":3},{"damage":8,"enemies":"Gensokyo:2_Kodama","floor":3,"turns":6},{"damage":9,"enemies":"Gensokyo:3_Fairies","floor":4,"turns":5},{"damage":3,"enemies":"Gensokyo:VengefulSpirit","floor":5,"turns":5},{"damage":7,"enemies":"Gensokyo:Mamizou","floor":6,"turns":10},{"damage":9,"enemies":"Gensokyo:2_Rabbits","floor":7,"turns":3},{"damage":16,"enemies":"Gensokyo:Aya","floor":8,"turns":6},{"damage":0,"enemies":"Gensokyo:LivingMonolith","floor":11,"turns":2},{"damage":6,"enemies":"Gensokyo:Mamizou","floor":14,"turns":7},{"damage":7,"enemies":"Gensokyo:Yukari","floor":16,"turns":5},{"damage":0,"enemies":"Gensokyo:Chomper","floor":18,"turns":2},{"damage":7,"enemies":"Gensokyo:AngelMirror","floor":20,"turns":3},{"damage":21,"enemies":"Gensokyo:Tenshi","floor":23,"turns":4},{"damage":16,"enemies":"Gensokyo:Koishi","floor":25,"turns":4},{"damage":2,"enemies":"Gensokyo:Monolith_and_Dog","floor":27,"turns":7},{"damage":13,"enemies":"Gensokyo:Slime_Group","floor":28,"turns":2},{"damage":18,"enemies":"Gensokyo:Tenshi","floor":29,"turns":3},{"damage":31,"enemies":"Gensokyo:Eternal_Rivals","floor":33,"turns":10},{"damage":16,"enemies":"Gensokyo:3_Boulders","floor":35,"turns":3},{"damage":14,"enemies":"Gensokyo:AncientGuardian","floor":36,"turns":5},{"damage":0,"enemies":"Gensokyo:AtlasGolem","floor":37,"turns":2},{"damage":0,"enemies":"Gensokyo:Kasen","floor":40,"turns":1},{"damage":0,"enemies":"Gensokyo:3_Boulders","floor":41,"turns":2},{"damage":34,"enemies":"Gensokyo:Rafflesia","floor":42,"turns":5},{"damage":0,"enemies":"Gensokyo:Marisa","floor":48,"turns":1},{"damage":22,"enemies":"Gensokyo:Shinki","floor":50,"turns":6},{"damage":0,"enemies":"Gensokyo:Scarlet_Devils","floor":51,"turns":2}],"seed_played":"-7664259026857575926","potions_obtained":[{"floor":4,"key":"Explosive Potion"},{"floor":5,"key":"blueLaboratory:PhilterOfMotion"},{"floor":7,"key":"Strength Potion"},{"floor":8,"key":"Venom Potion"},{"floor":20,"key":"Regen Potion"},{"floor":25,"key":"DistilledChaos"},{"floor":28,"key":"Venom Potion"},{"floor":35,"key":"blueLaboratory:HorrorPotion"},{"floor":42,"key":"Swift Potion"}],"is_trial":false,"path_per_floor":["M","COS","M","M","M","E","M","E","T","?","M","R","$","E","R","B",null,"M","COS","M","?","?","E","R","E","T","M","M","E","R","?","R","B",null,"M","M","M","?","?","E","M","M","T","R","?","R","?","E","R","B","B",null],"character_chosen":"MARISA","items_purchased":[],"campfire_rested":2,"item_purchase_floors":[],"current_hp_per_floor":[60,60,52,43,40,33,24,8,8,8,20,41,41,47,47,40,49,49,49,42,46,46,37,37,33,33,38,40,34,34,34,34,15,53,37,35,35,35,35,35,35,17,17,17,17,36,36,36,36,32,38],"gold":372,"neow_bonus":"ONE_RANDOM_RARE_CARD","is_daily":false,"chose_seed":false,"campfire_upgraded":6,"win_rate":0.0,"timestamp":1609945162,"path_taken":["M","COS","M","?","M","E","M","E","T","?","?","R","$","E","R","BOSS","M","COS","M","?","?","E","R","E","T","M","?","E","R","?","R","BOSS","M","M","M","?","?","E","M","M","T","R","?","R","?","E","R","BOSS","BOSS"],"items_purchased_type":[],"build_version":"2020-12-22","purchased_purges":0,"victory":true,"max_hp_per_floor":[70,70,70,70,70,70,70,70,70,70,70,70,70,70,70,70,52,52,52,52,56,56,56,56,56,56,63,66,66,66,66,66,66,66,66,66,66,66,66,66,66,66,66,66,66,66,66,66,66,66,66],"relic_stats":{"counters":[27,114],"Smiling Mask":0,"Question Card":15,"obtain_stats":[{"vexMod:PlasmaPancake":28,"Mango":27,"relicPack:DarknessArmor":26,"jedi:Pinwheel":43,"Smiling Mask":14,"relicPack:OneForAll":38,"Frozen Eye":25,"hubris:Icosahedron":47,"HandmadeGrimoire":22,"Toxic Egg 2":48,"InkBottle":48,"Gensokyo:SongOfSouls":31,"Replay:Bottled Steam":40,"jedi:command_uncommon":22,"hubris:DisguiseKit":29,"hubris:DuctTape":8,"Quantum Egg":23,"infinitespire:FocusingShard":34,"Question Card":25,"Calling Bell":34,"hubris:Zylophone":34,"Anchor":9,"jedi:hotpepper":17,"wanderingMiniBosses:CarrionFlame":27,"infinitespire:Broken Mirror":14,"Molten Egg 2":6,"MiniHakkero":0,"jedi:arcanewood":34,"Meat on the Bone":8},{"vexMod:PlasmaPancake":16,"Mango":15,"relicPack:DarknessArmor":14,"jedi:Pinwheel":24,"Smiling Mask":9,"relicPack:OneForAll":21,"Frozen Eye":13,"hubris:Icosahedron":24,"HandmadeGrimoire":12,"Toxic Egg 2":25,"InkBottle":25,"Gensokyo:SongOfSouls":17,"Replay:Bottled Steam":22,"jedi:command_uncommon":12,"hubris:DisguiseKit":17,"hubris:DuctTape":7,"Quantum Egg":13,"infinitespire:FocusingShard":18,"Question Card":14,"Calling Bell":18,"hubris:Zylophone":18,"Anchor":7,"jedi:hotpepper":10,"wanderingMiniBosses:CarrionFlame":15,"infinitespire:Broken Mirror":9,"Molten Egg 2":5,"MiniHakkero":0,"jedi:arcanewood":18,"Meat on the Bone":7},{"vexMod:PlasmaPancake":73,"Mango":66,"relicPack:DarknessArmor":65,"jedi:Pinwheel":105,"Smiling Mask":47,"relicPack:OneForAll":97,"Frozen Eye":61,"hubris:Icosahedron":105,"HandmadeGrimoire":57,"Toxic Egg 2":106,"InkBottle":106,"Gensokyo:SongOfSouls":77,"Replay:Bottled Steam":98,"jedi:command_uncommon":57,"hubris:DisguiseKit":77,"hubris:DuctTape":38,"Quantum Egg":61,"infinitespire:FocusingShard":87,"Question Card":65,"Calling Bell":87,"hubris:Zylophone":87,"Anchor":38,"jedi:hotpepper":52,"wanderingMiniBosses:CarrionFlame":72,"infinitespire:Broken Mirror":47,"Molten Egg 2":29,"MiniHakkero":0,"jedi:arcanewood":87,"Meat on the Bone":38}],"InkBottle":[3],"Meat on the Bone":120},"card_choices":[{"not_picked":["UnstableBomb","SporeBomb"],"picked":"OortCloud","floor":1},{"not_picked":["ShootingEcho+1","PropBag+1"],"picked":"GrandCross+1","floor":3},{"not_picked":["Acceleration","IllusionStar"],"picked":"NonDirectionalLaser","floor":3},{"not_picked":["StarDustReverie","EscapeVelocity"],"picked":"TreasureHunter","floor":4},{"not_picked":["NonDirectionalLaser","DC"],"picked":"AsteroidBelt","floor":4},{"not_picked":["GalacticHalo","WitchOfGreed"],"picked":"MeteoricShower","floor":5},{"not_picked":["ShootingEcho+1","PowerUp"],"picked":"FairyDestructionRay+1","floor":6},{"not_picked":["GrandCross+1","AsteroidBelt"],"picked":"NonDirectionalLaser+1","floor":7},{"not_picked":["SporeBomb","DarkSpark+1"],"picked":"MilkyWay","floor":8},{"not_picked":["BlazingStar+1","AbsoluteMagnitude+1"],"picked":"UltimateShortwave+1","floor":10},{"not_picked":["SprinkleStarSeal","UnstableBomb+1"],"picked":"AlicesGift+1","floor":11},{"not_picked":["GasGiant","FairyDestructionRay+1","MilkyWay"],"picked":"SKIP","floor":14},{"not_picked":["EscapeVelocity","SuperNova"],"picked":"UltimateShortwave","floor":16},{"not_picked":["OrrerysSun","OneTimeOff"],"picked":"ShootingEcho+1","floor":18},{"not_picked":["DC+1","ManaConvection"],"picked":"MilkyWay","floor":20},{"not_picked":["IllusionStar","AsteroidBelt"],"picked":"MachineGunSpark+1","floor":23},{"not_picked":["DC+1","IllusionStar"],"picked":"MilkyWay","floor":25},{"not_picked":["BigCrunch","ShootTheMoon+1","ShootingEcho+1","Orbital"],"picked":"SKIP","floor":27},{"not_picked":["SporeBomb","DC+1","DoubleSpark+1","DragonMeteor+1"],"picked":"SKIP","floor":28},{"not_picked":["ChargingUp","LuminesStrike+1","ManaConvection","SporeBomb"],"picked":"SKIP","floor":29},{"not_picked":["ChargingUp","LuminesStrike+1","ManaConvection","SporeBomb"],"picked":"SKIP","floor":29},{"not_picked":["ManaRampage","FinalSpark+1","TreasureHunter+1","Guardian:TimeSifter"],"picked":"CollectingQuirk+1","floor":33},{"not_picked":["LuminesStrike+1","WitchLeyline+1","WitchOfGreed+1","ShootingEcho+1"],"picked":"Guardian:StasisStrike","floor":35},{"not_picked":["DoubleSpark+1","WitchOfGreed","Acceleration+1","MaximisePower","Guardian:VentSteam"],"picked":"SKIP","floor":36},{"not_picked":["DoubleSpark+1","WitchOfGreed","MaximisePower","Guardian:VentSteam"],"picked":"Acceleration+1","floor":36},{"not_picked":["ShootingEcho+1","WitchLeyline+1","MysteriousBeam+1","WitchOfGreed+1","Guardian:Gem_Fragmented"],"picked":"SKIP","floor":37},{"not_picked":["DarkMatter","LuminesStrike+1","MysteriousBeam+1","DC+1","Guardian:Planning"],"picked":"SKIP","floor":40},{"not_picked":["DarkMatter","LuminesStrike+1","MysteriousBeam+1","DC+1","Guardian:Planning"],"picked":"SKIP","floor":40},{"not_picked":["UltimateShortwave","DoubleSpark+1","IllusionStar","Guardian:CrystalBeam"],"picked":"EarthLightRay","floor":41},{"not_picked":["Singularity","Acceleration+1","SatelliteIllusion","UnstableBomb+1","Guardian:Gem_Green"],"picked":"SKIP","floor":42},{"not_picked":["Singularity","SatelliteIllusion","UnstableBomb+1","Guardian:Gem_Green"],"picked":"Acceleration+1","floor":42},{"not_picked":["GravityBeat+1","NonDirectionalLaser+1","MilkyWay+1","Guardian:Gem_Yellow"],"picked":"Acceleration+1","floor":48}],"player_experience":1037758,"relics_obtained":[{"floor":6,"key":"Molten Egg 2"},{"floor":8,"key":"Meat on the Bone"},{"floor":8,"key":"hubris:DuctTape"},{"floor":9,"key":"Anchor"},{"floor":14,"key":"Smiling Mask"},{"floor":14,"key":"infinitespire:Broken Mirror"},{"floor":23,"key":"Quantum Egg"},{"floor":25,"key":"Question Card"},{"floor":26,"key":"relicPack:DarknessArmor"},{"floor":27,"key":"wanderingMiniBosses:CarrionFlame"},{"floor":29,"key":"hubris:DisguiseKit"},{"floor":34,"key":"jedi:arcanewood"},{"floor":34,"key":"infinitespire:FocusingShard"},{"floor":34,"key":"hubris:Zylophone"},{"floor":40,"key":"Replay:Bottled Steam"},{"floor":43,"key":"jedi:Pinwheel"},{"floor":48,"key":"Toxic Egg 2"},{"floor":48,"key":"InkBottle"}],"event_choices":[{"damage_healed":0,"gold_gain":0,"player_choice":"2","damage_taken":0,"max_hp_gain":0,"max_hp_loss":0,"event_name":"betterMatch:BetterMatch","floor":10,"gold_loss":0,"cards_obtained":["betterMatch:RareCard"]}],"is_beta":false,"boss_relics":[{"not_picked":["Tiny House","Velvet Choker"],"picked":"jedi:hotpepper"},{"not_picked":["Snecko Heart","BewitchedHakkero"],"picked":"Calling Bell"}],"items_purged_floors":[],"is_endless":false,"potions_floor_spawned":[4,5,7,8,20,25,28,35,37,42],"ascension_level":20}}