{"host":"h4lp0eeso8a0ssq0","time":1609918508,"event":{"mods":["2.2 Compatiblity","AchievementEnabler","BaseMod","CapriCore","Colored Map","Minty Spire (QoL Compilation)","StSLib","SuperFastMode"],"gold_per_floor":[114,128,128,128,143,170,187,201,228,240,240,128,128,139,139,238,238,256,4,18,18,38,38,57,77,124,159,179,198,198,212,212,316,366,386,386,386,386,116,147,2,14,38,56,56,69,97,124,124,124,124,124,48,76,76,76],"floor_reached":55,"playtime":1428,"items_purged":["Strike_B","Strike_B","Zap"],"score":755,"play_id":"2373a435-af88-4e37-b1d0-3327beaaff5d","local_time":"20210106163508","is_ascension_mode":false,"campfire_choices":[{"data":"Doom and Gloom","floor":11.0,"key":"SMITH"},{"data":"Sunder","floor":13.0,"key":"SMITH"},{"floor":15.0,"key":"REST"},{"data":"Meteor Strike","floor":23.0,"key":"SMITH"},{"floor":30.0,"key":"REST"},{"floor":32.0,"key":"RECALL"},{"data":"Buffer","floor":49,"key":"SMITH"},{"data":"Meteor Strike","floor":52,"key":"SMITH"}],"circlet_count":0,"master_deck":["Strike_B+1","Defend_B","Defend_B+1","Defend_B","Defend_B","Dualcast","Fusion","Doom and Gloom+1","Sunder+1","Echo Form","Meteor Strike+1","Hyperbeam+1","Buffer+1","Meteor Strike+1","Reprogram+1","Fusion"],"relics":["Snecko Eye","Mercury Hourglass","Lantern","Inserter","Blood Vial","Whetstone","Vajra","Tiny House","HandDrill","Boot","Unceasing Top","CeramicFish","Nunchaku"],"acts_visited":["Exordium","TheCity","TheBeyond","TheEnding"],"potions_floor_usage":[55,55],"damage_taken":[{"damage":6.0,"enemies":"Jaw Worm","floor":1.0,"turns":2.0},{"damage":3.0,"enemies":"2 Louse","floor":2.0,"turns":3.0},{"damage":1.0,"enemies":"Cultist","floor":5.0,"turns":3.0},{"damage":20.0,"enemies":"Lagavulin","floor":6.0,"turns":9.0},{"damage":3.0,"enemies":"Gremlin Gang","floor":7.0,"turns":2.0},{"damage":12.0,"enemies":"Large Slime","floor":8.0,"turns":4.0},{"damage":3.0,"enemies":"Lots of Slimes","floor":10.0,"turns":2.0},{"damage":5.0,"enemies":"Looter","floor":14.0,"turns":2.0},{"damage":20.0,"enemies":"The Guardian","floor":16.0,"turns":7.0},{"damage":5.0,"enemies":"3 Byrds","floor":18.0,"turns":3.0},{"damage":10.0,"enemies":"2 Thieves","floor":20.0,"turns":3.0},{"damage":0.0,"enemies":"Snake Plant","floor":22.0,"turns":2.0},{"damage":10.0,"enemies":"Shelled Parasite and Fungi","floor":24.0,"turns":2.0},{"damage":0.0,"enemies":"Cultist and Chosen","floor":25.0,"turns":4.0},{"damage":27.0,"enemies":"Slavers","floor":27.0,"turns":2.0},{"damage":0.0,"enemies":"Centurion and Healer","floor":28.0,"turns":2.0},{"damage":0.0,"enemies":"3 Cultists","floor":29.0,"turns":2.0},{"damage":0.0,"enemies":"Sentry and Sphere","floor":31.0,"turns":2.0},{"damage":9.0,"enemies":"Automaton","floor":33.0,"turns":4.0},{"damage":5.0,"enemies":"Orb Walker","floor":35.0,"turns":2.0},{"damage":0.0,"enemies":"Nemesis","floor":40.0,"turns":3.0},{"damage":0.0,"enemies":"3 Darklings","floor":42.0,"turns":2.0},{"damage":0.0,"enemies":"Transient","floor":44.0,"turns":5.0},{"damage":10.0,"enemies":"Jaw Worm Horde","floor":46.0,"turns":2.0},{"damage":0,"enemies":"Giant Head","floor":47,"turns":3},{"damage":0,"enemies":"Maw","floor":48,"turns":2},{"damage":21,"enemies":"Time Eater","floor":50,"turns":4},{"damage":17,"enemies":"Shield and Spear","floor":54,"turns":4},{"damage":107,"enemies":"The Heart","floor":55,"turns":3}],"seed_played":"-8188440964809526771","potions_obtained":[{"floor":2.0,"key":"SkillPotion"},{"floor":4.0,"key":"Fire Potion"},{"floor":4.0,"key":"Dexterity Potion"},{"floor":4.0,"key":"LiquidMemories"},{"floor":6.0,"key":"BlessingOfTheForge"},{"floor":24.0,"key":"SmokeBomb"},{"floor":47,"key":"Swift Potion"},{"floor":48,"key":"DuplicationPotion"}],"is_trial":false,"path_per_floor":["M","M","?","?","M","E","M","M","T","M","R","$","R","M","R","B",null,"M","$","M","?","M","R","M","M","T","E","M","M","R","M","R","B",null,"M","?","?","?","$","E","$","M","T","M","T","M","E","M","R","B",null,"R","$","E","B"],"character_chosen":"DEFECT","items_purchased":["Sunder","Blood Vial","HandDrill","Meteor Strike","DuplicationPotion"],"campfire_rested":2,"item_purchase_floors":[12,19,39,41,53],"current_hp_per_floor":[69,66,71,71,70,50,47,35,35,32,32,32,32,27,51,31,80,75,75,67,67,69,69,61,63,63,38,40,42,66,68,68,61,85,80,80,80,80,80,81,81,81,81,81,81,71,73,75,75,56,81,81,81,64,0,0],"gold":76,"neow_bonus":"BOSS_RELIC","is_daily":false,"chose_seed":false,"campfire_upgraded":5,"win_rate":0.0,"timestamp":1609918508,"path_taken":["M","M","?","?","?","E","M","?","T","M","R","$","R","M","R","BOSS","M","$","M","?","M","R","M","?","T","E","M","M","R","?","R","BOSS","M","?","?","?","$","E","?","M","T","M","?","M","E","M","R","BOSS","R","$","E","BOSS"],"items_purchased_type":["Card","Relic","Relic","Card","Potion"],"build_version":"2020-12-22","purchased_purges":3,"victory":false,"max_hp_per_floor":[75,75,80,80,80,80,80,80,80,80,80,80,80,80,80,80,80,80,80,80,80,80,80,80,80,80,80,80,80,80,80,80,80,85,85,85,81,81,81,81,81,81,81,81,81,81,81,81,81,81,81,81,81,81,81,81],"card_choices":[{"not_picked":["Rebound","Ball Lightning","Static Discharge"],"picked":"SKIP","floor":1.0},{"not_picked":["White Noise","Loop","Hello World"],"picked":"SKIP","floor":2.0},{"not_picked":["Conserve Battery","Turbo"],"picked":"Fusion","floor":5.0},{"not_picked":["Thunder Strike","Rebound"],"picked":"Doom and Gloom","floor":6.0},{"not_picked":["Coolheaded","Turbo","Compile Driver"],"picked":"SKIP","floor":7.0},{"not_picked":["Conserve Battery","Tempest","Turbo"],"picked":"SKIP","floor":8.0},{"not_picked":["Sweeping Beam","Steam","Hologram"],"picked":"SKIP","floor":10.0},{"not_picked":["Barrage","Rebound","Beam Cell"],"picked":"SKIP","floor":14.0},{"not_picked":["Buffer","Thunder Strike"],"picked":"Echo Form","floor":16.0},{"not_picked":["Redo","Sweeping Beam","Hello World"],"picked":"SKIP","floor":18.0},{"not_picked":["Stack","Conserve Battery","Leap"],"picked":"SKIP","floor":20.0},{"not_picked":["Capacitor","Rip and Tear","BootSequence+1"],"picked":"SKIP","floor":22.0},{"not_picked":["Cold Snap","Recycle"],"picked":"Hyperbeam","floor":24.0},{"not_picked":["Coolheaded+1","Redo","Cold Snap"],"picked":"SKIP","floor":25.0},{"not_picked":["Heatsinks","Ball Lightning","Rebound+1"],"picked":"SKIP","floor":27.0},{"not_picked":["Barrage+1","Thunder Strike","Loop"],"picked":"SKIP","floor":28.0},{"not_picked":["Rebound+1","Recycle","Streamline"],"picked":"SKIP","floor":29.0},{"not_picked":["Auto Shields","Coolheaded","Rebound+1"],"picked":"SKIP","floor":31.0},{"not_picked":["Electrodynamics","Thunder Strike"],"picked":"Buffer","floor":33.0},{"not_picked":["Steam+1","Auto Shields","BootSequence"],"picked":"SKIP","floor":35.0},{"not_picked":["Cold Snap+1","Seek","Auto Shields+1"],"picked":"SKIP","floor":40.0},{"not_picked":["Go for the Eyes+1","Force Field+1","Rebound+1"],"picked":"SKIP","floor":42.0},{"not_picked":["Self Repair","Reprogram+1","Hologram+1"],"picked":"SKIP","floor":44.0},{"not_picked":["Self Repair","Hologram+1"],"picked":"Reprogram+1","floor":44.0},{"not_picked":["Stack","Consume","Self Repair"],"picked":"SKIP","floor":46.0},{"not_picked":["Streamline+1","Steam+1","Gash+1"],"picked":"SKIP","floor":47},{"not_picked":["Go for the Eyes","Hologram"],"picked":"Fusion","floor":48},{"not_picked":["Steam","Doom and Gloom+1","Compile Driver+1"],"picked":"SKIP","floor":54}],"player_experience":80114,"relics_obtained":[{"floor":6.0,"key":"Mercury Hourglass"},{"floor":9.0,"key":"Lantern"},{"floor":26.0,"key":"Whetstone"},{"floor":27.0,"key":"Vajra"},{"floor":40.0,"key":"Boot"},{"floor":45.0,"key":"Unceasing Top"},{"floor":47,"key":"CeramicFish"},{"floor":54,"key":"Nunchaku"}],"event_choices":[{"damage_healed":0.0,"max_hp_gain":5.0,"max_hp_loss":0.0,"gold_gain":0.0,"event_name":"Big Fish","player_choice":"Donut","floor":3.0,"gold_loss":0.0,"damage_taken":0.0},{"damage_healed":0.0,"max_hp_gain":0.0,"max_hp_loss":0.0,"gold_gain":0.0,"event_name":"Lab","player_choice":"Got Potions","floor":4.0,"gold_loss":0.0,"damage_taken":0.0},{"damage_healed":0.0,"max_hp_gain":0.0,"max_hp_loss":0.0,"gold_gain":0.0,"cards_transformed":["Strike_B"],"event_name":"Transmorgrifier","player_choice":"Transformed","floor":21.0,"gold_loss":0.0,"damage_taken":0.0,"cards_obtained":["Meteor Strike"]},{"damage_healed":0.0,"max_hp_gain":0.0,"max_hp_loss":0.0,"gold_gain":0.0,"event_name":"SensoryStone","player_choice":"Memory 1","floor":36.0,"gold_loss":0.0,"damage_taken":0.0},{"damage_healed":0.0,"max_hp_gain":0.0,"max_hp_loss":4.0,"gold_gain":0.0,"event_name":"Winding Halls","player_choice":"Max HP","floor":37.0,"gold_loss":0.0,"damage_taken":0.0},{"damage_healed":0.0,"max_hp_gain":0.0,"max_hp_loss":0.0,"gold_gain":0.0,"event_name":"Tomb of Lord Red Mask","player_choice":"Ignored","floor":38.0,"gold_loss":0.0,"damage_taken":0.0}],"is_beta":false,"boss_relics":[{"not_picked":["Astrolabe","Busted Crown"],"picked":"Inserter"},{"not_picked":["Coffee Dripper","Runic Dome"],"picked":"Tiny House"}],"items_purged_floors":[12,19,39],"is_endless":false,"potions_floor_spawned":[2,5,6,10,16,20,24,27,29,31,42,47,48],"killed_by":"The Heart","ascension_level":0}}