{"host":"sav7uxregyirlf69","time":1609950625,"event":{"mods":["AchievementEnabler","BaseMod","Colored Map","DeckTracker","Keyboard Shortcuts","Minty Spire (QoL Compilation)","READ ME - Guardian Mod","StSLib","SuperFastMode"],"gold_per_floor":[315,315,80,80,103,103,103,144,169,183,143,168,182,203,203,203,203],"floor_reached":16,"playtime":306,"items_purged":["Strike_R"],"score":204,"play_id":"005bc6db-c746-46ad-bcf3-4a7d8afdbedd","local_time":"20210107013025","is_ascension_mode":true,"campfire_choices":[{"data":"Feel No Pain","floor":6,"key":"SMITH"},{"data":"Fire Breathing","floor":15,"key":"SMITH"}],"circlet_count":0,"master_deck":["AscendersBane","Strike_R","Strike_R","Strike_R","Defend_R","Defend_R","Defend_R","Defend_R","Bash","Headbutt","Feel No Pain+1","Armaments+1","Disarm+1","Fire Breathing+1"],"relics":["Burning Blood","Old Coin","Medical Kit","Golden Idol","Toxic Egg 2","Bronze Scales","Boot"],"acts_visited":["Exordium"],"potions_floor_usage":[8,16],"damage_taken":[{"damage":19,"enemies":"Jaw Worm","floor":1,"turns":4},{"damage":4,"enemies":"Small Slimes","floor":5,"turns":3},{"damage":11,"enemies":"3 Sentries","floor":8,"turns":22},{"damage":2,"enemies":"2 Louse","floor":10,"turns":3},{"damage":6,"enemies":"2 Fungi Beasts","floor":12,"turns":3},{"damage":12,"enemies":"Exordium Thugs","floor":13,"turns":5},{"damage":0,"enemies":"Looter","floor":14,"turns":4},{"damage":38,"enemies":"Slime Boss","floor":16,"turns":3}],"seed_played":"4242789768198829437","potions_obtained":[{"floor":1,"key":"ElixirPotion"},{"floor":11,"key":"LiquidMemories"},{"floor":11,"key":"Ancient Potion"}],"is_trial":false,"path_per_floor":["M","?","$","?","M","R","?","E","T","M","?","M","M","M","R","B"],"character_chosen":"IRONCLAD","items_purchased":["Medical Kit"],"campfire_rested":0,"item_purchase_floors":[3],"current_hp_per_floor":[55,48,48,48,50,50,24,19,19,23,23,23,17,23,23,0,0],"gold":203,"neow_bonus":"ONE_RARE_RELIC","is_daily":false,"chose_seed":false,"campfire_upgraded":2,"win_rate":0.0,"timestamp":1609950625,"path_taken":["M","?","$","?","M","R","?","E","T","M","?","M","M","M","R","BOSS"],"items_purchased_type":["Relic"],"build_version":"2020-12-22","purchased_purges":1,"victory":false,"max_hp_per_floor":[75,75,75,68,68,68,68,68,68,68,68,68,68,68,68,68,68],"card_choices":[{"not_picked":["Searing Blow","Burning Pact"],"picked":"Headbutt","floor":1},{"not_picked":["Searing Blow","Sword Boomerang"],"picked":"Feel No Pain","floor":5},{"not_picked":["Sword Boomerang","Perfected Strike","Thunderclap"],"picked":"SKIP","floor":8},{"not_picked":["Heavy Blade","Bloodletting+1"],"picked":"Armaments+1","floor":10},{"not_picked":["Spot Weakness+1","Rampage"],"picked":"Disarm+1","floor":12},{"not_picked":["Sword Boomerang","Anger","Heavy Blade"],"picked":"SKIP","floor":13},{"not_picked":["Bloodletting+1","Perfected Strike"],"picked":"Fire Breathing","floor":14}],"player_experience":1164176,"relics_obtained":[{"floor":8,"key":"Bronze Scales"},{"floor":9,"key":"Boot"}],"event_choices":[{"cards_removed":["Strike_R"],"damage_healed":0,"gold_gain":0,"player_choice":"Card Removal","damage_taken":7,"max_hp_gain":0,"max_hp_loss":0,"event_name":"Golden Wing","floor":2,"gold_loss":0},{"damage_healed":0,"gold_gain":0,"player_choice":"Lose Max HP","damage_taken":0,"relics_obtained":["Golden Idol"],"max_hp_gain":0,"max_hp_loss":7,"event_name":"Golden Idol","floor":4,"gold_loss":0},{"damage_healed":0,"gold_gain":0,"player_choice":"Success","damage_taken":26,"relics_obtained":["Toxic Egg 2"],"max_hp_gain":0,"max_hp_loss":0,"event_name":"Scrap Ooze","floor":7,"gold_loss":0},{"damage_healed":0,"gold_gain":0,"player_choice":"Bought 3 Potions","damage_taken":0,"max_hp_gain":0,"max_hp_loss":0,"event_name":"The Woman in Blue","floor":11,"gold_loss":0}],"is_beta":false,"boss_relics":[],"items_purged_floors":[3],"is_endless":false,"potions_floor_spawned":[1,13],"killed_by":"Slime Boss","ascension_level":20}}