{"host":"ravx05nawt015nhw","time":1609907233,"event":{"mods":["Astrologer","BaseMod","Minty Spire (QoL Compilation)","StSLib","The Cursed","The Necromancer"],"gold_per_floor":[112,112,127,147,2,31,31,42,42,77,105,118,148,167,167,270,270,281,281,281,135,155,155,188,203,203,219,254,270,280,280,280,383,383,402,415,36,36,51,86,102,122,122,122,176,209,209,238,238,238],"floor_reached":51,"playtime":3435,"items_purged":["TheCursedMod:Strike_TheCursed"],"score":874,"play_id":"6cdc9788-3bff-4439-9091-318026b64cad","local_time":"20210105202713","is_ascension_mode":false,"campfire_choices":[{"data":"TheCursedMod:CursedWand","floor":15,"key":"SMITH"},{"data":"TheCursedMod:CollectTribute","floor":23,"key":"SMITH"},{"data":"TheCursedMod:SoulReap","floor":32,"key":"SMITH"},{"data":"TheCursedMod:CursedRelics","floor":44,"key":"SMITH"},{"data":"TheCursedMod:SpitefulPlan","floor":47,"key":"SMITH"},{"data":"TheCursedMod:LuckyCharm","floor":49,"key":"SMITH"}],"circlet_count":0,"master_deck":["TheCursedMod:Strike_TheCursed","TheCursedMod:Strike_TheCursed","TheCursedMod:Strike_TheCursed","TheCursedMod:Defend_TheCursed","TheCursedMod:Defend_TheCursed","TheCursedMod:Defend_TheCursed","TheCursedMod:Defend_TheCursed","TheCursedMod:CursedWand+1","TheCursedMod:CleanUpWorkshop+1","TheCursedMod:Dregs","TheCursedMod:SpitefulPlan+1","TheCursedMod:CursedBlade","TheCursedMod:FleshFromBone","TheCursedMod:SoulReap+1","TheCursedMod:LuckyCharm","TheCursedMod:LuckyCharm+1","TheCursedMod:CursedMace","TheCursedMod:DoubleShield+1","TheCursedMod:DemonSword","TheCursedMod:CollectTribute+1","Writhe","TheCursedMod:TroublousMinions+1","TheCursedMod:StunningStrike","TheCursedMod:WearCloak+1","TheCursedMod:NeowsMight+1","TheCursedMod:CircleOfCorruption+1","TheCursedMod:CursedSpellbook+1","TheCursedMod:CursedRelics+1","TheCursedMod:CircleOfCorruption+1","TheCursedMod:LuckyCharm+1","TheCursedMod:DarkBarrier+1","TheCursedMod:NeowsMight+1","Shame","TheCursedMod:AntiAging+1"],"relics":["TheCursedMod:BlackMagic101","Lantern","White Beast Statue","Toxic Egg 2","Bottled Lightning","PreservedInsect","Odd Mushroom","Bottled Flame","Snecko Eye","TheCursedMod:CrystalBall","MutagenicStrength","Strawberry","Ancient Tea Set","Bag of Marbles","Cursed Key","Kunai","Toy Ornithopter","Mummified Hand","TheCursedMod:SoulVessel","Art of War","Shuriken"],"acts_visited":["Exordium","TheCity","TheBeyond"],"potions_floor_usage":[6,6,6,8,10,10,10,11,16,16,22,24,25,27,28,30,33,33,40,42,45,46,48,50,50],"damage_taken":[{"damage":1,"enemies":"Jaw Worm","floor":1,"turns":4},{"damage":0,"enemies":"Small Slimes","floor":3,"turns":3},{"damage":0,"enemies":"2 Louse","floor":4,"turns":3},{"damage":10,"enemies":"Lagavulin","floor":6,"turns":5},{"damage":16,"enemies":"Blue Slaver","floor":8,"turns":5},{"damage":41,"enemies":"Gremlin Nob","floor":10,"turns":6},{"damage":4,"enemies":"The Mushroom Lair","floor":11,"turns":3},{"damage":4,"enemies":"2 Fungi Beasts","floor":12,"turns":3},{"damage":4,"enemies":"3 Sentries","floor":13,"turns":6},{"damage":0,"enemies":"Red Slaver","floor":14,"turns":5},{"damage":36,"enemies":"Slime Boss","floor":16,"turns":18},{"damage":9,"enemies":"Shell Parasite","floor":18,"turns":8},{"damage":17,"enemies":"Spheric Guardian","floor":22,"turns":5},{"damage":43,"enemies":"Slavers","floor":24,"turns":6},{"damage":0,"enemies":"Snecko","floor":25,"turns":4},{"damage":7,"enemies":"Snake Plant","floor":27,"turns":6},{"damage":6,"enemies":"Gremlin Leader","floor":28,"turns":5},{"damage":6,"enemies":"3 Cultists","floor":29,"turns":5},{"damage":2,"enemies":"Cultist and Chosen","floor":30,"turns":6},{"damage":48,"enemies":"Collector","floor":33,"turns":13},{"damage":0,"enemies":"3 Shapes","floor":35,"turns":4},{"damage":1,"enemies":"3 Darklings","floor":36,"turns":3},{"damage":0,"enemies":"Jaw Worm Horde","floor":39,"turns":2},{"damage":0,"enemies":"Giant Head","floor":40,"turns":5},{"damage":0,"enemies":"4 Shapes","floor":41,"turns":2},{"damage":1,"enemies":"Sphere and 2 Shapes","floor":42,"turns":4},{"damage":1,"enemies":"2 Orb Walkers","floor":45,"turns":3},{"damage":12,"enemies":"Nemesis","floor":46,"turns":5},{"damage":0,"enemies":"Reptomancer","floor":48,"turns":1},{"damage":10,"enemies":"Time Eater","floor":50,"turns":8}],"seed_played":"4633937931534903034","potions_obtained":[{"floor":1,"key":"AttackPotion"},{"floor":3,"key":"EntropicBrew"},{"floor":6,"key":"Swift Potion"},{"floor":8,"key":"LiquidMemories"},{"floor":10,"key":"Fire Potion"},{"floor":11,"key":"Ancient Potion"},{"floor":12,"key":"SteroidPotion"},{"floor":13,"key":"Energy Potion"},{"floor":16,"key":"TheCursedMod:DregsPotion"},{"floor":18,"key":"Weak Potion"},{"floor":22,"key":"Fruit Juice"},{"floor":24,"key":"ColorlessPotion"},{"floor":25,"key":"Block Potion"},{"floor":27,"key":"FairyPotion"},{"floor":28,"key":"Dexterity Potion"},{"floor":29,"key":"Energy Potion"},{"floor":30,"key":"SkillPotion"},{"floor":33,"key":"DuplicationPotion"},{"floor":35,"key":"Energy Potion"},{"floor":40,"key":"Dexterity Potion"},{"floor":42,"key":"AttackPotion"},{"floor":45,"key":"DistilledChaos"},{"floor":46,"key":"CultistPotion"},{"floor":48,"key":"AttackPotion"}],"is_trial":false,"path_per_floor":["M","?","M","M","$","E","?","M","T","E","?","M","E","M","R","B",null,"M","?","?","$","M","R","E","M","T","M","E","M","M","?","R","B",null,"M","M","$","?","M","E","M","M","T","R","?","E","R","E","R","B",null],"character_chosen":"THE_CURSED","items_purchased":["Lantern","TheCursedMod:TroublousMinions+1","Kunai","TheCursedMod:DarkBarrier+1"],"campfire_rested":0,"item_purchase_floors":[5,21,37,37],"current_hp_per_floor":[81,81,81,81,81,71,59,62,62,26,27,28,28,35,35,4,82,79,79,79,79,67,67,38,38,38,39,41,47,49,49,49,8,94,94,93,93,93,93,94,94,94,94,94,93,90,90,94,94,97],"gold":238,"neow_bonus":"TEN_PERCENT_HP_BONUS","is_daily":false,"chose_seed":false,"campfire_upgraded":6,"win_rate":0.0,"timestamp":1609907233,"path_taken":["M","?","M","M","$","E","?","M","T","E","?","M","E","M","R","BOSS","M","?","?","$","M","R","E","M","T","M","E","M","M","?","R","BOSS","M","M","$","?","M","E","M","?","T","R","?","E","R","E","R","BOSS"],"items_purchased_type":["Relic","Card","Relic","Card"],"build_version":"2020-12-22","purchased_purges":1,"victory":true,"max_hp_per_floor":[82,82,82,82,82,82,82,82,82,82,82,82,82,82,82,82,82,82,82,82,82,87,87,94,94,94,94,94,94,94,94,94,94,94,94,94,94,94,94,94,94,94,94,94,94,94,94,94,94,97],"card_choices":[{"not_picked":["TheCursedMod:SurpriseAttack","TheCursedMod:Obscuration"],"picked":"TheCursedMod:SpitefulPlan","floor":1},{"not_picked":["TheCursedMod:CircleOfWindfury","TheCursedMod:ManaBullet"],"picked":"TheCursedMod:CursedBlade","floor":3},{"not_picked":["TheCursedMod:Wield","TheCursedMod:Evocation"],"picked":"TheCursedMod:FleshFromBone","floor":4},{"not_picked":["TheCursedMod:CursedBlade","TheCursedMod:CursedBoomerang"],"picked":"TheCursedMod:SoulReap","floor":6},{"not_picked":["TheCursedMod:CircleOfFocus+1","TheCursedMod:CursedBlade"],"picked":"TheCursedMod:LuckyCharm","floor":8},{"not_picked":["TheCursedMod:FleshFromBone+1","TheCursedMod:SpitefulPray+1"],"picked":"TheCursedMod:LuckyCharm","floor":10},{"not_picked":["TheCursedMod:Stigma","TheCursedMod:RavingStaff"],"picked":"TheCursedMod:CursedMace","floor":11},{"not_picked":["TheCursedMod:SoulReap","TheCursedMod:ReleasedKnowledge+1"],"picked":"TheCursedMod:DoubleShield+1","floor":12},{"not_picked":["TheCursedMod:CircleOfWindfury+1","TheCursedMod:CircleOfFlame+1"],"picked":"TheCursedMod:DemonSword","floor":13},{"not_picked":["TheCursedMod:CursedMace","TheCursedMod:Torture+1","TheCursedMod:VitalStrike"],"picked":"SKIP","floor":14},{"not_picked":["TheCursedMod:ManaCirculation","TheCursedMod:AntiAging+1"],"picked":"TheCursedMod:CollectTribute","floor":16},{"not_picked":["TheCursedMod:Wield","TheCursedMod:FleshFromBone+1","TheCursedMod:CursedMace+1"],"picked":"SKIP","floor":18},{"not_picked":["TheCursedMod:SpitefulStrike+1","TheCursedMod:CursedMace","TheCursedMod:Torture+1"],"picked":"SKIP","floor":22},{"not_picked":["TheCursedMod:ManaBullet","TheCursedMod:DemonicPact"],"picked":"TheCursedMod:StunningStrike","floor":24},{"not_picked":["TheCursedMod:VitalStrike","TheCursedMod:Torture+1","TheCursedMod:CursedAmulet+1"],"picked":"SKIP","floor":25},{"not_picked":["TheCursedMod:WearCloak+1","TheCursedMod:RavingStaff","TheCursedMod:LuckyCharm"],"picked":"SKIP","floor":27},{"not_picked":["TheCursedMod:RavingStaff","TheCursedMod:LuckyCharm"],"picked":"TheCursedMod:WearCloak+1","floor":27},{"not_picked":["TheCursedMod:FleshFromBone+1","TheCursedMod:CursedShiv"],"picked":"TheCursedMod:NeowsMight+1","floor":28},{"not_picked":["TheCursedMod:SpitefulStrike","TheCursedMod:SaltUponWound+1"],"picked":"TheCursedMod:CircleOfCorruption+1","floor":29},{"not_picked":["TheCursedMod:Stretching+1","TheCursedMod:CircleOfWindfury+1"],"picked":"TheCursedMod:CursedSpellbook+1","floor":30},{"not_picked":["TheCursedMod:ParallelWorld+1","TheCursedMod:NeowsMight+1"],"picked":"TheCursedMod:CursedRelics","floor":33},{"not_picked":["TheCursedMod:Obscuration+1","TheCursedMod:SpitefulStrike"],"picked":"TheCursedMod:CircleOfCorruption+1","floor":35},{"not_picked":["TheCursedMod:ReleasedStrength+1","TheCursedMod:BlessingInDisguise+1"],"picked":"TheCursedMod:LuckyCharm+1","floor":36},{"not_picked":["TheCursedMod:CursedShiv","TheCursedMod:ManaBullet+1","TheCursedMod:CursedAmulet+1"],"picked":"SKIP","floor":39},{"not_picked":["TheCursedMod:FleshFromBone+1","TheCursedMod:ReleasedKnowledge+1","TheCursedMod:EmpowerCircles"],"picked":"SKIP","floor":40},{"not_picked":["TheCursedMod:SpreadPlague+1","TheCursedMod:SmokeScreen+1","TheCursedMod:AbyssShockwave+1"],"picked":"SKIP","floor":41},{"not_picked":["TheCursedMod:ReleasedStrength+1","TheCursedMod:CircleOfFocus+1"],"picked":"TheCursedMod:NeowsMight+1","floor":42},{"not_picked":["TheCursedMod:DemonSword","TheCursedMod:CircleOfFocus+1","TheCursedMod:SaltUponWound+1"],"picked":"SKIP","floor":46},{"not_picked":["TheCursedMod:SoulCrush","TheCursedMod:CursedMace+1"],"picked":"TheCursedMod:AntiAging+1","floor":48}],"player_experience":1067448,"relics_obtained":[{"floor":6,"key":"White Beast Statue"},{"floor":9,"key":"Bottled Lightning"},{"floor":10,"key":"PreservedInsect"},{"floor":11,"key":"Odd Mushroom"},{"floor":13,"key":"Bottled Flame"},{"floor":24,"key":"Strawberry"},{"floor":26,"key":"Ancient Tea Set"},{"floor":28,"key":"Bag of Marbles"},{"floor":40,"key":"Toy Ornithopter"},{"floor":43,"key":"Mummified Hand"},{"floor":45,"key":"TheCursedMod:SoulVessel"},{"floor":46,"key":"Art of War"},{"floor":48,"key":"Shuriken"}],"event_choices":[{"damage_healed":0,"gold_gain":0,"player_choice":"Grow","damage_taken":0,"max_hp_gain":0,"max_hp_loss":0,"event_name":"Living Wall","floor":2,"gold_loss":0,"cards_upgraded":["TheCursedMod:CleanUpWorkshop"]},{"damage_healed":0,"gold_gain":0,"player_choice":"Success","damage_taken":12,"relics_obtained":["Toxic Egg 2"],"max_hp_gain":0,"max_hp_loss":0,"event_name":"Scrap Ooze","floor":7,"gold_loss":0},{"damage_healed":0,"gold_gain":0,"player_choice":"Fought Mushrooms","damage_taken":0,"max_hp_gain":0,"max_hp_loss":0,"event_name":"Mushrooms","floor":11,"gold_loss":0},{"damage_healed":0,"gold_gain":0,"player_choice":"Opened","damage_taken":0,"relics_obtained":["TheCursedMod:CrystalBall"],"max_hp_gain":0,"max_hp_loss":0,"event_name":"The Mausoleum","floor":19,"gold_loss":0,"cards_obtained":["Writhe"]},{"damage_healed":0,"gold_gain":0,"player_choice":"Inject Mutagens","damage_taken":0,"relics_obtained":["MutagenicStrength"],"max_hp_gain":0,"max_hp_loss":0,"event_name":"Drug Dealer","floor":20,"gold_loss":0},{"damage_healed":0,"gold_gain":0,"player_choice":"Ignored","damage_taken":0,"max_hp_gain":0,"max_hp_loss":0,"event_name":"Vampires","floor":31,"gold_loss":0},{"damage_healed":0,"gold_gain":0,"player_choice":"Got Potions","damage_taken":0,"max_hp_gain":0,"max_hp_loss":0,"event_name":"Lab","floor":38,"gold_loss":0},{"damage_healed":0,"gold_gain":0,"player_choice":"Fight","damage_taken":0,"max_hp_gain":0,"max_hp_loss":0,"event_name":"Mysterious Sphere","floor":45,"gold_loss":0}],"is_beta":false,"boss_relics":[{"not_picked":["SacredBark","TheCursedMod:FourLeafCloverCharm"],"picked":"Snecko Eye"},{"not_picked":["Runic Pyramid","Coffee Dripper"],"picked":"Cursed Key"}],"items_purged_floors":[21],"is_endless":false,"potions_floor_spawned":[1,3,6,8,10,11,12,13,14,16,18,22,24,25,27,28,29,30,33,35,36,39,40,41,42,45,46,48],"ascension_level":0}}