{"host":"tw7a6rmo9h75ssrt","time":1609906862,"event":{"mods":["AchievementEnabler","Act Like it!","BaseMod","Colored Map","Highlight Path","Minty Spire (QoL Compilation)","Permanent Neow","Quick Restart","Relic Stats","SuperFastMode"],"gold_per_floor":[116,116,134,144,69,87,87,87,87,87,121,21,21,33,33,137,137,155,155,189,205,16,43,43,43,43,43,68,80,80,91,91,195,195,207,207,220,39,89,89,89],"floor_reached":40,"playtime":3080,"items_purged":["Strike_R","Strike_R","Defend_R"],"score":626,"play_id":"f9228e23-ec7f-40f9-830f-02bed65c58ba","local_time":"20210106122102","is_ascension_mode":true,"campfire_choices":[{"data":"Sever Soul","floor":10.0,"key":"SMITH"},{"data":"Wild Strike","floor":13.0,"key":"SMITH"},{"data":"Power Through","floor":15.0,"key":"SMITH"},{"data":"Brutality","floor":25.0,"key":"SMITH"},{"data":"Battle Trance","floor":30.0,"key":"SMITH"},{"floor":32.0,"key":"REST"}],"circlet_count":0,"master_deck":["Defend_R","Defend_R","Bash+1","Wild Strike+1","Sever Soul+1","Power Through+1","Brutality+1","Carnage+1","Body Slam+1","Searing Blow+2","Feel No Pain","Battle Trance+1","Bloodletting","Juggernaut","Madness","Madness","Feel No Pain"],"relics":["Burning Blood","NeowsBlessing","Blue Candle","Paper Frog","Bronze Scales","Astrolabe","MutagenicStrength","Red Mask","Membership Card","Mercury Hourglass","Strawberry","Matryoshka","Busted Crown","Whetstone","WingedGreaves"],"acts_visited":["Exordium","TheCity","TheBeyond"],"potions_floor_usage":[37,40],"damage_taken":[{"damage":0.0,"enemies":"Jaw Worm","floor":1.0,"turns":1.0},{"damage":0.0,"enemies":"Cultist","floor":3.0,"turns":1.0},{"damage":0.0,"enemies":"Small Slimes","floor":4.0,"turns":1.0},{"damage":6.0,"enemies":"Blue Slaver","floor":6.0,"turns":3.0},{"damage":20.0,"enemies":"Lagavulin","floor":11.0,"turns":3.0},{"damage":5.0,"enemies":"Exordium Wildlife","floor":14.0,"turns":4.0},{"damage":30.0,"enemies":"The Guardian","floor":16.0,"turns":8.0},{"damage":12.0,"enemies":"3 Byrds","floor":18.0,"turns":3.0},{"damage":16.0,"enemies":"Masked Bandits","floor":20.0,"turns":4.0},{"damage":5.0,"enemies":"Chosen","floor":21.0,"turns":3.0},{"damage":0.0,"enemies":"Gremlin Leader","floor":23.0,"turns":2.0},{"damage":26.0,"enemies":"Slavers","floor":28.0,"turns":5.0},{"damage":2.0,"enemies":"Snecko","floor":29.0,"turns":3.0},{"damage":22.0,"enemies":"Snake Plant","floor":31.0,"turns":2.0},{"damage":40.0,"enemies":"Champ","floor":33.0,"turns":6.0},{"damage":16,"enemies":"Orb Walker","floor":35,"turns":2},{"damage":21,"enemies":"3 Darklings","floor":37,"turns":4},{"damage":19,"enemies":"Mind Bloom Boss Battle","floor":39,"turns":5},{"damage":46,"enemies":"Nemesis","floor":40,"turns":2}],"seed_played":"-1420567469623650720","potions_obtained":[{"floor":3.0,"key":"DuplicationPotion"},{"floor":6.0,"key":"SkillPotion"},{"floor":16.0,"key":"GamblersBrew"},{"floor":18.0,"key":"FearPotion"},{"floor":20.0,"key":"Dexterity Potion"},{"floor":28.0,"key":"Weak Potion"},{"floor":31.0,"key":"DuplicationPotion"},{"floor":35,"key":"Fire Potion"},{"floor":37,"key":"CultistPotion"}],"is_trial":false,"path_per_floor":["M","?","M","M","$","M","?","?","T","R","E","$","R","M","R","B",null,"M","?","?","M","$","E","?","R","T","?","E","M","R","M","R","B",null,"M","?","M","$","?","E"],"character_chosen":"IRONCLAD","items_purchased":["Membership Card","Feel No Pain","Whetstone","Feel No Pain"],"campfire_rested":1,"item_purchase_floors":[22,22,38,38],"current_hp_per_floor":[78,78,80,80,80,80,77,77,77,77,63,63,63,64,64,40,70,64,64,54,55,55,61,61,61,68,68,48,52,52,36,62,28,72,62,51,36,36,23,0,0],"gold":89,"neow_bonus":"THREE_ENEMY_KILL","is_daily":false,"chose_seed":false,"campfire_upgraded":5,"win_rate":0.0,"timestamp":1609906862,"path_taken":["M","?","M","?","?","?","?","?","T","R","E","$","R","M","R","BOSS","M","?","?","M","?","E","?","R","T","?","E","M","R","M","R","BOSS","M","?","M","$","?","E"],"items_purchased_type":["Relic","Card","Relic","Card"],"build_version":"2020-12-22","purchased_purges":3,"victory":false,"max_hp_per_floor":[80,80,80,80,80,80,80,80,80,80,80,80,80,80,80,80,80,80,80,80,80,80,80,80,80,87,87,87,87,87,87,87,87,87,87,87,87,87,87,87,87],"relic_stats":{"Busted Crown":6,"counters":[19,62],"Blue Candle":[0],"Bronze Scales":[155],"Astrolabe":["Carnage","Body Slam","Searing Blow"],"Whetstone":["Bash","Searing Blow"],"obtain_stats":[{"NeowsBlessing":0,"Blue Candle":7,"Astrolabe":17,"Whetstone":38,"Burning Blood":0,"Mercury Hourglass":23,"Matryoshka":28,"Busted Crown":34,"Bronze Scales":11,"MutagenicStrength":19,"Strawberry":26,"WingedGreaves":39,"Red Mask":20,"Membership Card":22,"Paper Frog":9},{"NeowsBlessing":0,"Blue Candle":4,"Astrolabe":7,"Whetstone":17,"Burning Blood":0,"Mercury Hourglass":11,"Matryoshka":12,"Busted Crown":15,"Bronze Scales":5,"MutagenicStrength":8,"Strawberry":11,"WingedGreaves":18,"Red Mask":9,"Membership Card":10,"Paper Frog":4},{"NeowsBlessing":0,"Blue Candle":6,"Astrolabe":21,"Whetstone":55,"Burning Blood":0,"Mercury Hourglass":33,"Matryoshka":38,"Busted Crown":49,"Bronze Scales":9,"MutagenicStrength":24,"Strawberry":33,"WingedGreaves":60,"Red Mask":28,"Membership Card":31,"Paper Frog":6}],"Burning Blood":98,"Mercury Hourglass":[109]},"card_choices":[{"not_picked":["Armaments","Havoc","Twin Strike"],"picked":"SKIP","floor":1.0},{"not_picked":["Shockwave","Dropkick"],"picked":"Wild Strike","floor":3.0},{"not_picked":["Thunderclap","Wild Strike"],"picked":"Sever Soul","floor":4.0},{"not_picked":["True Grit","Iron Wave","Intimidate"],"picked":"SKIP","floor":6.0},{"not_picked":["Flame Barrier","Twin Strike","Pommel Strike"],"picked":"SKIP","floor":11.0},{"not_picked":["Headbutt","Carnage"],"picked":"Power Through","floor":14.0},{"not_picked":["Corruption","Fiend Fire"],"picked":"Brutality","floor":16.0},{"not_picked":["Armaments","Havoc+1","Heavy Blade"],"picked":"SKIP","floor":18.0},{"not_picked":["Rage","Shrug It Off","Uppercut+1"],"picked":"SKIP","floor":21.0},{"not_picked":["Cleave+1","Corruption","Body Slam"],"picked":"SKIP","floor":23.0},{"not_picked":["Spot Weakness+1","Offering","Dual Wield"],"picked":"SKIP","floor":28.0},{"not_picked":["Anger","Body Slam"],"picked":"Bloodletting","floor":29.0},{"not_picked":["Iron Wave","Body Slam+1","Heavy Blade"],"picked":"SKIP","floor":31.0},{"not_picked":["Fiend Fire","Feed"],"picked":"Juggernaut","floor":33.0},{"not_picked":["Heavy Blade"],"picked":"SKIP","floor":35},{"not_picked":["Havoc+1"],"picked":"SKIP","floor":37}],"player_experience":48490,"relics_obtained":[{"floor":9.0,"key":"Paper Frog"},{"floor":11.0,"key":"Bronze Scales"},{"floor":20.0,"key":"Red Mask"},{"floor":23.0,"key":"Mercury Hourglass"},{"floor":26.0,"key":"Strawberry"},{"floor":28.0,"key":"Matryoshka"},{"floor":39,"key":"WingedGreaves"}],"event_choices":[{"cards_removed":["Strike_R"],"damage_healed":0.0,"max_hp_gain":0.0,"max_hp_loss":0.0,"gold_gain":0.0,"event_name":"Purifier","player_choice":"Purged","floor":2.0,"gold_loss":0.0,"damage_taken":0.0},{"damage_healed":0.0,"max_hp_gain":0.0,"max_hp_loss":0.0,"gold_gain":0.0,"event_name":"Scrap Ooze","player_choice":"Success","floor":7.0,"gold_loss":0.0,"damage_taken":3.0,"relics_obtained":["Blue Candle"]},{"damage_healed":0.0,"max_hp_gain":0.0,"max_hp_loss":0.0,"gold_gain":0.0,"event_name":"Shining Light","player_choice":"Ignored","floor":8.0,"gold_loss":0.0,"damage_taken":0.0},{"damage_healed":0.0,"max_hp_gain":0.0,"max_hp_loss":0.0,"gold_gain":0.0,"event_name":"Drug Dealer","player_choice":"Inject Mutagens","floor":19.0,"gold_loss":0.0,"damage_taken":0.0,"relics_obtained":["MutagenicStrength"]},{"damage_healed":0.0,"max_hp_gain":0.0,"max_hp_loss":0.0,"gold_gain":0.0,"event_name":"Masked Bandits","player_choice":"Fought Bandits","floor":20.0,"gold_loss":0.0,"damage_taken":0.0},{"damage_healed":0.0,"max_hp_gain":0.0,"max_hp_loss":0.0,"gold_gain":0.0,"event_name":"The Library","player_choice":"Read","floor":24.0,"gold_loss":0.0,"damage_taken":0.0,"cards_obtained":["Battle Trance"]},{"damage_healed":0.0,"max_hp_gain":0.0,"max_hp_loss":0.0,"gold_gain":0.0,"event_name":"The Mausoleum","player_choice":"Ignored","floor":27.0,"gold_loss":0.0,"damage_taken":0.0},{"damage_healed":0,"gold_gain":0,"player_choice":"Embrace Madness","damage_taken":11,"max_hp_gain":0,"max_hp_loss":0,"event_name":"Winding Halls","floor":36,"gold_loss":0,"cards_obtained":["Madness","Madness"]},{"damage_healed":0,"gold_gain":0,"player_choice":"Fight","damage_taken":0,"max_hp_gain":0,"max_hp_loss":0,"event_name":"MindBloom","floor":39,"gold_loss":0}],"is_beta":false,"boss_relics":[{"not_picked":["Calling Bell","SacredBark"],"picked":"Astrolabe"},{"not_picked":["Empty Cage","Snecko Eye"],"picked":"Busted Crown"}],"items_purged_floors":[5,12,38],"is_endless":false,"potions_floor_spawned":[3,6,16,18,20,28,31,35,37],"killed_by":"Nemesis","ascension_level":8}}