{"host":"8fjsnt81u6xsmhji","time":1609918300,"event":{"mods":["BaseMod","Beaked The Cultist","Colored Powertips","Downfall","Glutton Mod","Hermit","Minty Spire (QoL Compilation)","Quick Restart","StSLib","The Bug Knight","The Forsaken","The Hierophant","The Runesmith"],"gold_per_floor":[99,117,135,152,152,210,210,210,47,72,83,97,22,34,49,154,154,154,170,187,206,218,318,341,355,280,305,316,316,316,13,25,125,125,125,135,145,319,332,332,332,332],"floor_reached":40,"playtime":2360,"items_purged":[],"score":536,"play_id":"9e5e56d7-51f4-40fe-aa70-d8560e4932d7","local_time":"20210106013140","is_ascension_mode":true,"campfire_choices":[{"floor":1.0,"key":"RECALL"},{"floor":8.0,"key":"REST"},{"data":"Slimebound:OozeBath","floor":13.0,"key":"SMITH"},{"data":"Slimebound:DouseInSlime","floor":18.0,"key":"SMITH"},{"floor":26.0,"key":"REST"},{"data":"Slimebound:DuplicatedForm","floor":35.0,"key":"SMITH"}],"circlet_count":0,"master_deck":["Slimebound:Strike_Slimebound+1","Slimebound:Strike_Slimebound","Slimebound:Strike_Slimebound","Slimebound:Tackle+1","Slimebound:Defend_Slimebound","Slimebound:Defend_Slimebound","Slimebound:Defend_Slimebound","Slimebound:Defend_Slimebound","Slimebound:Split+1","Slimebound:CorrosiveSpit","Slimebound:Prepare","Slimebound:GrowthPunch","Slimebound:HauntingLick","Slimebound:Gluttony","Slimebound:FormOfPuddle","Slimebound:Recollect","Slimebound:Gluttony","Slimebound:OozeBath+1","Slimebound:SamplingLick","Slimebound:HauntingLick","Slimebound:ViciousTackle","Slimebound:Schlurp","Slimebound:DouseInSlime+1","Slimebound:SamplingLick","Slimebound:Grow","Slimebound:TongueLash","Slimebound:SpikyOuterGoop","Slimebound:FinishingTackle+1","Slimebound:LeechingTouch","Slimebound:Prepare","Slimebound:AcidTongue","Slimebound:RainOfGoop+1","Slimebound:DuplicatedForm+1","Slimebound:Replication","Slimebound:DisruptingSlam"],"relics":["Slimebound:AbsorbEndCombatUpgraded","theForsaken:Kindling","DollysMirror","Letter Opener","downfall:HeartBlessingRed","downfall:HeartBlessingBlue","Whetstone","downfall:RedIOU","Kunai","Runesmith:UraniumAnvil","hexamod:BolsterEngine"],"acts_visited":["Exordium","TheCity","TheBeyond"],"potions_floor_usage":[],"damage_taken":[{"damage":5.0,"enemies":"Small Slimes","floor":2.0,"turns":3.0},{"damage":4.0,"enemies":"2 Louse","floor":3.0,"turns":3.0},{"damage":12.0,"enemies":"Jaw Worm","floor":4.0,"turns":4.0},{"damage":33.0,"enemies":"Lagavulin Event","floor":6.0,"turns":5.0},{"damage":13.0,"enemies":"downfall:FleeingMerchant","floor":9.0,"turns":4.0},{"damage":12.0,"enemies":"Lagavulin","floor":10.0,"turns":7.0},{"damage":14.0,"enemies":"2 Fungi Beasts","floor":11.0,"turns":4.0},{"damage":12.0,"enemies":"Exordium Wildlife","floor":12.0,"turns":4.0},{"damage":10.0,"enemies":"Exordium Thugs","floor":14.0,"turns":4.0},{"damage":16.0,"enemies":"Red Slaver","floor":15.0,"turns":3.0},{"damage":42.0,"enemies":"downfall:Ironclad","floor":16.0,"turns":7.0},{"damage":32.0,"enemies":"Spheric Guardian","floor":19.0,"turns":4.0},{"damage":48.0,"enemies":"3 Cultists","floor":20.0,"turns":6.0},{"damage":28.0,"enemies":"Shelled Parasite and Fungi","floor":21.0,"turns":4.0},{"damage":10.0,"enemies":"Chosen and Byrds","floor":22.0,"turns":3.0},{"damage":30.0,"enemies":"3 Cultists","floor":25.0,"turns":6.0},{"damage":51.0,"enemies":"Shelled Parasite and Fungi","floor":28.0,"turns":7.0},{"damage":18.0,"enemies":"downfall:FleeingMerchant","floor":31.0,"turns":4.0},{"damage":26.0,"enemies":"Sentry and Sphere","floor":32.0,"turns":5.0},{"damage":64.0,"enemies":"downfall:Silent","floor":33.0,"turns":9.0},{"damage":47.0,"enemies":"3 Darklings","floor":36.0,"turns":6.0},{"damage":14.0,"enemies":"Orb Walker","floor":37.0,"turns":3.0},{"damage":34.0,"enemies":"downfall:FleeingMerchant","floor":38.0,"turns":3.0},{"damage":66,"enemies":"Transient","floor":39,"turns":5},{"damage":52,"enemies":"Reptomancer","floor":40,"turns":6}],"seed_played":"1792648846711337409","potions_obtained":[{"floor":4.0,"key":"Dexterity Potion"},{"floor":10.0,"key":"LiquidBronze"},{"floor":11.0,"key":"LiquidBronze"},{"floor":19.0,"key":"LiquidBronze"},{"floor":28.0,"key":"sneckomod:MuddlingPotion"},{"floor":32.0,"key":"SteroidPotion"}],"is_trial":false,"path_per_floor":["R","M","M","M","?","?","T","R","$","E","M","M","R","M","M","B",null,"R","M","M","M","M","?","T","M","R","T","M","?","?","$","M","B",null,"R","M","M","$","M","E"],"character_chosen":"SLIMEBOUND","items_purchased":["DollysMirror","Slimebound:AcidTongue","Kunai","hexamod:BolsterEngine"],"campfire_rested":2,"item_purchase_floors":[9,31,31,38],"current_hp_per_floor":[60,60,60,56,56,43,43,65,65,65,63,65,65,65,61,43,65,65,45,33,25,27,27,27,25,62,62,47,47,73,79,80,48,80,80,68,66,67,29,1,1,1],"gold":332,"neow_bonus":"THREE_CARDS","is_daily":false,"chose_seed":false,"campfire_upgraded":3,"win_rate":0.0,"timestamp":1609918300,"path_taken":["R","M","M","M","?","?","T","R","$","E","M","M","R","M","M","BOSS","R","M","M","M","M","?","T","M","R","?","M","?","?","?","M","BOSS","R","M","M","$","M","E"],"items_purchased_type":["Relic","Card","Relic","Relic"],"build_version":"2020-12-22","purchased_purges":0,"victory":false,"max_hp_per_floor":[60,60,60,60,60,60,60,65,65,65,65,65,65,65,65,65,65,65,65,65,65,65,65,65,65,80,80,80,80,80,80,80,80,80,80,80,80,80,80,80,80,80],"card_choices":[{"not_picked":["Slimebound:LeechEnergy","Slimebound:LeechingTouch"],"picked":"Slimebound:Prepare","floor":0.0},{"not_picked":["Slimebound:SlimeSpikes","Slimebound:FinishingTackle"],"picked":"Slimebound:GrowthPunch","floor":2.0},{"not_picked":["Slimebound:PressTheAttack","Slimebound:GoopTackle"],"picked":"Slimebound:HauntingLick","floor":3.0},{"not_picked":["Slimebound:PressTheAttack","Slimebound:DisruptingSlam"],"picked":"Slimebound:Gluttony","floor":4.0},{"not_picked":["Slimebound:RollThrough","Slimebound:SamplingLick"],"picked":"Slimebound:FormOfPuddle","floor":6.0},{"not_picked":["Slimebound:SplitLeeching","Slimebound:SplitMire"],"picked":"Slimebound:Recollect","floor":9.0},{"not_picked":["Slimebound:Schlurp","Slimebound:PressTheAttack"],"picked":"Slimebound:OozeBath","floor":10.0},{"not_picked":["Slimebound:ComboTackle","Slimebound:SlimeBrawl"],"picked":"Slimebound:SamplingLick","floor":11.0},{"not_picked":["Slimebound:LeechingTouch","Slimebound:GoopSpray"],"picked":"Slimebound:HauntingLick","floor":12.0},{"not_picked":["Slimebound:LivingWall","Slimebound:LeechEnergy"],"picked":"Slimebound:ViciousTackle","floor":14.0},{"not_picked":["Slimebound:FinishingTackle","Slimebound:GoopSpray"],"picked":"Slimebound:Schlurp","floor":15.0},{"not_picked":["Slimebound:MinionMaster","Slimebound:DuplicatedForm"],"picked":"Slimebound:DouseInSlime","floor":16.0},{"not_picked":["Slimebound:FirmFortitude+1","Slimebound:LeechingTouch"],"picked":"Slimebound:SamplingLick","floor":19.0},{"not_picked":["Slimebound:LeechEnergy","Slimebound:BestDefense"],"picked":"Slimebound:Grow","floor":20.0},{"not_picked":["Slimebound:DisruptingSlam+1","Slimebound:GrowthPunch+1"],"picked":"Slimebound:TongueLash","floor":21.0},{"not_picked":["Slimebound:Recollect+1","Slimebound:SlimeSpikes"],"picked":"Slimebound:SpikyOuterGoop","floor":22.0},{"not_picked":["Slimebound:LevelUp+1","Slimebound:RollThrough"],"picked":"Slimebound:FinishingTackle+1","floor":25.0},{"not_picked":["Slimebound:SplitLeeching","Slimebound:ProtectTheBoss"],"picked":"Slimebound:LeechingTouch","floor":28.0},{"not_picked":["Slimebound:LeadByExample","Slimebound:RollThrough"],"picked":"Slimebound:Prepare","floor":31.0},{"not_picked":["Slimebound:HungryTackle","Slimebound:PrepareCrush"],"picked":"Slimebound:RainOfGoop+1","floor":32.0},{"not_picked":["Slimebound:SelfFormingGoo","Slimebound:MassRepurpose"],"picked":"Slimebound:DuplicatedForm","floor":33.0},{"not_picked":["Slimebound:FinishingTackle","Slimebound:SamplingLick+1","Slimebound:ViciousTackle"],"picked":"SKIP","floor":36.0},{"not_picked":["Slimebound:GoopSpray","Slimebound:ForwardTackle"],"picked":"Slimebound:Replication","floor":37.0},{"not_picked":["Slimebound:PressTheAttack+1","Slimebound:LevelUp+1"],"picked":"Slimebound:DisruptingSlam","floor":38.0},{"not_picked":["Slimebound:SamplingLick","Slimebound:GoopSpray+1","Slimebound:SlimeSpikes+1"],"picked":"SKIP","floor":39}],"player_experience":712531,"relics_obtained":[{"floor":6.0,"key":"theForsaken:Kindling"},{"floor":7.0,"key":"Vajra"},{"floor":10.0,"key":"Letter Opener"},{"floor":27.0,"key":"Whetstone"}],"event_choices":[{"damage_healed":0.0,"max_hp_gain":0.0,"max_hp_loss":0.0,"gold_gain":0.0,"event_name":"Living Wall","player_choice":"Grow","floor":5.0,"gold_loss":0.0,"damage_taken":0.0,"cards_upgraded":["Slimebound:Split"]},{"damage_healed":26.0,"max_hp_gain":0.0,"max_hp_loss":0.0,"gold_gain":0.0,"event_name":"The Library","player_choice":"Heal","floor":30.0,"gold_loss":0.0,"damage_taken":0.0}],"is_beta":false,"boss_relics":[{"not_picked":["SacredBark","Sozu"],"picked":"Slimebound:AbsorbEndCombatUpgraded"},{"not_picked":["Fusion Hammer","beaked:MawFillet"],"picked":"Runesmith:UraniumAnvil"}],"items_purged_floors":[],"is_endless":false,"potions_floor_spawned":[4,10,11,19,28,32],"killed_by":"Reptomancer","ascension_level":2}}