{"host":"6fbjdsiu9jij34p7","time":1609892696,"event":{"mods":["2.2 Compatiblity","AchievementEnabler","BaseMod","Colored Map","DeckTracker","Highlight Path","Keyboard Shortcuts","Minty Spire (QoL Compilation)","Permanent Neow","Quick Restart","StSLib","SuperFastMode"],"gold_per_floor":[118,138,88,88,113,113,138,157,182,182,16,91,91,266,266,266,266],"floor_reached":16,"playtime":266,"items_purged":[],"score":126,"play_id":"1f866135-9e92-41c5-81a1-a265ad9f3f2c","local_time":"20210106092456","is_ascension_mode":true,"campfire_choices":[{"floor":6,"key":"REST"},{"data":"Body Slam","floor":10,"key":"SMITH"},{"floor":13,"key":"REST"},{"floor":15,"key":"REST"}],"circlet_count":0,"master_deck":["Strike_R+1","Strike_R","Strike_R+1","Strike_R","Defend_R","Defend_R","Defend_R","Defend_R","Bash","Heavy Blade","Body Slam+1","Thunderclap","Thunderclap","Battle Trance"],"relics":["Burning Blood","Omamori","Golden Idol","Whetstone","Membership Card"],"acts_visited":["Exordium"],"potions_floor_usage":[16],"damage_taken":[{"damage":11,"enemies":"Jaw Worm","floor":1,"turns":5},{"damage":10,"enemies":"Small Slimes","floor":2,"turns":4},{"damage":14,"enemies":"2 Louse","floor":5,"turns":3},{"damage":14,"enemies":"Large Slime","floor":7,"turns":7},{"damage":16,"enemies":"Exordium Wildlife","floor":8,"turns":3},{"damage":80,"enemies":"Hexaghost","floor":16,"turns":9}],"seed_played":"8042149294574125228","potions_obtained":[{"floor":8,"key":"Weak Potion"}],"is_trial":false,"path_per_floor":["M","M","?","?","M","R","M","M","T","R","$","?","R","?","R","B"],"character_chosen":"IRONCLAD","items_purchased":["Membership Card","Battle Trance"],"campfire_rested":3,"item_purchase_floors":[11,11],"current_hp_per_floor":[67,63,63,43,35,59,51,41,41,41,41,30,54,54,78,0,0],"gold":266,"neow_bonus":"RANDOM_COMMON_RELIC","is_daily":false,"chose_seed":false,"campfire_upgraded":1,"win_rate":0.0,"timestamp":1609892696,"path_taken":["M","M","?","?","M","R","M","M","T","R","$","?","R","?","R","BOSS"],"items_purchased_type":["Relic","Card"],"build_version":"2020-12-22","purchased_purges":0,"victory":false,"max_hp_per_floor":[80,80,80,80,80,80,80,80,80,80,80,80,80,80,80,80,80],"card_choices":[{"not_picked":["Wild Strike","Sword Boomerang"],"picked":"Heavy Blade","floor":1},{"not_picked":["Feel No Pain","Reckless Charge","Power Through"],"picked":"SKIP","floor":2},{"not_picked":["Second Wind","Metallicize"],"picked":"Body Slam","floor":5},{"not_picked":["Twin Strike","Disarm"],"picked":"Thunderclap","floor":7},{"not_picked":["Clothesline","Thunderclap","Armaments"],"picked":"SKIP","floor":8},{"not_picked":["Clothesline","Armaments"],"picked":"Thunderclap","floor":8}],"player_experience":246764,"relics_obtained":[{"floor":9,"key":"Whetstone"}],"event_choices":[{"cards_removed":["Strike_R"],"damage_healed":0,"gold_gain":0,"player_choice":"Card Removal","damage_taken":0,"max_hp_gain":0,"max_hp_loss":0,"event_name":"The Cleric","floor":3,"gold_loss":50},{"damage_healed":0,"gold_gain":0,"player_choice":"Take Damage","damage_taken":20,"relics_obtained":["Golden Idol"],"max_hp_gain":0,"max_hp_loss":0,"event_name":"Golden Idol","floor":4,"gold_loss":0},{"damage_healed":0,"gold_gain":75,"player_choice":"Gather Gold","damage_taken":11,"max_hp_gain":0,"max_hp_loss":0,"event_name":"World of Goop","floor":12,"gold_loss":0},{"damage_healed":0,"gold_gain":175,"player_choice":"AGREE","damage_taken":0,"max_hp_gain":0,"max_hp_loss":0,"event_name":"Liars Game","floor":14,"gold_loss":0,"cards_obtained":["Doubt"]}],"is_beta":false,"boss_relics":[],"items_purged_floors":[],"is_endless":false,"potions_floor_spawned":[8],"killed_by":"Hexaghost","ascension_level":8}}