{"host":"w4b7hmige5bnqipq","time":1609920934,"event":{"mods":["2.2 Compatiblity","BaseMod","Colored Map","DeckTracker","Keyboard Shortcuts","Minty Spire (QoL Compilation)","Permanent Neow","Rare Cards Sparkle","SuperFastMode","everything is the same but u backflip on backflip","slay the spire mod where everything is the same but ironclad has a cowboy hat"],"gold_per_floor":[119,133,133,150,150,150,169,169,169,169,185,197,225,150,150,150,150],"floor_reached":16,"playtime":540,"items_purged":["Strike_G"],"score":204,"play_id":"37bece22-74dd-4f7f-9e06-992d8561a7c4","local_time":"20210106171534","is_ascension_mode":true,"campfire_choices":[{"data":"Riddle With Holes","floor":6.0,"key":"SMITH"},{"data":"Neutralize","floor":8.0,"key":"SMITH"},{"data":"Endless Agony","floor":10.0,"key":"SMITH"},{"floor":15.0,"key":"REST"}],"circlet_count":0,"master_deck":["AscendersBane","Strike_G","Strike_G","Defend_G","Defend_G","Defend_G","Defend_G","Defend_G","Survivor","Neutralize+1","Endless Agony+1","Cloak And Dagger","Riddle With Holes+1","Blur","Dagger Throw","Backflip"],"relics":["Ring of the Snake","Ornamental Fan","Lizard Tail"],"acts_visited":["Exordium"],"potions_floor_usage":[16,16],"damage_taken":[{"damage":0.0,"enemies":"Cultist","floor":1.0,"turns":5.0},{"damage":0.0,"enemies":"2 Louse","floor":2.0,"turns":3.0},{"damage":9.0,"enemies":"Jaw Worm","floor":4.0,"turns":7.0},{"damage":2.0,"enemies":"Lots of Slimes","floor":7.0,"turns":7.0},{"damage":2.0,"enemies":"Blue Slaver","floor":11.0,"turns":4.0},{"damage":13.0,"enemies":"Exordium Thugs","floor":12.0,"turns":4.0},{"damage":11.0,"enemies":"3 Sentries","floor":13.0,"turns":11.0},{"damage":74,"enemies":"Slime Boss","floor":16,"turns":18}],"seed_played":"-2787359413764473471","potions_obtained":[{"floor":2.0,"key":"Swift Potion"},{"floor":11.0,"key":"Poison Potion"},{"floor":12.0,"key":"Weak Potion"},{"floor":13.0,"key":"Block Potion"}],"is_trial":false,"path_per_floor":["M","M","?","M","?","R","M","R","T","R","M","M","E","$","R","B"],"character_chosen":"THE_SILENT","items_purchased":[],"campfire_rested":1,"item_purchase_floors":[],"current_hp_per_floor":[59,59,52,43,43,43,41,41,41,41,39,26,15,15,34,0,0],"gold":150,"neow_bonus":"TRANSFORM_CARD","is_daily":false,"chose_seed":false,"campfire_upgraded":3,"win_rate":0.0,"timestamp":1609920934,"path_taken":["M","?","?","M","?","R","M","R","T","R","?","M","E","?","R","BOSS"],"items_purchased_type":[],"build_version":"2020-12-22","purchased_purges":1,"victory":false,"max_hp_per_floor":[66,66,66,66,66,66,66,66,66,66,66,66,66,66,66,66,66],"card_choices":[{"not_picked":["Deflect","Sucker Punch"],"picked":"Cloak And Dagger","floor":1.0},{"not_picked":["Choke","Leg Sweep"],"picked":"Riddle With Holes","floor":2.0},{"not_picked":["Sucker Punch","Slice","Quick Slash"],"picked":"SKIP","floor":4.0},{"not_picked":["Underhanded Strike","Bane"],"picked":"Blur","floor":7.0},{"not_picked":["Bane","Distraction","Deflect"],"picked":"SKIP","floor":11.0},{"not_picked":["Dagger Spray","Skewer"],"picked":"Dagger Throw","floor":12.0},{"not_picked":["Burst","Masterful Stab"],"picked":"Backflip","floor":13.0}],"player_experience":474047,"relics_obtained":[{"floor":9.0,"key":"Ornamental Fan"},{"floor":13.0,"key":"Lizard Tail"}],"event_choices":[{"cards_removed":["Strike_G"],"damage_healed":0.0,"max_hp_gain":0.0,"max_hp_loss":0.0,"gold_gain":0.0,"event_name":"Golden Wing","player_choice":"Card Removal","floor":3.0,"gold_loss":0.0,"damage_taken":7.0},{"damage_healed":0.0,"max_hp_gain":0.0,"max_hp_loss":0.0,"gold_gain":0.0,"event_name":"Liars Game","player_choice":"Ignored","floor":5.0,"gold_loss":0.0,"damage_taken":0.0}],"is_beta":false,"boss_relics":[],"items_purged_floors":[14],"is_endless":false,"potions_floor_spawned":[2,11,12,13],"killed_by":"Slime Boss","ascension_level":20}}