{"host":"newqdrzxfhh2im9e","time":1609915763,"event":{"mods":["AchievementEnabler","BaseMod","BetterRewards","Block Reminder","Colored Map","Jorbs\u0027s Wanderer Trilogy","Minty Spire (QoL Compilation)","Rare Cards Sparkle","Shop Mod","StSLib"],"gold_per_floor":[115,132,132,146,163,163,198,198,198,213,231,249,249,249],"floor_reached":13,"playtime":683,"items_purged":[],"score":89,"play_id":"bb988263-9dfc-4617-9b11-f5e0c3acff9a","local_time":"20210105224923","is_ascension_mode":false,"campfire_choices":[{"data":"MasterReality","floor":6,"key":"SMITH"},{"data":"Blasphemy","floor":8,"key":"SMITH"}],"circlet_count":0,"master_deck":["Strike_P","Strike_P","Strike_P","Strike_P","Defend_P","Defend_P","Defend_P","Defend_P","Eruption","Vigilance","Weave","MasterReality+1","Pray","Blasphemy+1","Meditate","WaveOfTheHand","FearNoEvil"],"relics":["PureWater","NeowsBlessing","Pear","Turnip","Incense Burner"],"acts_visited":["Exordium"],"potions_floor_usage":[5,12,12,13],"damage_taken":[{"damage":0,"enemies":"Small Slimes","floor":1,"turns":1},{"damage":0,"enemies":"Cultist","floor":2,"turns":1},{"damage":0,"enemies":"Jaw Worm","floor":4,"turns":1},{"damage":0,"enemies":"Exordium Wildlife","floor":5,"turns":1},{"damage":28,"enemies":"Gremlin Nob","floor":7,"turns":3},{"damage":3,"enemies":"Large Slime","floor":10,"turns":5},{"damage":3,"enemies":"3 Louse","floor":11,"turns":2},{"damage":100018,"enemies":"Exordium Thugs","floor":12,"turns":6},{"damage":27,"enemies":"Lagavulin","floor":13,"turns":7}],"seed_played":"-4893020926429961078","potions_obtained":[{"floor":4,"key":"SteroidPotion"},{"floor":7,"key":"FairyPotion"},{"floor":10,"key":"EntropicBrew"}],"is_trial":false,"path_per_floor":["M","M","?","M","M","R","E","R","T","M","M","M","E"],"character_chosen":"WATCHER","items_purchased":[],"campfire_rested":0,"item_purchase_floors":[],"current_hp_per_floor":[72,72,82,82,82,82,54,54,54,51,48,24,0,0],"gold":249,"neow_bonus":"THREE_ENEMY_KILL","is_daily":false,"chose_seed":false,"campfire_upgraded":2,"win_rate":0.0,"timestamp":1609915763,"path_taken":["M","M","?","M","M","R","E","R","T","M","M","?","E"],"items_purchased_type":[],"build_version":"2020-12-22","purchased_purges":0,"victory":false,"max_hp_per_floor":[72,72,82,82,82,82,82,82,82,82,82,82,82,82],"card_choices":[{"not_picked":["Prostrate","ClearTheMind"],"picked":"Weave","floor":1},{"not_picked":["ClearTheMind","FlyingSleeves"],"picked":"JustLucky","floor":2},{"not_picked":["WreathOfFlame","FlyingSleeves"],"picked":"MasterReality","floor":4},{"not_picked":["JustLucky","Swivel"],"picked":"Pray","floor":5},{"not_picked":["ForeignInfluence","FollowUp"],"picked":"Blasphemy","floor":7},{"not_picked":["Evaluate","Crescendo"],"picked":"Meditate","floor":10},{"not_picked":["FlyingSleeves","PathToVictory"],"picked":"WaveOfTheHand","floor":11},{"not_picked":["CarveReality","Crescendo"],"picked":"FearNoEvil","floor":12}],"player_experience":696432,"relics_obtained":[{"floor":7,"key":"Turnip"},{"floor":9,"key":"Incense Burner"}],"event_choices":[{"cards_removed":["JustLucky"],"damage_healed":0,"gold_gain":0,"player_choice":"Gave Card","damage_taken":0,"relics_obtained":["Pear"],"max_hp_gain":0,"max_hp_loss":0,"event_name":"WeMeetAgain","floor":3,"gold_loss":0}],"is_beta":false,"boss_relics":[],"items_purged_floors":[],"is_endless":false,"potions_floor_spawned":[4,7,10],"killed_by":"Lagavulin","ascension_level":0}}