{"host":"t9ey1ebdrj6sa9fi","time":1609976422,"event":{"mods":["BaseMod","Minty Spire (QoL Compilation)","Optimize The Spire"],"gold_per_floor":[114,114,114,126,143,143,170,170,170,199,199],"floor_reached":10,"playtime":240,"items_purged":[],"score":166,"play_id":"0550c390-7782-4b15-8e47-687b8db23104","local_time":"20210107004022","is_ascension_mode":true,"campfire_choices":[{"floor":6,"key":"REST"},{"floor":8,"key":"RECALL"}],"circlet_count":0,"master_deck":["Strike_B","Strike_B","Strike_B","Strike_B","Defend_B","Defend_B","Defend_B","Defend_B","Zap","Dualcast","Darkness","Turbo","Coolheaded","Chill","Heatsinks"],"relics":["Cracked Core","Meat on the Bone","Kunai"],"acts_visited":["Exordium"],"potions_floor_usage":[],"damage_taken":[{"damage":4.0,"enemies":"Small Slimes","floor":1.0,"turns":3.0},{"damage":7.0,"enemies":"Jaw Worm","floor":4.0,"turns":3.0},{"damage":0,"enemies":"2 Louse","floor":5,"turns":1},{"damage":0,"enemies":"3 Sentries","floor":7,"turns":1},{"damage":0,"enemies":"Gremlin Nob","floor":10,"turns":2}],"seed_played":"952581686867907438","potions_obtained":[{"floor":1.0,"key":"LiquidMemories"},{"floor":4.0,"key":"AttackPotion"},{"floor":7,"key":"SpeedPotion"}],"is_trial":false,"path_per_floor":["M","?","$","M","M","R","E","R","T","E"],"character_chosen":"DEFECT","items_purchased":[],"campfire_rested":1,"item_purchase_floors":[],"current_hp_per_floor":[78,78,78,71,71,82,82,82,82,82,82],"gold":199,"neow_bonus":"TEN_PERCENT_HP_BONUS","is_daily":false,"chose_seed":false,"campfire_upgraded":0,"win_rate":0.0,"timestamp":1609976422,"path_taken":["M","?","$","M","M","R","E","R","T","E"],"items_purchased_type":[],"build_version":"2020-12-22","purchased_purges":0,"victory":false,"max_hp_per_floor":[82,82,82,82,82,82,82,82,82,82,82],"card_choices":[{"not_picked":["Rip and Tear","Hologram"],"picked":"Darkness","floor":1.0},{"not_picked":["Scrape","Streamline"],"picked":"Turbo","floor":4.0},{"not_picked":["Rebound","Heatsinks"],"picked":"Coolheaded","floor":5},{"not_picked":["Skim","Machine Learning"],"picked":"Chill","floor":7},{"not_picked":["Ball Lightning","Leap"],"picked":"Heatsinks","floor":10}],"player_experience":27140,"relics_obtained":[{"floor":7,"key":"Meat on the Bone"},{"floor":10,"key":"Kunai"}],"event_choices":[{"damage_healed":0.0,"max_hp_gain":0.0,"max_hp_loss":0.0,"gold_gain":0.0,"event_name":"Shining Light","player_choice":"Ignored","floor":2.0,"gold_loss":0.0,"damage_taken":0.0}],"is_beta":false,"boss_relics":[],"items_purged_floors":[],"is_endless":false,"potions_floor_spawned":[1,4,7],"killed_by":"Gremlin Nob","ascension_level":2}}