{"host":"qa029bqsloh3rj2z","time":1609960347,"event":{"mods":["AchievementEnabler","BaseMod","Colored Powertips","DeckTracker","Minty Spire (QoL Compilation)"],"gold_per_floor":[113,59,79,79,99,99,99,99,125,125,135,160,160,170,170,273,273,283,208,123,136,136,136,36,55,107,107,107,107,124,139,139,139,139],"floor_reached":33,"playtime":1223,"items_purged":["Defend_R","Defend_R"],"score":235,"play_id":"73d5804c-7009-47fe-844b-4e6623e76dbb","local_time":"20210106141227","is_ascension_mode":false,"campfire_choices":[{"data":"Bash","floor":6,"key":"SMITH"},{"data":"Clash","floor":8,"key":"SMITH"},{"floor":10,"key":"REST"},{"floor":15,"key":"REST"},{"floor":23,"key":"REST"},{"floor":28,"key":"REST"},{"floor":32,"key":"REST"}],"circlet_count":0,"master_deck":["Strike_R","Strike_R","Strike_R+1","Strike_R","Defend_R","Defend_R","Bash+1","Shrug It Off+1","Clash+1","Anger+1"],"relics":["Burning Blood","NeowsBlessing","Molten Egg 2","Potion Belt","Pen Nib","SlaversCollar","Red Skull","Anchor"],"acts_visited":["Exordium","TheCity"],"potions_floor_usage":[21,33],"damage_taken":[{"damage":0,"enemies":"2 Louse","floor":1,"turns":1},{"damage":0,"enemies":"Small Slimes","floor":3,"turns":1},{"damage":0,"enemies":"Cultist","floor":5,"turns":1},{"damage":10,"enemies":"Exordium Thugs","floor":11,"turns":4},{"damage":11,"enemies":"3 Louse","floor":14,"turns":3},{"damage":63,"enemies":"The Guardian","floor":16,"turns":11},{"damage":33,"enemies":"Shell Parasite","floor":18,"turns":6},{"damage":0,"enemies":"Chosen","floor":21,"turns":4},{"damage":28,"enemies":"Snake Plant","floor":25,"turns":4},{"damage":20,"enemies":"Snecko","floor":30,"turns":4},{"damage":15,"enemies":"Shelled Parasite and Fungi","floor":31,"turns":5},{"damage":73,"enemies":"Champ","floor":33,"turns":7}],"seed_played":"-6713503348464085009","potions_obtained":[{"floor":1,"key":"Fire Potion"},{"floor":16,"key":"SteroidPotion"},{"floor":25,"key":"CultistPotion"},{"floor":31,"key":"DistilledChaos"}],"is_trial":false,"path_per_floor":["M","$","M","?","M","R","?","R","T","R","M","T","?","M","R","B",null,"M","$","?","M","?","R","$","M","T","?","R","?","M","M","R","B"],"character_chosen":"IRONCLAD","items_purchased":["Clash"],"campfire_rested":5,"item_purchase_floors":[2],"current_hp_per_floor":[80,80,80,64,70,70,70,70,70,80,76,76,69,64,80,23,80,53,53,53,59,59,80,80,58,58,43,68,68,54,45,70,0,0],"gold":139,"neow_bonus":"THREE_ENEMY_KILL","is_daily":false,"chose_seed":false,"campfire_upgraded":2,"win_rate":0.0,"timestamp":1609960347,"path_taken":["M","$","M","?","M","R","?","R","T","R","?","?","?","M","R","BOSS","M","$","?","M","?","R","$","M","T","?","R","?","M","M","R","BOSS"],"items_purchased_type":["Card"],"build_version":"2020-12-22","purchased_purges":2,"victory":false,"max_hp_per_floor":[80,80,80,80,80,80,80,80,80,80,80,80,80,80,80,80,80,80,80,80,80,80,80,80,80,80,85,85,85,85,85,85,85,85],"card_choices":[{"not_picked":["Iron Wave","Clothesline"],"picked":"Shrug It Off","floor":1},{"not_picked":["Body Slam","Blood for Blood","Perfected Strike"],"picked":"SKIP","floor":3},{"not_picked":["Seeing Red","True Grit","Cleave"],"picked":"SKIP","floor":5},{"not_picked":["Anger+1","Armaments","Blood for Blood+1"],"picked":"SKIP","floor":11},{"not_picked":["Whirlwind+1","Anger+1","Pommel Strike+1"],"picked":"SKIP","floor":14},{"not_picked":["Shrug It Off","Twin Strike+1","Intimidate"],"picked":"SKIP","floor":18},{"not_picked":["Sever Soul+1","Perfected Strike+1","Battle Trance"],"picked":"SKIP","floor":21},{"not_picked":["Disarm","Armaments","Warcry"],"picked":"SKIP","floor":25},{"not_picked":["Clothesline+1","Second Wind","Rupture"],"picked":"SKIP","floor":30},{"not_picked":["Metallicize","Shrug It Off","Cleave+1"],"picked":"SKIP","floor":31}],"player_experience":17507,"relics_obtained":[{"floor":9,"key":"Potion Belt"},{"floor":12,"key":"Pen Nib"},{"floor":26,"key":"Anchor"}],"event_choices":[{"damage_healed":0,"gold_gain":0,"player_choice":"Entered Light","damage_taken":16,"max_hp_gain":0,"max_hp_loss":0,"event_name":"Shining Light","floor":4,"gold_loss":0,"cards_upgraded":["Shrug It Off","Strike_R"]},{"damage_healed":0,"gold_gain":0,"player_choice":"Gave Potion","damage_taken":0,"relics_obtained":["Molten Egg 2"],"max_hp_gain":0,"max_hp_loss":0,"event_name":"WeMeetAgain","floor":7,"gold_loss":0},{"cards_removed":["Strike_R"],"damage_healed":0,"gold_gain":0,"player_choice":"Card Removal","damage_taken":7,"max_hp_gain":0,"max_hp_loss":0,"event_name":"Golden Wing","floor":13,"gold_loss":0},{"damage_healed":0,"gold_gain":0,"player_choice":"Obtained Relic","damage_taken":0,"relics_obtained":["Red Skull"],"max_hp_gain":0,"max_hp_loss":0,"event_name":"Addict","floor":20,"gold_loss":85},{"damage_healed":0,"gold_gain":0,"player_choice":"Read","damage_taken":0,"max_hp_gain":0,"max_hp_loss":0,"event_name":"The Library","floor":22,"gold_loss":0,"cards_obtained":["Anger"]},{"damage_healed":0,"gold_gain":0,"player_choice":"Shed Blood","damage_taken":20,"max_hp_gain":5,"max_hp_loss":0,"event_name":"Forgotten Altar","floor":27,"gold_loss":0},{"damage_healed":0,"gold_gain":0,"player_choice":"Ignored","damage_taken":0,"max_hp_gain":0,"max_hp_loss":0,"event_name":"The Mausoleum","floor":29,"gold_loss":0}],"is_beta":false,"boss_relics":[{"not_picked":["Runic Dome","Runic Pyramid"],"picked":"SlaversCollar"}],"items_purged_floors":[19,24],"is_endless":false,"potions_floor_spawned":[1,16,25,31],"killed_by":"Champ","ascension_level":0}}