{"host":"873t0y8ybyo38pfq","time":1609972898,"event":{"mods":["BaseMod","Bestiary","Colored Map","Colored Powertips","Highlight Path","Minty Spire (QoL Compilation)","Quick Restart","RNG Fix","Rare Cards Sparkle","Relic Stats","StSLib"],"gold_per_floor":[111,9,24,24,24,24,49,49,49,79,154,154,165,440,440,515,515,528,182,194,94,9,40,40,58,111,161,190,190,190,65,65,139,139,153,153,166,191,211,236,236,255,255,266,279,296,88,104,104,104,104],"floor_reached":50,"playtime":1858,"items_purged":["Pain","Regret","Strike_B","Injury"],"score":1111,"play_id":"2e26e43b-ad35-4c31-8ee0-4f0c0d863015","local_time":"20210106174138","is_ascension_mode":true,"campfire_choices":[{"data":"Zap","floor":6,"key":"SMITH"},{"data":"Dualcast","floor":8,"key":"SMITH"},{"floor":12,"key":"REST"},{"floor":15,"key":"REST"},{"floor":24,"key":"REST"},{"floor":29,"key":"REST"},{"floor":32,"key":"REST"},{"floor":41,"key":"REST"},{"floor":49,"key":"RECALL"}],"circlet_count":0,"master_deck":["AscendersBane","Strike_B","Defend_B","Defend_B","Defend_B","Defend_B","Zap+1","Dualcast+1","Sweeping Beam","Doom and Gloom","Compile Driver","Cold Snap","Leap","Seek","Echo Form","Rainbow","Conserve Battery","Redo+1","Leap+1","Defragment","Loop","Core Surge+1","Conserve Battery","Hologram","Hologram+1","Chaos","Glacier+1","Defragment","Hologram+1","Turbo"],"relics":["Cracked Core","NeowsBlessing","WarpedTongs","Strawberry","InkBottle","Lantern","Fusion Hammer","Mummified Hand","Letter Opener","Molten Egg 2","Dream Catcher","Bottled Lightning","Cursed Key","Peace Pipe","Orichalcum"],"acts_visited":["Exordium","TheCity","TheBeyond"],"potions_floor_usage":[23,25,28,28,40,46,48,50],"damage_taken":[{"damage":0,"enemies":"Jaw Worm","floor":1,"turns":1},{"damage":0,"enemies":"Cultist","floor":3,"turns":1},{"damage":1,"enemies":"Lagavulin","floor":7,"turns":1},{"damage":22,"enemies":"3 Sentries","floor":10,"turns":4},{"damage":1,"enemies":"Small Slimes","floor":13,"turns":2},{"damage":23,"enemies":"Slime Boss","floor":16,"turns":5},{"damage":12,"enemies":"3 Byrds","floor":18,"turns":4},{"damage":14,"enemies":"2 Thieves","floor":20,"turns":3},{"damage":40,"enemies":"Slavers","floor":23,"turns":4},{"damage":0,"enemies":"Centurion and Healer","floor":25,"turns":4},{"damage":19,"enemies":"Book of Stabbing","floor":28,"turns":4},{"damage":18,"enemies":"Automaton","floor":33,"turns":8},{"damage":7,"enemies":"3 Darklings","floor":35,"turns":3},{"damage":7,"enemies":"Orb Walker","floor":37,"turns":3},{"damage":0,"enemies":"Mind Bloom Boss Battle","floor":38,"turns":6},{"damage":10,"enemies":"Sphere and 2 Shapes","floor":39,"turns":5},{"damage":36,"enemies":"Nemesis","floor":40,"turns":7},{"damage":5,"enemies":"Jaw Worm Horde","floor":42,"turns":4},{"damage":0,"enemies":"3 Darklings","floor":44,"turns":4},{"damage":0,"enemies":"4 Shapes","floor":45,"turns":4},{"damage":0,"enemies":"Spire Growth","floor":46,"turns":5},{"damage":4,"enemies":"Writhing Mass","floor":48,"turns":5},{"damage":46,"enemies":"Time Eater","floor":50,"turns":5}],"seed_played":"1513214240044629559","potions_obtained":[{"floor":3,"key":"GamblersBrew"},{"floor":10,"key":"FearPotion"},{"floor":23,"key":"DistilledChaos"},{"floor":25,"key":"BlessingOfTheForge"},{"floor":28,"key":"Weak Potion"},{"floor":35,"key":"SkillPotion"},{"floor":37,"key":"Ancient Potion"},{"floor":45,"key":"ColorlessPotion"},{"floor":48,"key":"LiquidMemories"}],"is_trial":false,"path_per_floor":["M","$","M","?","$","R","E","R","T","E","?","R","M","?","R","B",null,"M","$","M","$","?","E","R","M","T","?","E","R","?","$","R","B",null,"M","?","M","?","M","E","R","M","T","M","M","M","$","M","R","B"],"character_chosen":"DEFECT","items_purchased":["Doom and Gloom","Compile Driver","Mummified Hand","Turbo"],"campfire_rested":6,"item_purchase_floors":[2,2,19,47],"current_hp_per_floor":[64,64,64,64,64,64,70,70,70,48,37,60,59,59,78,55,72,60,60,46,46,46,6,29,29,29,29,10,33,33,33,56,38,68,61,61,54,54,44,8,31,26,26,26,26,26,26,22,22,0,0],"gold":104,"neow_bonus":"THREE_ENEMY_KILL","is_daily":false,"chose_seed":false,"campfire_upgraded":2,"win_rate":0.0,"timestamp":1609972898,"path_taken":["M","$","M","?","?","R","E","R","T","E","?","R","?","?","R","BOSS","M","$","M","$","?","E","R","?","T","?","E","R","?","?","R","BOSS","M","?","M","?","M","E","R","M","T","M","?","M","$","M","R","BOSS"],"items_purchased_type":["Card","Card","Relic","Card"],"build_version":"2020-12-22","purchased_purges":4,"victory":false,"max_hp_per_floor":[71,71,71,71,71,71,78,78,78,78,78,78,78,78,78,78,78,78,78,78,78,78,78,78,78,78,78,78,78,78,78,78,78,78,78,78,78,78,78,78,78,78,78,78,78,78,78,78,78,78,78],"relic_stats":{"Peace Pipe":0,"Dream Catcher":3,"counters":[23,92],"Mummified Hand":[57],"Letter Opener":[322],"Orichalcum":[6],"Cursed Key":1,"obtain_stats":[{"Lantern":10,"NeowsBlessing":0,"Letter Opener":22,"Orichalcum":40,"Cursed Key":34,"WarpedTongs":4,"Peace Pipe":38,"Dream Catcher":26,"Mummified Hand":19,"Strawberry":7,"Molten Egg 2":23,"Fusion Hammer":17,"Bottled Lightning":28,"Cracked Core":0,"InkBottle":9},{"Lantern":4,"NeowsBlessing":0,"Letter Opener":8,"Orichalcum":17,"Cursed Key":12,"WarpedTongs":2,"Peace Pipe":15,"Dream Catcher":10,"Mummified Hand":7,"Strawberry":3,"Molten Egg 2":9,"Fusion Hammer":6,"Bottled Lightning":11,"Cracked Core":0,"InkBottle":3},{"Lantern":7,"NeowsBlessing":0,"Letter Opener":21,"Orichalcum":65,"Cursed Key":41,"WarpedTongs":2,"Peace Pipe":53,"Dream Catcher":29,"Mummified Hand":18,"Strawberry":3,"Molten Egg 2":25,"Fusion Hammer":14,"Bottled Lightning":33,"Cracked Core":0,"InkBottle":3}],"InkBottle":[42],"WarpedTongs":[90]},"card_choices":[{"not_picked":["Rebound","Hologram"],"picked":"Sweeping Beam","floor":1},{"not_picked":["Sweeping Beam","Rebound"],"picked":"Cold Snap","floor":3},{"not_picked":["Coolheaded","Steam"],"picked":"Leap","floor":7},{"not_picked":["Force Field","White Noise"],"picked":"Seek","floor":10},{"not_picked":["Tempest","Storm","Sweeping Beam"],"picked":"SKIP","floor":13},{"not_picked":["Machine Learning","Creative AI"],"picked":"Echo Form","floor":16},{"not_picked":["Rebound","Barrage","Compile Driver"],"picked":"SKIP","floor":18},{"not_picked":["Sunder+1","Redo","Barrage"],"picked":"SKIP","floor":20},{"not_picked":["Reprogram+1","Rebound+1"],"picked":"Rainbow","floor":23},{"not_picked":["Scrape+1","Turbo"],"picked":"Conserve Battery","floor":25},{"not_picked":["Leap","Doom and Gloom+1"],"picked":"Redo+1","floor":28},{"not_picked":["Barrage+1","Streamline+1"],"picked":"Leap+1","floor":29},{"not_picked":["Electrodynamics","Fission"],"picked":"Core Surge+1","floor":33},{"not_picked":["Sweeping Beam+1","Scrape+1"],"picked":"Conserve Battery","floor":35},{"not_picked":["Ball Lightning+1","Coolheaded"],"picked":"Hologram","floor":37},{"not_picked":["Rebound+1","Ball Lightning+1"],"picked":"Hologram+1","floor":38},{"not_picked":["Auto Shields","Hello World"],"picked":"Chaos","floor":39},{"not_picked":["Fusion","Static Discharge+1"],"picked":"Glacier+1","floor":40},{"not_picked":["Consume+1","Conserve Battery","All For One+1"],"picked":"SKIP","floor":42},{"not_picked":["Darkness","Leap"],"picked":"Defragment","floor":44},{"not_picked":["FTL+1","Barrage+1","Fusion+1"],"picked":"SKIP","floor":45},{"not_picked":["Turbo","Double Energy+1"],"picked":"Hologram+1","floor":46},{"not_picked":["Barrage+1","Conserve Battery","Stack"],"picked":"SKIP","floor":48}],"player_experience":1533646,"relics_obtained":[{"floor":7,"key":"Strawberry"},{"floor":9,"key":"InkBottle"},{"floor":10,"key":"Lantern"},{"floor":23,"key":"Molten Egg 2"},{"floor":26,"key":"Dream Catcher"},{"floor":28,"key":"Bottled Lightning"},{"floor":38,"key":"Peace Pipe"},{"floor":40,"key":"Orichalcum"}],"event_choices":[{"damage_healed":0,"gold_gain":0,"player_choice":"Rummage","damage_taken":0,"relics_obtained":["WarpedTongs"],"max_hp_gain":0,"max_hp_loss":0,"event_name":"Accursed Blacksmith","floor":4,"gold_loss":0,"cards_obtained":["Pain"]},{"damage_healed":0,"gold_gain":75,"player_choice":"Gather Gold","damage_taken":11,"max_hp_gain":0,"max_hp_loss":0,"event_name":"World of Goop","floor":11,"gold_loss":0},{"damage_healed":0,"gold_gain":275,"player_choice":"Desecrate","damage_taken":0,"max_hp_gain":0,"max_hp_loss":0,"event_name":"Golden Shrine","floor":14,"gold_loss":0,"cards_obtained":["Regret"]},{"damage_healed":0,"gold_gain":0,"player_choice":"Obtained Relic","damage_taken":0,"relics_obtained":["Letter Opener"],"max_hp_gain":0,"max_hp_loss":0,"event_name":"Addict","floor":22,"gold_loss":85},{"damage_healed":0,"gold_gain":50,"player_choice":"Stole From Cult","damage_taken":0,"max_hp_gain":0,"max_hp_loss":0,"event_name":"Nest","floor":27,"gold_loss":0},{"damage_healed":0,"gold_gain":0,"cards_transformed":["Strike_B","Strike_B"],"player_choice":"Became Test Subject","damage_taken":0,"max_hp_gain":0,"max_hp_loss":0,"event_name":"Drug Dealer","floor":30,"gold_loss":0,"cards_obtained":["Defragment","Loop"]},{"damage_healed":0,"gold_gain":0,"player_choice":"Ignored","damage_taken":0,"max_hp_gain":0,"max_hp_loss":0,"event_name":"Tomb of Lord Red Mask","floor":36,"gold_loss":0},{"damage_healed":0,"gold_gain":0,"player_choice":"Fight","damage_taken":0,"max_hp_gain":0,"max_hp_loss":0,"event_name":"MindBloom","floor":38,"gold_loss":0}],"is_beta":false,"boss_relics":[{"not_picked":["Runic Pyramid","Philosopher\u0027s Stone"],"picked":"Fusion Hammer"},{"not_picked":["SlaversCollar","FrozenCore"],"picked":"Cursed Key"}],"items_purged_floors":[19,21,31,47],"is_endless":false,"potions_floor_spawned":[3,10,23,25,28,35,37,45,48],"killed_by":"Time Eater","ascension_level":20}}