{"host":"urcd10ipogtopotm","time":1609932804,"event":{"mods":["2.2 Compatiblity","AchievementEnabler","Act Like it!","Bard","BaseMod","Beaked The Cultist","Better Third Choice","Block Reminder","Colored Map","Colored Powertips","Downfall","Hallownest","Hermit","Highlight Path","Infinite Spire","Minty Spire (QoL Compilation)","Permanent Neow","Quick Restart","Random Character Button","Relic Stats","Replay The Spire","Shade Mod","Shop Mod","StSLib","The Blackbeard","The Bug Knight","The Construct","The Cursed","The Disciple","The Forsaken","The Hierophant","The Necromancer","The Runesmith","The Senshi","The Servant 0.9.4"],"gold_per_floor":[14,14,74,91,105,105,30,63,63,91,91,91,120,133,133,235,235,250,5,22,40,113,113,139,139,139,164,89,108,108,108,108,213,213,237,265,265,326,346,382,382,382,406,441,472,497,533,563,563,575,575,575,29,69,75],"floor_reached":56,"playtime":7848,"items_purged":["beaked:Strike_Y","beaked:Defend_Y","beaked:Strike_Y"],"score":1418,"play_id":"23dfc3bc-fb55-4b4d-8b19-6b9a3d17f857","local_time":"20210106063324","is_ascension_mode":false,"campfire_choices":[{"data":"infinitespire:Execution","floor":6.0,"key":"SMITH"},{"data":"beaked:BraceForImpact","floor":12.0,"key":"SMITH"},{"data":"beaked:Foresight","floor":15.0,"key":"SMITH"},{"data":"Specialist","floor":23.0,"key":"SMITH"},{"data":"beaked:KnowThyFoe","floor":25.0,"key":"SMITH"},{"floor":32.0,"key":"RECALL"},{"data":"beaked:MachineEssence","floor":42,"key":"SMITH"},{"data":"beaked:StickSmack","floor":49,"key":"SMITH"},{"data":"beaked:TuckingFeathers","floor":52,"key":"SMITH"}],"circlet_count":0,"master_deck":["beaked:Strike_Y","beaked:Strike_Y","beaked:Strike_Y","beaked:Defend_Y","beaked:Defend_Y","beaked:Ceremony","beaked:Ceremony","beaked:Ceremony","beaked:Windmill","infinitespire:Execution+1","beaked:TuckingFeathers+1","beaked:Brace","beaked:Foresight+1","beaked:WarriorSpirit+1","beaked:Daydream","beaked:BraceForImpact+1","beaked:KnowThyFoe+1","beaked:Insight","Specialist+1","beaked:BraceForImpact+1","beaked:Tweet","beaked:Windmill","infinitespire:Gouge","beaked:MachineEssence+1","beaked:MaddeningMurmurs","beaked:StickSmack+1","beaked:CrazyRituals"],"relics":["beaked:MendingPlumage","Ginger","beaked:ShinyBauble","infinitespire:CursedDice","Ice Cream","ReplayTheSpireMod:Shallot","FaceOfCleric","CultistMask","Mercury Hourglass","Black Star","Bronze Scales","Replay:Mystery Machine","infinitespire:Lucky Rock","theSenshi:FeatherClipsRelic","Blue Doll","Replay:Bandana","ChewingGum","construct:WeddingRing","Peace Pipe","InkBottle","Pondfish Scales","Anchor","theForsaken:HumbleEgg","Darkstone Periapt","Pet Ghost","Replay:PocketPolymizer","infinitespire:Golems Mask","Garlic","Replay:Wax Seal"],"acts_visited":["Exordium","TheCity","TheBeyond","TheEnding"],"potions_floor_usage":[40,40,50,55,55,55,55],"damage_taken":[{"damage":7.0,"enemies":"2 Louse","floor":1.0,"turns":4.0},{"damage":8.0,"enemies":"Jaw Worm","floor":4.0,"turns":5.0},{"damage":1.0,"enemies":"Cultist","floor":5.0,"turns":4.0},{"damage":38.0,"enemies":"3 Sentries","floor":8.0,"turns":11.0},{"damage":24.0,"enemies":"Gremlin Nob","floor":10.0,"turns":4.0},{"damage":0.0,"enemies":"HollowMod:MossKnight","floor":13.0,"turns":6.0},{"damage":7.0,"enemies":"Exordium Wildlife","floor":14.0,"turns":5.0},{"damage":12.0,"enemies":"The Guardian","floor":16.0,"turns":7.0},{"damage":15.0,"enemies":"2 Thieves","floor":18.0,"turns":4.0},{"damage":11.0,"enemies":"Snake Plant","floor":20.0,"turns":4.0},{"damage":22.0,"enemies":"Centurion and Healer","floor":21.0,"turns":8.0},{"damage":20.0,"enemies":"Gremlin Leader","floor":24.0,"turns":8.0},{"damage":8.0,"enemies":"Book of Stabbing","floor":27.0,"turns":4.0},{"damage":17.0,"enemies":"Chosen and Byrds","floor":29.0,"turns":5.0},{"damage":27.0,"enemies":"Automaton","floor":33.0,"turns":6.0},{"damage":12.0,"enemies":"3 Darklings","floor":35.0,"turns":5.0},{"damage":0.0,"enemies":"3 Shapes","floor":36.0,"turns":5.0},{"damage":86,"enemies":"2 Orb Walkers","floor":38,"turns":5},{"damage":49,"enemies":"Sphere and 2 Shapes","floor":39,"turns":8},{"damage":70,"enemies":"Reptomancer","floor":40,"turns":7},{"damage":0,"enemies":"R_Hoarder","floor":44,"turns":5},{"damage":35,"enemies":"Jaw Worm Horde","floor":45,"turns":4},{"damage":10,"enemies":"3 Darklings","floor":46,"turns":5},{"damage":0,"enemies":"HollowMod:StalkingDevout","floor":47,"turns":4},{"damage":0,"enemies":"Spire Growth","floor":48,"turns":3},{"damage":75,"enemies":"Awakened One","floor":50,"turns":8},{"damage":27,"enemies":"Shield and Spear","floor":54,"turns":5},{"damage":61,"enemies":"The Heart","floor":55,"turns":7}],"seed_played":"-1265377481851699046","potions_obtained":[{"floor":1.0,"key":"Regen Potion"},{"floor":14.0,"key":"Block Potion"},{"floor":16.0,"key":"Swift Potion"},{"floor":20.0,"key":"Ancient Potion"},{"floor":21.0,"key":"Weak Potion"},{"floor":24.0,"key":"DistilledChaos"},{"floor":38,"key":"LiquidBronze"},{"floor":39,"key":"champ:CounterPotion"},{"floor":44,"key":"SpeedPotion"},{"floor":48,"key":"AttackPotion"}],"is_trial":false,"path_per_floor":["M","?","?","M","M","R","$","E","T","E","?","R","E","M","R","B",null,"M","$","M","M","T","R","E","R","T","E","?","M","?","AVR","R","B",null,"M","M","?","?","M","E","?","R","T","E","M","M","E","M","R","B",null,"R","$","E","B",null],"character_chosen":"BEAKED_THE_CULTIST","items_purchased":["Bronze Scales","Specialist","infinitespire:Golems Mask","BlessingOfTheForge","Swift Potion","champ:CounterPotion"],"campfire_rested":0,"item_purchase_floors":[19,19,53,53,53,53],"current_hp_per_floor":[49,37,17,38,49,49,49,38,38,26,26,26,46,51,51,53,53,51,51,53,56,56,56,57,57,57,58,58,52,52,52,52,58,60,61,62,62,21,55,65,65,65,65,66,67,68,69,70,70,71,71,71,71,72,73],"gold":75,"neow_bonus":"ONE_RARE_RELIC","is_daily":false,"chose_seed":false,"campfire_upgraded":8,"win_rate":0.0,"timestamp":1609932804,"path_taken":["M","?","?","M","M","R","$","E","T","E","?","R","E","M","R","BOSS","M","$","M","M","?","R","E","R","T","E","?","M","?","AVR","R","BOSS","M","M","?","?","M","E","?","R","T","E","M","M","E","?","R","BOSS","R","$","E","BOSS"],"items_purchased_type":["Relic","Card","Relic","Potion","Potion","Potion"],"build_version":"2020-12-22","purchased_purges":3,"victory":true,"max_hp_per_floor":[50,50,50,50,50,50,50,50,50,50,50,50,51,52,52,53,53,54,54,55,56,56,56,57,57,57,58,58,59,59,59,59,60,60,61,62,62,63,64,65,65,65,65,66,67,68,69,70,70,71,71,71,71,72,73],"relic_stats":{"Peace Pipe":0,"Darkstone Periapt":0,"FaceOfCleric":23,"counters":[28,154],"Bronze Scales":[366],"Black Star":6,"Ginger":[11],"obtain_stats":[{"Ice Cream":9,"Darkstone Periapt":44,"beaked:ShinyBauble":3,"Replay:PocketPolymizer":47,"Blue Doll":27,"theSenshi:FeatherClipsRelic":26,"Ginger":0,"Replay:Mystery Machine":24,"Pet Ghost":47,"theForsaken:HumbleEgg":44,"Replay:Bandana":27,"FaceOfCleric":11,"infinitespire:Golems Mask":53,"Replay:Wax Seal":54,"InkBottle":40,"construct:WeddingRing":34,"infinitespire:CursedDice":8,"infinitespire:Lucky Rock":24,"Mercury Hourglass":13,"Peace Pipe":38,"Pondfish Scales":40,"Anchor":43,"ReplayTheSpireMod:Shallot":10,"Bronze Scales":19,"ChewingGum":31,"CultistMask":11,"Black Star":17,"Garlic":54,"beaked:MendingPlumage":0},{"Ice Cream":4,"Darkstone Periapt":21,"beaked:ShinyBauble":1,"Replay:PocketPolymizer":24,"Blue Doll":13,"theSenshi:FeatherClipsRelic":12,"Ginger":0,"Replay:Mystery Machine":12,"Pet Ghost":24,"theForsaken:HumbleEgg":21,"Replay:Bandana":13,"FaceOfCleric":5,"infinitespire:Golems Mask":26,"Replay:Wax Seal":27,"InkBottle":20,"construct:WeddingRing":15,"infinitespire:CursedDice":4,"infinitespire:Lucky Rock":12,"Mercury Hourglass":6,"Peace Pipe":18,"Pondfish Scales":20,"Anchor":20,"ReplayTheSpireMod:Shallot":5,"Bronze Scales":9,"ChewingGum":14,"CultistMask":5,"Black Star":8,"Garlic":27,"beaked:MendingPlumage":0},{"Ice Cream":24,"Darkstone Periapt":118,"beaked:ShinyBauble":4,"Replay:PocketPolymizer":131,"Blue Doll":74,"theSenshi:FeatherClipsRelic":70,"Ginger":0,"Replay:Mystery Machine":70,"Pet Ghost":131,"theForsaken:HumbleEgg":118,"Replay:Bandana":74,"FaceOfCleric":28,"infinitespire:Golems Mask":142,"Replay:Wax Seal":147,"InkBottle":113,"construct:WeddingRing":85,"infinitespire:CursedDice":24,"infinitespire:Lucky Rock":70,"Mercury Hourglass":34,"Peace Pipe":99,"Pondfish Scales":113,"Anchor":113,"ReplayTheSpireMod:Shallot":28,"Bronze Scales":50,"ChewingGum":79,"CultistMask":28,"Black Star":46,"Garlic":147,"beaked:MendingPlumage":0}],"InkBottle":[25],"Mercury Hourglass":[743]},"card_choices":[{"not_picked":["beaked:Poke","beaked:FeelMyPain"],"picked":"beaked:Windmill","floor":1.0},{"not_picked":["ReplayTheSpireMod:Haul","infinitespire:DeathsTouch"],"picked":"infinitespire:Execution","floor":2.0},{"not_picked":["ReplayTheSpireMod:Wings of Steel","beaked:MachineSpirit"],"picked":"beaked:TuckingFeathers","floor":3.0},{"not_picked":["beaked:Cower","beaked:MimicHuntress"],"picked":"beaked:Brace","floor":3.0},{"not_picked":["beaked:VigorBurst","beaked:HuntressEssence"],"picked":"beaked:Foresight","floor":4.0},{"not_picked":["beaked:DigDeep","beaked:Daydream"],"picked":"beaked:WarriorSpirit","floor":5.0},{"not_picked":["beaked:ScreechingChant","beaked:FeelMyPain"],"picked":"beaked:Daydream","floor":8.0},{"not_picked":["beaked:Redirect","beaked:Evade"],"picked":"beaked:BraceForImpact","floor":10.0},{"not_picked":["beaked:BounceBack","beaked:BloodForTheGods","beaked:Resilience"],"picked":"SKIP","floor":13.0},{"not_picked":["beaked:Mantra","beaked:WindBringer"],"picked":"beaked:KnowThyFoe","floor":14.0},{"not_picked":["beaked:TuckingFeathers+1","beaked:CursingBlood+1"],"picked":"beaked:Insight","floor":18.0},{"not_picked":["beaked:FeelMyPain","beaked:StickSmack+1"],"picked":"beaked:BraceForImpact+1","floor":20.0},{"not_picked":["beaked:Evade","beaked:Daydream+1","beaked:Redirect+1"],"picked":"SKIP","floor":21.0},{"not_picked":["beaked:Flinch","ReplayTheSpireMod:Wings of Steel+1","beaked:TuckingFeathers+1"],"picked":"SKIP","floor":24.0},{"not_picked":["beaked:FeelMyPain","beaked:DarkPact"],"picked":"beaked:Tweet","floor":27.0},{"not_picked":["beaked:Redirect","beaked:CursingBlood"],"picked":"beaked:Windmill","floor":29.0},{"not_picked":["beaked:VolatileMisfortune","beaked:LiftOff"],"picked":"beaked:MachineEssence","floor":33.0},{"not_picked":["beaked:Brace","beaked:BloodForTheGods+1","beaked:Evade"],"picked":"SKIP","floor":35.0},{"not_picked":["beaked:WarriorEssence","beaked:MimicWarrior+1"],"picked":"beaked:MaddeningMurmurs","floor":36.0},{"not_picked":["beaked:ShadowFade","beaked:Cower","beaked:Insight"],"picked":"SKIP","floor":39},{"not_picked":["beaked:Redirect","beaked:Roost+1","beaked:Daydream+1"],"picked":"SKIP","floor":40},{"not_picked":["beaked:Tradeoff+1","ReplayTheSpireMod:Prepare the Ceremony+1","beaked:MimicMachine"],"picked":"SKIP","floor":44},{"not_picked":["beaked:Evade+1","beaked:DigDeeper+1"],"picked":"beaked:StickSmack","floor":45},{"not_picked":["beaked:SurvivalInstinct+1","beaked:Poke+1","beaked:Flinch+1"],"picked":"SKIP","floor":46},{"not_picked":["beaked:Brace+1","beaked:Pecker","beaked:TuckingFeathers+1"],"picked":"SKIP","floor":47},{"not_picked":["beaked:Brace+1","beaked:Pecker","beaked:TuckingFeathers+1"],"picked":"SKIP","floor":47},{"not_picked":["beaked:FullHouse","beaked:Negation"],"picked":"beaked:CrazyRituals","floor":48},{"not_picked":["beaked:Daydream+1","beaked:Devastation+1","beaked:Evade+1"],"picked":"SKIP","floor":54}],"player_experience":113295,"relics_obtained":[{"floor":3.0,"key":"beaked:ShinyBauble"},{"floor":8.0,"key":"infinitespire:CursedDice"},{"floor":9.0,"key":"Ice Cream"},{"floor":10.0,"key":"ReplayTheSpireMod:Shallot"},{"floor":13.0,"key":"Mercury Hourglass"},{"floor":24.0,"key":"Replay:Mystery Machine"},{"floor":24.0,"key":"infinitespire:Lucky Rock"},{"floor":26.0,"key":"theSenshi:FeatherClipsRelic"},{"floor":27.0,"key":"Blue Doll"},{"floor":27.0,"key":"Replay:Bandana"},{"floor":38,"key":"Peace Pipe"},{"floor":40,"key":"InkBottle"},{"floor":40,"key":"Pondfish Scales"},{"floor":43,"key":"Anchor"},{"floor":44,"key":"theForsaken:HumbleEgg"},{"floor":44,"key":"Darkstone Periapt"},{"floor":47,"key":"Pet Ghost"},{"floor":47,"key":"Replay:PocketPolymizer"},{"floor":54,"key":"Garlic"},{"floor":54,"key":"Replay:Wax Seal"}],"event_choices":[{"damage_healed":0.0,"max_hp_gain":0.0,"max_hp_loss":0.0,"gold_gain":0.0,"event_name":"FaceTrader","player_choice":"Trade","floor":11.0,"gold_loss":0.0,"damage_taken":0.0,"relics_obtained":["FaceOfCleric"]},{"cards_removed":["beaked:Strike_Y"],"damage_healed":0.0,"max_hp_gain":0.0,"max_hp_loss":0.0,"gold_gain":0.0,"event_name":"Beggar","player_choice":"Gave Gold","floor":28.0,"gold_loss":75.0,"damage_taken":0.0},{"damage_healed":0.0,"max_hp_gain":0.0,"max_hp_loss":0.0,"gold_gain":0.0,"event_name":"Accursed Blacksmith","player_choice":"Forge","floor":30.0,"gold_loss":0.0,"damage_taken":0.0,"cards_upgraded":["beaked:WarriorSpirit"]},{"damage_healed":0,"gold_gain":0,"player_choice":"Ignored","damage_taken":0,"max_hp_gain":0,"max_hp_loss":0,"event_name":"Tomb of Lord Red Mask","floor":37,"gold_loss":0},{"damage_healed":0,"gold_gain":0,"player_choice":"Fight","damage_taken":0,"max_hp_gain":0,"max_hp_loss":0,"event_name":"Mysterious Sphere","floor":38,"gold_loss":0},{"cards_removed":["beaked:Defend_Y"],"damage_healed":0,"gold_gain":0,"player_choice":"Removed Skill","damage_taken":0,"max_hp_gain":0,"max_hp_loss":0,"event_name":"Falling","floor":41,"gold_loss":0}],"is_beta":false,"boss_relics":[{"not_picked":["Fusion Hammer","Replay:Ancient Bell"],"picked":"Black Star"},{"not_picked":["beaked:SacredDeck","Calling Bell"],"picked":"construct:WeddingRing"}],"items_purged_floors":[7,31,53],"is_endless":false,"potions_floor_spawned":[1,14,16,20,21,24,38,39,44,48],"ascension_level":0}}