{"host":"68ypu360vyldwzrz","time":1609921435,"event":{"mods":["Act Like it!","BaseMod","Better Third Choice","Better Vampires","BetterRewards","CapriCore","Downfall","Friendly Minions","GifTheSpireLib","Hermit","Hubris","Jorbs\u0027s Wanderer Trilogy","Luminous","Marisa????????","Minty Spire (QoL Compilation)","Quick Restart","Relic Stats","Remilia??????","Shade Mod","Shop Mod","StSLib","Td1madao Mod","The Administrix","The Alterego","The Cursed","The Hierophant","The Immortal","The Necromancer","The Senshi","The Servant 0.9.4","TheVacant","Wandering Minibosses"],"gold_per_floor":[112,172,19,19,31,31,42,42,42,102,102,115,27,39,39,141,141,158,171,171,181,228,228,228,228,228,239,258,258,258,269,269,374,374,387,195,219,269,289,323,283,299,299,313,328,341,423,476,476,476],"floor_reached":51,"playtime":4801,"items_purged":[],"score":919,"play_id":"84ee430c-c279-4fc5-9ec9-0abfb3eb1820","local_time":"20210106022355","is_ascension_mode":false,"campfire_choices":[{"data":"Negative_Energy_Arrows","floor":6,"key":"SMITH"},{"data":"Summon_Undead_Army","floor":15,"key":"SMITH"},{"data":"Summon_Vampire_Lady","floor":23,"key":"SMITH"},{"floor":25,"key":"REST"},{"data":"Summon_Death_Knight","floor":29,"key":"SMITH"},{"data":"Shade_Step","floor":32,"key":"SMITH"},{"data":"Blood_Is_Power","floor":49,"key":"SMITH"}],"circlet_count":0,"master_deck":["Strike_W","Strike_W","Strike_W","Defend_W","Defend_W","Defend_W","Negative_Energy_Arrows+1","Bone_Wall","Bone_Armor","Negative_Energy_Javelin+1","Negative_Energy_Shield","Bone_Armor","Shade_Step+1","Spectral_Armor","Exploit+1","Summon_Undead_Army+1","Negative_Energy_Burst+1","Negative_Energy_Mist","Negative_Energy_Shield","Summon_Vampire_Lady+1","Deaths_Shadow+1","Finger_Of_Death+1","Chill_Blood+1","Toxic_Smoke_Screen+1","Summon_Death_Knight+1","Bone_Spikes+1","Chill_Blood+1","Negative_Energy_Bomb+1","Negative_Energy_Shield","Acid_Javelin+1","Negative_Energy_Sphere+1","Bone_Armory+1","Blood_Is_Power+1","Acid_Javelin+1","Bones_to_Steel+1","Necrotic_Claws+1","Corrupt+1","Negative_Energy_Shield"],"relics":["Vampire_Amulet","Molten Egg 2","Lee\u0027s Waffle","Tiny Chest","HornCleat","Eternal Feather","Potion Belt","Philosopher\u0027s Stone","Bag of Preparation","Enchiridion","Boot","Nloth\u0027s Gift","hubris:ScarierMask","Sling","Strawberry","hubris:CuriousFeather","hubris:GlazedTorus","Meat on the Bone","hubris:Reverence","CaptainsWheel"],"acts_visited":["TheCity","TheBeyond"],"potions_floor_usage":[33,33,33,40,44,50,50],"damage_taken":[{"damage":1,"enemies":"2 Louse","floor":1,"turns":2},{"damage":0,"enemies":"Small Slimes","floor":5,"turns":4},{"damage":1,"enemies":"Jaw Worm","floor":7,"turns":5},{"damage":12,"enemies":"Lagavulin Event","floor":10,"turns":8},{"damage":4,"enemies":"3 Louse","floor":12,"turns":4},{"damage":4,"enemies":"Looter","floor":14,"turns":3},{"damage":24,"enemies":"Hexaghost","floor":16,"turns":12},{"damage":17,"enemies":"Chosen","floor":18,"turns":5},{"damage":0,"enemies":"3 Byrds","floor":19,"turns":4},{"damage":20,"enemies":"Shelled Parasite and Fungi","floor":21,"turns":5},{"damage":0,"enemies":"Snecko","floor":27,"turns":3},{"damage":0,"enemies":"Snake Plant","floor":28,"turns":3},{"damage":0,"enemies":"Centurion and Healer","floor":31,"turns":4},{"damage":35,"enemies":"Collector","floor":33,"turns":10},{"damage":0,"enemies":"Orb Walker","floor":35,"turns":4},{"damage":0,"enemies":"Mind Bloom Boss Battle","floor":38,"turns":5},{"damage":0,"enemies":"3 Shapes","floor":39,"turns":4},{"damage":51,"enemies":"Giant Head","floor":40,"turns":9},{"damage":5,"enemies":"Spire Growth","floor":42,"turns":3},{"damage":12,"enemies":"3 Darklings","floor":44,"turns":4},{"damage":2,"enemies":"Sphere and 2 Shapes","floor":45,"turns":3},{"damage":21,"enemies":"Writhing Mass","floor":46,"turns":6},{"damage":11,"enemies":"2 Orb Walkers","floor":48,"turns":3},{"damage":36,"enemies":"Donu and Deca","floor":50,"turns":10}],"seed_played":"-3563502450389713058","potions_obtained":[{"floor":1,"key":"LiquidMemories"},{"floor":12,"key":"champ:CounterPotion"},{"floor":14,"key":"FearPotion"},{"floor":16,"key":"SteroidPotion"},{"floor":21,"key":"CultistPotion"},{"floor":27,"key":"BlessingOfTheForge"},{"floor":33,"key":"SneckoOil"},{"floor":39,"key":"AttackPotion"},{"floor":40,"key":"Weak Potion"},{"floor":42,"key":"SteroidPotion"},{"floor":45,"key":"SkillPotion"}],"is_trial":false,"path_per_floor":["M","?","$","?","M","R","M","T","T","?","T","M","$","M","R","B",null,"M","M","?","M","T","R","?","R","T","M","M","R","?","M","R","B",null,"M","$","T","?","M","E","?","M","T","M","M","M","T","?","R","B",null],"character_chosen":"NECROMANCER","items_purchased":["Molten Egg 2","Lee\u0027s Waffle","Bone_Armor","Negative_Energy_Javelin+1","Tiny Chest","Negative_Energy_Burst+1","Negative_Energy_Mist","Acid_Javelin+1","Sling"],"campfire_rested":1,"item_purchase_floors":[0,0,0,0,3,13,13,36,36],"current_hp_per_floor":[82,82,82,82,82,82,82,82,82,72,72,74,74,72,82,60,82,70,76,76,60,60,72,56,82,82,82,82,82,82,82,82,68,82,82,82,89,89,89,60,60,63,63,62,67,66,66,69,89,69],"gold":476,"neow_bonus":"","is_daily":false,"chose_seed":false,"campfire_upgraded":6,"win_rate":0.0,"timestamp":1609921435,"path_taken":["M","?","$","?","M","R","M","?","T","?","?","M","?","M","R","BOSS","M","M","?","?","?","R","?","R","T","M","?","R","?","M","R","BOSS","M","$","?","?","M","E","?","M","T","?","M","M","?","?","R","BOSS"],"items_purchased_type":["Relic","Relic","Card","Card","Relic","Card","Card","Card","Relic"],"build_version":"2020-12-22","purchased_purges":0,"victory":true,"max_hp_per_floor":[82,82,82,82,82,82,82,82,82,82,82,82,82,82,82,82,82,82,82,82,82,82,82,82,82,82,82,82,82,82,82,82,82,82,82,82,89,89,89,89,89,89,89,89,89,89,89,89,89,89],"relic_stats":{"Lee\u0027s Waffle":26,"counters":[50,286],"Tiny Chest":4,"Eternal Feather":54,"Bag of Preparation":[28],"Nloth\u0027s Gift":0,"Boot":[23],"obtain_stats":[{"Lantern":24,"hubris:CrystalStatue":28,"Enchiridion":24,"Bag of Preparation":22,"Smiling Mask":21,"Boot":26,"Sling":36,"Lizard Tail":10,"Dream Catcher":37,"hubris:Icosahedron":22,"HornCleat":8,"Strawberry":43,"hubris:ScarierMask":34,"Tiny Chest":3,"Philosopher\u0027s Stone":17,"Vampire_Amulet":0,"hubris:CuriousFeather":48,"hubris:GlazedTorus":40,"Potion Belt":11,"Lee\u0027s Waffle":0,"hubris:SphereOfDissonance":9,"Eternal Feather":10,"hubris:HollowSoul":17,"hubris:Towel":2,"Bottled Flame":9,"CaptainsWheel":48,"Busted Crown":34,"Bronze Scales":26,"Molten Egg 2":0,"Nloth\u0027s Gift":30,"hubris:OldNail":6,"Meat on the Bone":43,"hubris:Reverence":47},{"Lantern":13,"hubris:CrystalStatue":15,"Enchiridion":36,"Bag of Preparation":36,"Smiling Mask":12,"Boot":36,"Sling":41,"Lizard Tail":7,"Dream Catcher":20,"hubris:Icosahedron":12,"HornCleat":29,"Strawberry":22,"hubris:ScarierMask":40,"Tiny Chest":27,"Philosopher\u0027s Stone":33,"Vampire_Amulet":0,"hubris:CuriousFeather":25,"hubris:GlazedTorus":44,"Potion Belt":30,"Lee\u0027s Waffle":26,"hubris:SphereOfDissonance":29,"Eternal Feather":30,"hubris:HollowSoul":10,"hubris:Towel":1,"Bottled Flame":6,"CaptainsWheel":49,"Busted Crown":18,"Bronze Scales":13,"Molten Egg 2":26,"Nloth\u0027s Gift":38,"hubris:OldNail":4,"Meat on the Bone":45,"hubris:Reverence":48},{"Lantern":82,"hubris:CrystalStatue":92,"Enchiridion":215,"Bag of Preparation":215,"Smiling Mask":75,"Boot":215,"Sling":239,"Lizard Tail":43,"Dream Catcher":123,"hubris:Icosahedron":75,"HornCleat":174,"Strawberry":134,"hubris:ScarierMask":235,"Tiny Chest":165,"Philosopher\u0027s Stone":201,"Vampire_Amulet":0,"hubris:CuriousFeather":152,"hubris:GlazedTorus":257,"Potion Belt":182,"Lee\u0027s Waffle":163,"hubris:SphereOfDissonance":174,"Eternal Feather":182,"hubris:HollowSoul":63,"hubris:Towel":5,"Bottled Flame":36,"CaptainsWheel":276,"Busted Crown":113,"Bronze Scales":82,"Molten Egg 2":163,"Nloth\u0027s Gift":221,"hubris:OldNail":23,"Meat on the Bone":260,"hubris:Reverence":273}],"Meat on the Bone":0},"card_choices":[{"not_picked":["Negative_Energy_Mist","Chill_Blood"],"picked":"Negative_Energy_Shield","floor":1},{"not_picked":["Bone_Armor","Blood_for_Blood"],"picked":"Shade_Step","floor":5},{"not_picked":["Life_Tap","Cloudkill"],"picked":"Spectral_Armor","floor":7},{"not_picked":["Bone_Shift","Bones_to_Steel"],"picked":"Exploit+1","floor":10},{"not_picked":["Bone_Bullets+1","Death_Coil+1"],"picked":"Summon_Undead_Army","floor":12},{"not_picked":["Toxic_Smoke_Screen","Scare"],"picked":"Negative_Energy_Shield","floor":14},{"not_picked":["Skeleton_Dragon","Reap_The_Weak+1"],"picked":"Summon_Vampire_Lady","floor":16},{"not_picked":["Life_Drain+1","Negative_Energy_Sphere+1"],"picked":"Deaths_Shadow+1","floor":18},{"not_picked":["Vampiric_Strike+1","Spectral_Armor"],"picked":"Finger_Of_Death+1","floor":19},{"not_picked":["Chill_Blood","Death_Coil+1"],"picked":"Toxic_Smoke_Screen+1","floor":21},{"not_picked":["Negative_Energy_Javelin+1","Negative_Energy_Sphere+1"],"picked":"Summon_Death_Knight","floor":27},{"not_picked":["Shackles_Of_Pain","Scare"],"picked":"Bone_Spikes+1","floor":28},{"not_picked":["Shackles_Of_Pain","Requiem+1"],"picked":"Chill_Blood","floor":31},{"not_picked":["Blood_Wake+1","Blood_Magic"],"picked":"Negative_Energy_Bomb+1","floor":33},{"not_picked":["Violent_Necrosis","Death_Knell+1"],"picked":"Negative_Energy_Shield","floor":35},{"not_picked":["Bone_Bullets+1","Blood_Curse+1"],"picked":"Negative_Energy_Sphere+1","floor":38},{"not_picked":["Negative_Energy_Sphere+1","Scare"],"picked":"Bone_Armory+1","floor":39},{"not_picked":["Thousand_Bone_Knives+1","Scare+1"],"picked":"Blood_Is_Power","floor":40},{"not_picked":["Death_Coil+1","Blood_Curse+1"],"picked":"Acid_Javelin+1","floor":42},{"not_picked":["Violent_Necrosis","Blood_Wake+1"],"picked":"Bones_to_Steel+1","floor":44},{"not_picked":["Scare","Bone_Spikes+1"],"picked":"Necrotic_Claws+1","floor":45},{"not_picked":["Bones_to_Steel","Chill_Blood+1"],"picked":"Corrupt+1","floor":46},{"not_picked":["Bone_Armor+1","Necromantic_Selection+1"],"picked":"Negative_Energy_Shield","floor":48}],"player_experience":351397,"relics_obtained":[{"floor":8,"key":"HornCleat"},{"floor":9,"key":"hubris:SphereOfDissonance"},{"floor":10,"key":"Eternal Feather"},{"floor":11,"key":"Potion Belt"},{"floor":22,"key":"Bag of Preparation"},{"floor":24,"key":"Enchiridion"},{"floor":26,"key":"Boot"},{"floor":37,"key":"Strawberry"},{"floor":38,"key":"hubris:CuriousFeather"},{"floor":40,"key":"hubris:GlazedTorus"},{"floor":43,"key":"Meat on the Bone"},{"floor":47,"key":"hubris:Reverence"},{"floor":48,"key":"CaptainsWheel"}],"event_choices":[{"damage_healed":0,"gold_gain":60,"player_choice":"Gained Gold","damage_taken":0,"max_hp_gain":0,"max_hp_loss":0,"event_name":"Golden Wing","floor":2,"gold_loss":0},{"damage_healed":0,"gold_gain":0,"cards_transformed":["Strike_W"],"player_choice":"Change","damage_taken":0,"max_hp_gain":0,"max_hp_loss":0,"event_name":"Living Wall","floor":4,"gold_loss":0,"cards_obtained":["Bone_Armor"]},{"damage_healed":0,"gold_gain":0,"player_choice":"Searched \u00272\u0027 times","damage_taken":0,"max_hp_gain":0,"max_hp_loss":0,"event_name":"Dead Adventurer","floor":10,"gold_loss":0},{"damage_healed":0,"gold_gain":0,"cards_transformed":["Defend_W"],"player_choice":"Transformed","damage_taken":0,"max_hp_gain":0,"max_hp_loss":0,"event_name":"Transmorgrifier","floor":20,"gold_loss":0,"cards_obtained":["Chill_Blood"]},{"damage_healed":0,"gold_gain":0,"player_choice":"Obtained Book","damage_taken":16,"max_hp_gain":0,"max_hp_loss":0,"event_name":"Cursed Tome","floor":24,"gold_loss":0},{"damage_healed":0,"gold_gain":0,"player_choice":"Traded Relic","damage_taken":0,"relics_obtained":["Nloth\u0027s Gift"],"max_hp_gain":0,"max_hp_loss":0,"event_name":"N\u0027loth","floor":30,"relics_lost":["hubris:SphereOfDissonance"],"gold_loss":0},{"damage_healed":0,"gold_gain":0,"player_choice":"Fight","damage_taken":0,"max_hp_gain":0,"max_hp_loss":0,"event_name":"MindBloom","floor":38,"gold_loss":0},{"damage_healed":0,"gold_gain":0,"player_choice":"Upgraded Two","damage_taken":0,"max_hp_gain":0,"max_hp_loss":0,"event_name":"Designer","floor":41,"gold_loss":40,"cards_upgraded":["Chill_Blood","Chill_Blood"]},{"damage_healed":0,"gold_gain":0,"player_choice":"Fight","damage_taken":0,"max_hp_gain":0,"max_hp_loss":0,"event_name":"Mysterious Sphere","floor":48,"gold_loss":0}],"is_beta":false,"boss_relics":[{"not_picked":["Busted Crown","Empty Cage"],"picked":"Philosopher\u0027s Stone"},{"not_picked":["Cursed Key","SlaversCollar"],"picked":"hubris:ScarierMask"}],"items_purged_floors":[],"is_endless":false,"potions_floor_spawned":[1,12,14,16,21,27,33,39,40,42,45],"ascension_level":0}}