{"host":"Ian","time":1609977265,"event":{"mods":["BaseMod","Bestiary","Block Reminder","Colored Map","Highlight Path","Key Reminder","Minty Spire (QoL Compilation)","Relic Stats"],"gold_per_floor":[113,25,25,42,57,57,72,72,72,72,72,101,120,150,150,226,226,237,237,256,17,17,17,44,56,135,135,135,160,160,180,180,252,252,263,279,292,307,67,67,101,101,101,171,201,201,201,221,221,221,221,221,221,35,62,62],"floor_reached":57,"playtime":3544,"items_purged":["Strike_R","Strike_R"],"score":2931,"play_id":"dd5bf583-9daf-4b2b-af84-772f1323ccb0","local_time":"20210106235425","is_ascension_mode":true,"campfire_choices":[{"data":"Carnage","floor":6.0,"key":"SMITH"},{"data":"Uppercut","floor":8.0,"key":"SMITH"},{"data":"Flame Barrier","floor":11.0,"key":"SMITH"},{"data":"Body Slam","floor":15.0,"key":"SMITH"},{"data":"Barricade","floor":23.0,"key":"SMITH"},{"data":"Metallicize","floor":28.0,"key":"SMITH"},{"floor":32.0,"key":"REST"},{"data":"Rampage","floor":40.0,"key":"SMITH"},{"floor":46,"key":"RECALL"},{"data":"Disarm","floor":49,"key":"SMITH"},{"data":"Feel No Pain","floor":53,"key":"SMITH"}],"circlet_count":0,"master_deck":["AscendersBane","Strike_R","Strike_R+1","Defend_R","Defend_R","Defend_R+1","Defend_R","Bash","Feel No Pain+1","Headbutt","Flame Barrier+1","Uppercut+1","Battle Trance","Body Slam+1","Rampage+1","Barricade+1","Disarm+1","RitualDagger","Disarm","Flame Barrier+1","Metallicize+1","Disarm","Offering","Shockwave+1","Feed","Warcry+1","Shrug It Off+1"],"relics":["Burning Blood","Question Card","Turnip","Art of War","Velvet Choker","DollysMirror","Red Skull","Mummified Hand","Girya","Nilry\u0027s Codex","Runic Pyramid","Toolbox","Vajra","Kunai","Self Forming Clay","Happy Flower"],"acts_visited":["Exordium","TheCity","TheBeyond","TheEnding"],"potions_floor_usage":[41,45,56,56],"damage_taken":[{"damage":6.0,"enemies":"2 Louse","floor":1.0,"turns":3.0},{"damage":15.0,"enemies":"Small Slimes","floor":4.0,"turns":3.0},{"damage":0.0,"enemies":"Jaw Worm","floor":5.0,"turns":3.0},{"damage":10.0,"enemies":"Exordium Thugs","floor":7.0,"turns":5.0},{"damage":5.0,"enemies":"3 Sentries","floor":12.0,"turns":7.0},{"damage":1.0,"enemies":"3 Louse","floor":13.0,"turns":3.0},{"damage":6.0,"enemies":"Gremlin Nob","floor":14.0,"turns":3.0},{"damage":16.0,"enemies":"The Guardian","floor":16.0,"turns":12.0},{"damage":7.0,"enemies":"Spheric Guardian","floor":18.0,"turns":4.0},{"damage":25.0,"enemies":"Shell Parasite","floor":20.0,"turns":5.0},{"damage":10.0,"enemies":"Book of Stabbing","floor":24.0,"turns":5.0},{"damage":0.0,"enemies":"Centurion and Healer","floor":25.0,"turns":5.0},{"damage":0.0,"enemies":"Gremlin Leader","floor":27.0,"turns":1.0},{"damage":11.0,"enemies":"Book of Stabbing","floor":29.0,"turns":6.0},{"damage":2.0,"enemies":"Snake Plant","floor":31.0,"turns":3.0},{"damage":12.0,"enemies":"Automaton","floor":33.0,"turns":14.0},{"damage":10.0,"enemies":"Orb Walker","floor":35.0,"turns":3.0},{"damage":13.0,"enemies":"3 Shapes","floor":36.0,"turns":4.0},{"damage":0.0,"enemies":"Maw","floor":37.0,"turns":9.0},{"damage":32.0,"enemies":"Jaw Worm Horde","floor":38.0,"turns":6.0},{"damage":51,"enemies":"Reptomancer","floor":41,"turns":10},{"damage":26,"enemies":"Giant Head","floor":45,"turns":9},{"damage":6,"enemies":"Writhing Mass","floor":48,"turns":8},{"damage":27,"enemies":"Awakened One","floor":50,"turns":12},{"damage":6,"enemies":"Time Eater","floor":51,"turns":15},{"damage":49,"enemies":"Shield and Spear","floor":55,"turns":9},{"damage":25,"enemies":"The Heart","floor":56,"turns":14}],"seed_played":"-4385101246861023660","potions_obtained":[{"floor":1.0,"key":"Energy Potion"},{"floor":4.0,"key":"DistilledChaos"},{"floor":14.0,"key":"Energy Potion"},{"floor":24.0,"key":"Dexterity Potion"},{"floor":25.0,"key":"SmokeBomb"},{"floor":29.0,"key":"LiquidMemories"},{"floor":36.0,"key":"LiquidBronze"},{"floor":41,"key":"Weak Potion"},{"floor":45,"key":"SneckoOil"}],"is_trial":false,"path_per_floor":["M","$","?","M","M","R","M","R","T","?","R","E","M","E","R","B",null,"M","?","M","$","?","R","E","M","T","E","R","E","?","M","R","B",null,"M","M","M","M","$","R","E","?","T","T","E","R","?","M","R","B","B",null,"R","$","E","B",null],"character_chosen":"IRONCLAD","items_purchased":["Feel No Pain","DollysMirror","Metallicize","Toolbox","LiquidMemories"],"campfire_rested":1,"item_purchase_floors":[2,21,21,39,54],"current_hp_per_floor":[75,75,68,59,65,65,61,61,61,36,36,37,42,42,42,32,70,69,63,44,44,44,44,40,46,46,52,52,47,26,30,54,48,74,70,66,75,52,52,52,10,77,77,77,57,57,57,60,60,39,42,73,73,73,33,17],"gold":62,"neow_bonus":"TEN_PERCENT_HP_BONUS","is_daily":false,"chose_seed":false,"campfire_upgraded":9,"win_rate":0.0,"timestamp":1609977265,"path_taken":["M","$","?","M","M","R","M","R","T","?","R","E","M","E","R","BOSS","M","?","M","$","?","R","E","M","T","E","R","E","?","M","R","BOSS","M","M","M","M","$","R","E","?","T","?","E","R","?","M","R","BOSS","BOSS","R","$","E","BOSS"],"items_purchased_type":["Card","Relic","Card","Relic","Potion"],"build_version":"2020-12-18","purchased_purges":2,"victory":true,"max_hp_per_floor":[82,82,82,82,82,82,82,82,82,82,82,82,82,82,82,82,82,82,82,82,82,82,82,82,82,82,82,82,82,82,82,82,82,82,82,85,88,91,91,91,94,77,77,77,77,77,77,80,80,80,83,83,83,83,86,89],"relic_stats":{"Happy Flower":[4],"counters":[27,181],"Mummified Hand":[63],"Self Forming Clay":[57],"Turnip":[23],"Art of War":[27],"Kunai":[11],"Question Card":19,"obtain_stats":[{"Girya":29,"Happy Flower":55,"Nilry\u0027s Codex":30,"Self Forming Clay":45,"Velvet Choker":17,"Vajra":41,"Question Card":9,"Burning Blood":0,"keyreminder:keyreminder":43,"DollysMirror":21,"Mummified Hand":26,"Toolbox":39,"Turnip":12,"Art of War":14,"Kunai":44,"Red Skull":24,"Runic Pyramid":34},{"Girya":14,"Happy Flower":26,"Nilry\u0027s Codex":14,"Self Forming Clay":22,"Velvet Choker":8,"Vajra":21,"Question Card":4,"Burning Blood":0,"keyreminder:keyreminder":21,"DollysMirror":10,"Mummified Hand":12,"Toolbox":20,"Turnip":5,"Art of War":7,"Kunai":21,"Red Skull":11,"Runic Pyramid":16},{"Girya":65,"Happy Flower":167,"Nilry\u0027s Codex":65,"Self Forming Clay":123,"Velvet Choker":39,"Vajra":114,"Question Card":14,"Burning Blood":0,"keyreminder:keyreminder":114,"DollysMirror":48,"Mummified Hand":58,"Toolbox":104,"Turnip":21,"Art of War":27,"Kunai":114,"Red Skull":53,"Runic Pyramid":82}],"Burning Blood":162},"card_choices":[{"not_picked":["Iron Wave","Sword Boomerang"],"picked":"Carnage","floor":1.0},{"not_picked":["Sword Boomerang","Flex"],"picked":"Headbutt","floor":4.0},{"not_picked":["Power Through","Seeing Red"],"picked":"Flame Barrier","floor":5.0},{"not_picked":["Iron Wave","Flex"],"picked":"Uppercut","floor":7.0},{"not_picked":["Warcry","Blood for Blood","Armaments"],"picked":"Battle Trance","floor":12.0},{"not_picked":["Clash","Power Through","Dark Embrace"],"picked":"Body Slam","floor":13.0},{"not_picked":["Havoc","Cleave","Armaments"],"picked":"Rampage","floor":14.0},{"not_picked":["Demon Form","Feed","Berserk"],"picked":"Barricade","floor":16.0},{"not_picked":["Flex","Sentinel","Clothesline"],"picked":"Disarm","floor":18.0},{"not_picked":["Headbutt","Perfected Strike","Iron Wave"],"picked":"Disarm","floor":20.0},{"not_picked":["Combust","Blood for Blood","Heavy Blade","Carnage"],"picked":"SKIP","floor":24.0},{"not_picked":["Heavy Blade","Havoc","Pommel Strike"],"picked":"Disarm","floor":25.0},{"not_picked":["Armaments","Fire Breathing","Reaper"],"picked":"Offering","floor":29.0},{"not_picked":["Wild Strike","Heavy Blade+1","Shrug It Off"],"picked":"Shockwave+1","floor":31.0},{"not_picked":["Brutality","Immolate","Fiend Fire"],"picked":"Feed","floor":33.0},{"not_picked":["Pommel Strike","Heavy Blade","Flex","Shockwave+1"],"picked":"SKIP","floor":35.0},{"not_picked":["Heavy Blade","Havoc+1","Hemokinesis"],"picked":"Warcry+1","floor":36.0},{"not_picked":["Spot Weakness","Anger+1","Clash"],"picked":"Shrug It Off+1","floor":37.0},{"not_picked":["Power Through","Shrug It Off","Warcry","Uppercut"],"picked":"SKIP","floor":38.0},{"not_picked":["Perfected Strike","Offering","Warcry","Clothesline"],"picked":"SKIP","floor":41},{"not_picked":["Twin Strike+1","Anger","Blood for Blood","Immolate"],"picked":"SKIP","floor":45},{"not_picked":["Body Slam","Wild Strike","Dropkick+1","Anger"],"picked":"SKIP","floor":48},{"not_picked":["Body Slam+1","Iron Wave","Clash+1","Headbutt+1"],"picked":"SKIP","floor":55}],"player_experience":2636493,"relics_obtained":[{"floor":9.0,"key":"Question Card"},{"floor":12.0,"key":"Turnip"},{"floor":14.0,"key":"Art of War"},{"floor":24.0,"key":"Red Skull"},{"floor":26.0,"key":"Mummified Hand"},{"floor":29.0,"key":"Girya"},{"floor":30.0,"key":"Nilry\u0027s Codex"},{"floor":41,"key":"Vajra"},{"floor":44,"key":"Kunai"},{"floor":45,"key":"Self Forming Clay"},{"floor":55,"key":"Happy Flower"}],"event_choices":[{"cards_removed":["Strike_R"],"damage_healed":0.0,"max_hp_gain":0.0,"max_hp_loss":0.0,"gold_gain":0.0,"event_name":"Golden Wing","player_choice":"Card Removal","floor":3.0,"gold_loss":0.0,"damage_taken":7.0},{"damage_healed":0.0,"max_hp_gain":0.0,"max_hp_loss":0.0,"gold_gain":0.0,"event_name":"Shining Light","player_choice":"Entered Light","floor":10.0,"gold_loss":0.0,"damage_taken":25.0,"cards_upgraded":["Strike_R","Defend_R"]},{"damage_healed":0.0,"max_hp_gain":0.0,"max_hp_loss":0.0,"gold_gain":0.0,"event_name":"Nest","player_choice":"Joined the Cult","floor":19.0,"gold_loss":0.0,"damage_taken":6.0,"cards_obtained":["RitualDagger"]},{"damage_healed":0.0,"max_hp_gain":0.0,"max_hp_loss":0.0,"gold_gain":0.0,"event_name":"The Mausoleum","player_choice":"Ignored","floor":22.0,"gold_loss":0.0,"damage_taken":0.0},{"damage_healed":0.0,"max_hp_gain":0.0,"max_hp_loss":0.0,"gold_gain":0.0,"event_name":"Cursed Tome","player_choice":"Obtained Book","floor":30.0,"gold_loss":0.0,"damage_taken":21.0},{"damage_healed":77,"gold_gain":0,"player_choice":"Heal","damage_taken":0,"max_hp_gain":0,"max_hp_loss":17,"event_name":"The Moai Head","floor":42,"gold_loss":0},{"cards_removed":["Carnage"],"damage_healed":0,"gold_gain":0,"player_choice":"Removed Attack","damage_taken":0,"max_hp_gain":0,"max_hp_loss":0,"event_name":"Falling","floor":47,"gold_loss":0}],"is_beta":true,"boss_relics":[{"not_picked":["Pandora\u0027s Box","Philosopher\u0027s Stone"],"picked":"Velvet Choker"},{"not_picked":["Black Star","Tiny House"],"picked":"Runic Pyramid"}],"items_purged_floors":[39,54],"is_endless":false,"potions_floor_spawned":[1,4,14,24,25,29,36,37,41,45],"ascension_level":20}}