{"host":"6ld56ls1xbe0aj21","time":1609916452,"event":{"mods":["AchievementEnabler","BaseMod","Colored Powertips","Minty Spire (QoL Compilation)","Quick Restart","Rare Cards Sparkle","StSLib","SuperFastMode","everything is the same but u backflip on backflip","slay the spire mod where everything is the same but ironclad has a cowboy hat"],"gold_per_floor":[13,24,24,24,40,40,67,67,90,109,13,29,44,9,9,106,106,125,142,22,22,34,61,61,61,115,131,56,72,101,111,111,214,214,227,245,245,3,3,3,32,47,47,47,62,90,102,128,128,128,128,128,9,35,35],"floor_reached":56,"playtime":2450,"items_purged":["Regret","Strike_R"],"score":1915,"play_id":"24361c9e-8189-47a5-8cee-8f33ac39c7c5","local_time":"20210106180052","is_ascension_mode":true,"campfire_choices":[{"data":"Shockwave","floor":6,"key":"SMITH"},{"floor":8,"key":"REST"},{"data":"Whirlwind","floor":15,"key":"SMITH"},{"data":"Enlightenment","floor":25,"key":"SMITH"},{"data":"Demon Form","floor":32,"key":"SMITH"},{"data":"Barricade","floor":40,"key":"SMITH"},{"floor":49,"key":"RECALL"},{"data":"Disarm","floor":52,"key":"SMITH"}],"circlet_count":0,"master_deck":["Strike_R+1","Strike_R+1","Defend_R","Defend_R","Defend_R","Defend_R","Bash","Disarm+1","Power Through","Shockwave+1","Feel No Pain","Whirlwind+1","Pommel Strike","Burning Pact","Limit Break","Metallicize","Clothesline","Warcry","Inflame+1","Twin Strike","Headbutt+1","Demon Form+1","Enlightenment+1","Intimidate+1","Ghostly","Ghostly","Ghostly","Ghostly","Ghostly","Barricade+1","Dual Wield+1","Entrench+1","Body Slam+1","Second Wind","Fiend Fire"],"relics":["Burning Blood","Dead Branch","Lantern","The Courier","Blood Vial","Busted Crown","Orrery","PreservedInsect","Akabeko","Mango","Mark of Pain","Calipers","Dream Catcher","Eternal Feather","InkBottle","Paper Frog"],"acts_visited":["Exordium","TheCity","TheBeyond","TheEnding"],"potions_floor_usage":[7,18,18,19,29,30,33,36,48,55,55,55],"damage_taken":[{"damage":1,"enemies":"Cultist","floor":1,"turns":3},{"damage":2,"enemies":"Small Slimes","floor":2,"turns":4},{"damage":8,"enemies":"Jaw Worm","floor":5,"turns":4},{"damage":33,"enemies":"Gremlin Nob","floor":7,"turns":5},{"damage":14,"enemies":"Large Slime","floor":10,"turns":7},{"damage":0,"enemies":"Lots of Slimes","floor":12,"turns":1},{"damage":19,"enemies":"Exordium Wildlife","floor":13,"turns":6},{"damage":31,"enemies":"The Guardian","floor":16,"turns":14},{"damage":23,"enemies":"2 Thieves","floor":18,"turns":4},{"damage":11,"enemies":"Shell Parasite","floor":19,"turns":5},{"damage":4,"enemies":"Snecko","floor":22,"turns":4},{"damage":18,"enemies":"Gremlin Leader","floor":23,"turns":4},{"damage":17,"enemies":"Shelled Parasite and Fungi","floor":27,"turns":4},{"damage":4,"enemies":"Snake Plant","floor":29,"turns":3},{"damage":6,"enemies":"Book of Stabbing","floor":30,"turns":6},{"damage":5,"enemies":"Centurion and Healer","floor":31,"turns":5},{"damage":38,"enemies":"Automaton","floor":33,"turns":7},{"damage":11,"enemies":"Orb Walker","floor":35,"turns":5},{"damage":3,"enemies":"3 Darklings","floor":36,"turns":3},{"damage":3,"enemies":"Reptomancer","floor":41,"turns":5},{"damage":0,"enemies":"Maw","floor":42,"turns":6},{"damage":2,"enemies":"Jaw Worm Horde","floor":45,"turns":2},{"damage":6,"enemies":"Nemesis","floor":46,"turns":9},{"damage":0,"enemies":"3 Darklings","floor":47,"turns":1},{"damage":8,"enemies":"Reptomancer","floor":48,"turns":5},{"damage":5,"enemies":"Donu and Deca","floor":50,"turns":8},{"damage":3,"enemies":"Shield and Spear","floor":54,"turns":5},{"damage":24,"enemies":"The Heart","floor":55,"turns":10}],"seed_played":"8456074384258463018","potions_obtained":[{"floor":2,"key":"PowerPotion"},{"floor":5,"key":"SpeedPotion"},{"floor":12,"key":"FearPotion"},{"floor":13,"key":"Dexterity Potion"},{"floor":27,"key":"SkillPotion"},{"floor":29,"key":"SkillPotion"},{"floor":30,"key":"BlessingOfTheForge"},{"floor":33,"key":"Swift Potion"},{"floor":36,"key":"EssenceOfSteel"},{"floor":48,"key":"ElixirPotion"},{"floor":54,"key":"DuplicationPotion"}],"is_trial":false,"path_per_floor":["M","M","?","?","M","R","E","R","T","M","$","M","M","?","R","B",null,"M","M","$","?","M","E","?","R","T","M","?","M","E","M","R","B",null,"M","M","?","$","$","R","E","M","T","?","M","E","M","E","R","B",null,"R","$","E","B",null],"character_chosen":"IRONCLAD","items_purchased":["Pommel Strike","Orrery","Calipers","ColorlessPotion"],"campfire_rested":1,"item_purchase_floors":[11,20,38,53],"current_hp_per_floor":[77,80,80,64,62,62,35,59,59,53,53,61,50,70,70,47,72,57,54,54,54,58,48,40,40,40,29,29,33,49,52,52,22,46,43,48,48,48,48,48,53,54,54,54,54,54,54,52,54,54,54,54,54,54,36],"gold":35,"neow_bonus":"ONE_RARE_RELIC","is_daily":false,"chose_seed":false,"campfire_upgraded":6,"win_rate":0.0,"timestamp":1609916452,"path_taken":["M","?","?","?","M","R","E","R","T","M","$","M","?","?","R","BOSS","M","M","$","?","?","E","?","R","T","M","?","M","E","M","R","BOSS","M","M","?","?","$","R","E","M","T","?","M","E","M","E","R","BOSS","R","$","E","BOSS"],"items_purchased_type":["Card","Relic","Relic","Potion"],"build_version":"2020-12-22","purchased_purges":2,"victory":true,"max_hp_per_floor":[80,80,80,80,80,80,80,80,80,80,80,80,80,80,80,80,80,80,80,80,80,80,80,40,40,40,40,40,40,54,54,54,54,54,54,54,54,54,54,54,54,54,54,54,54,54,54,54,54,54,54,54,54,54,54],"card_choices":[{"not_picked":["Pommel Strike","Sword Boomerang"],"picked":"Disarm","floor":1},{"not_picked":["Warcry","True Grit"],"picked":"Power Through","floor":2},{"not_picked":["Feel No Pain","Pommel Strike"],"picked":"Shockwave","floor":5},{"not_picked":["Pommel Strike","Rage"],"picked":"Feel No Pain","floor":7},{"not_picked":["Headbutt","Shockwave"],"picked":"Whirlwind","floor":10},{"not_picked":["Flex","Heavy Blade"],"picked":"Burning Pact","floor":12},{"not_picked":["Clash","Havoc","Heavy Blade"],"picked":"SKIP","floor":13},{"not_picked":["Berserk","Brutality"],"picked":"Limit Break","floor":16},{"not_picked":["Seeing Red"],"picked":"SKIP","floor":18},{"not_picked":[],"picked":"Metallicize","floor":19},{"not_picked":[],"picked":"Clothesline","floor":20},{"not_picked":[],"picked":"Warcry","floor":20},{"not_picked":[],"picked":"Inflame+1","floor":20},{"not_picked":[],"picked":"Twin Strike","floor":20},{"not_picked":[],"picked":"Headbutt+1","floor":20},{"not_picked":[],"picked":"Intimidate+1","floor":22},{"not_picked":["Bloodletting"],"picked":"SKIP","floor":23},{"not_picked":["Havoc"],"picked":"SKIP","floor":27},{"not_picked":["Carnage"],"picked":"SKIP","floor":29},{"not_picked":["Body Slam"],"picked":"SKIP","floor":30},{"not_picked":["Clash"],"picked":"SKIP","floor":31},{"not_picked":[],"picked":"Barricade","floor":33},{"not_picked":["Reckless Charge+1"],"picked":"SKIP","floor":35},{"not_picked":[],"picked":"Dual Wield+1","floor":36},{"not_picked":[],"picked":"Entrench+1","floor":41},{"not_picked":[],"picked":"Body Slam+1","floor":42},{"not_picked":[],"picked":"Second Wind","floor":45},{"not_picked":["Wild Strike"],"picked":"SKIP","floor":46},{"not_picked":["Ghostly Armor+1"],"picked":"SKIP","floor":47},{"not_picked":["Iron Wave+1"],"picked":"SKIP","floor":48},{"not_picked":[],"picked":"Fiend Fire","floor":54}],"player_experience":285118,"relics_obtained":[{"floor":7,"key":"The Courier"},{"floor":9,"key":"Blood Vial"},{"floor":23,"key":"PreservedInsect"},{"floor":26,"key":"Akabeko"},{"floor":30,"key":"Mango"},{"floor":41,"key":"Dream Catcher"},{"floor":46,"key":"Eternal Feather"},{"floor":48,"key":"InkBottle"},{"floor":54,"key":"Paper Frog"}],"event_choices":[{"damage_healed":0,"gold_gain":0,"player_choice":"Box","damage_taken":0,"relics_obtained":["Lantern"],"max_hp_gain":0,"max_hp_loss":0,"event_name":"Big Fish","floor":3,"gold_loss":0,"cards_obtained":["Regret"]},{"damage_healed":0,"gold_gain":0,"player_choice":"Entered Light","damage_taken":16,"max_hp_gain":0,"max_hp_loss":0,"event_name":"Shining Light","floor":4,"gold_loss":0,"cards_upgraded":["Strike_R","Strike_R"]},{"damage_healed":20,"gold_gain":0,"player_choice":"Healed","damage_taken":0,"max_hp_gain":0,"max_hp_loss":0,"event_name":"The Cleric","floor":14,"gold_loss":35},{"damage_healed":0,"gold_gain":0,"player_choice":"2 cards matched","damage_taken":0,"max_hp_gain":0,"max_hp_loss":0,"event_name":"Match and Keep!","floor":21,"gold_loss":0,"cards_obtained":["Demon Form","Enlightenment"]},{"damage_healed":0,"gold_gain":0,"player_choice":"Became a Ghost","damage_taken":0,"max_hp_gain":0,"max_hp_loss":40,"event_name":"Ghosts","floor":24,"gold_loss":0,"cards_obtained":["Ghostly","Ghostly","Ghostly","Ghostly","Ghostly"]},{"cards_removed":["Strike_R"],"damage_healed":0,"gold_gain":0,"player_choice":"Gave Gold","damage_taken":0,"max_hp_gain":0,"max_hp_loss":0,"event_name":"Beggar","floor":28,"gold_loss":75},{"damage_healed":0,"gold_gain":0,"player_choice":"Bought 0 Potions","damage_taken":0,"max_hp_gain":0,"max_hp_loss":0,"event_name":"The Woman in Blue","floor":37,"gold_loss":0},{"cards_removed":["Strike_R"],"damage_healed":0,"gold_gain":0,"player_choice":"Removed Attack","damage_taken":0,"max_hp_gain":0,"max_hp_loss":0,"event_name":"Falling","floor":44,"gold_loss":0}],"is_beta":false,"boss_relics":[{"not_picked":["SacredBark","Ectoplasm"],"picked":"Busted Crown"},{"not_picked":["Philosopher\u0027s Stone","SlaversCollar"],"picked":"Mark of Pain"}],"items_purged_floors":[11,53],"is_endless":false,"potions_floor_spawned":[2,5,12,13,27,29,30,33,36,48,54],"ascension_level":9}}