{"host":"q206iib20se9i6w7","time":1609960744,"event":{"mods":["AchievementEnabler","BaseMod","Block Reminder","Colored Powertips","Googly Eyes","Highlight Path","Minty Spire (QoL Compilation)","Quick Restart","Relic Stats","StSLib","SuperFastMode"],"gold_per_floor":[111,123,143,143,161,202,202,202,229,247,260,304,304,343,343,464,464,478,393,411,435,239,239,275,275,299,299,313,313,346,361,361,482,482,506,839,375,391,401,436,449,499,569,602,613,631,631,0,0,0],"floor_reached":51,"playtime":5238,"items_purged":["Strike_P","Strike_P"],"score":859,"play_id":"4ac9d2c7-7ec2-49d1-a440-629d61c5c017","local_time":"20210106131904","is_ascension_mode":true,"campfire_choices":[{"floor":8,"key":"REST"},{"data":"ClearTheMind","floor":15,"key":"SMITH"},{"data":"CrushJoints","floor":23,"key":"SMITH"},{"floor":25,"key":"REST"},{"data":"MentalFortress","floor":29,"key":"SMITH"},{"data":"ConjureBlade","floor":32,"key":"SMITH"},{"floor":47,"key":"REST"},{"data":"Secret Technique","floor":49,"key":"SMITH"}],"circlet_count":0,"master_deck":["Strike_P+1","Defend_P","Defend_P","Defend_P+1","Defend_P","Eruption+1","Vigilance","CrushJoints+1","TalkToTheHand","Indignation+1","Crescendo+1","Conclude","ClearTheMind+1","MentalFortress+1","EmptyBody","ConjureBlade+1","FollowUp+1","SashWhip","Evaluate","Crescendo","EmptyFist+1","CutThroughFate+1","LessonLearned+1","InnerPeace","FearNoEvil","Secret Technique+1","WaveOfTheHand+1","Sanctity+1","ClearTheMind+1","Tantrum+1","FlurryOfBlows+1"],"relics":["PureWater","Oddly Smooth Stone","Pen Nib","Smiling Mask","Darkstone Periapt","Black Star","Pocketwatch","Bag of Preparation","Boot","Whetstone","Happy Flower","Mercury Hourglass","Du-Vu Doll","VioletLotus","Regal Pillow","MealTicket","Calipers","Ginger","Bottled Lightning","Omamori","Blood Vial","Red Mask"],"acts_visited":["Exordium","TheCity","TheBeyond"],"potions_floor_usage":[14,16,20,31,42,44,44,46,50],"damage_taken":[{"damage":0,"enemies":"Jaw Worm","floor":1,"turns":4},{"damage":0,"enemies":"Cultist","floor":2,"turns":3},{"damage":0,"enemies":"Small Slimes","floor":3,"turns":3},{"damage":2,"enemies":"2 Fungi Beasts","floor":5,"turns":3},{"damage":44,"enemies":"3 Sentries","floor":6,"turns":11},{"damage":0,"enemies":"3 Louse","floor":10,"turns":3},{"damage":0,"enemies":"Exordium Thugs","floor":11,"turns":2},{"damage":14,"enemies":"Lagavulin","floor":12,"turns":6},{"damage":2,"enemies":"Gremlin Nob","floor":14,"turns":3},{"damage":0,"enemies":"Slime Boss","floor":16,"turns":5},{"damage":0,"enemies":"Chosen","floor":18,"turns":3},{"damage":4,"enemies":"3 Byrds","floor":20,"turns":3},{"damage":16,"enemies":"Snake Plant","floor":21,"turns":3},{"damage":8,"enemies":"Book of Stabbing","floor":24,"turns":4},{"damage":2,"enemies":"Centurion and Healer","floor":28,"turns":4},{"damage":5,"enemies":"Slavers","floor":30,"turns":5},{"damage":0,"enemies":"Sentry and Sphere","floor":31,"turns":2},{"damage":13,"enemies":"Collector","floor":33,"turns":5},{"damage":0,"enemies":"Orb Walker","floor":35,"turns":2},{"damage":1,"enemies":"3 Darklings","floor":38,"turns":3},{"damage":21,"enemies":"4 Shapes","floor":39,"turns":3},{"damage":0,"enemies":"Nemesis","floor":40,"turns":7},{"damage":7,"enemies":"Writhing Mass","floor":41,"turns":5},{"damage":3,"enemies":"Mind Bloom Boss Battle","floor":42,"turns":7},{"damage":17,"enemies":"Reptomancer","floor":44,"turns":4},{"damage":0,"enemies":"Jaw Worm Horde","floor":45,"turns":4},{"damage":0,"enemies":"3 Darklings","floor":46,"turns":2},{"damage":20,"enemies":"Time Eater","floor":50,"turns":5}],"seed_played":"3010322899559475781","potions_obtained":[{"floor":10,"key":"Block Potion"},{"floor":12,"key":"Explosive Potion"},{"floor":16,"key":"LiquidMemories"},{"floor":18,"key":"Fire Potion"},{"floor":21,"key":"Swift Potion"},{"floor":30,"key":"Ancient Potion"},{"floor":33,"key":"ColorlessPotion"},{"floor":39,"key":"DistilledChaos"},{"floor":40,"key":"BottledMiracle"},{"floor":44,"key":"EssenceOfSteel"},{"floor":45,"key":"SteroidPotion"}],"is_trial":false,"path_per_floor":["M","M","M","?","M","E","?","R","T","M","M","E","?","E","R","B",null,"M","?","M","M","$","R","E","R","T","?","M","R","E","M","R","B",null,"M","?","$","M","M","E","M","?","T","E","M","M","R","?","R","B",null],"character_chosen":"WATCHER","items_purchased":["Bag of Preparation","FearNoEvil","Regal Pillow","Secret Technique"],"campfire_rested":3,"item_purchase_floors":[22,37,37,37],"current_hp_per_floor":[72,72,72,67,65,21,21,41,41,41,41,27,27,25,25,25,67,67,67,63,47,47,47,39,59,59,53,51,51,46,46,46,33,67,67,67,67,66,45,45,38,35,35,18,20,22,57,57,57,39],"gold":0,"neow_bonus":"UPGRADE_CARD","is_daily":false,"chose_seed":false,"campfire_upgraded":5,"win_rate":0.0,"timestamp":1609960744,"path_taken":["M","M","M","?","M","E","?","R","T","?","M","E","?","E","R","BOSS","M","?","M","M","$","R","E","R","T","?","?","R","E","M","R","BOSS","M","?","$","M","M","E","M","?","T","E","M","M","R","?","R","BOSS"],"items_purchased_type":["Relic","Card","Relic","Card"],"build_version":"2020-12-22","purchased_purges":2,"victory":true,"max_hp_per_floor":[72,72,72,67,67,67,67,67,67,67,67,67,67,67,67,67,67,67,67,67,67,67,67,67,67,67,67,67,67,67,67,67,67,67,67,67,67,67,67,67,67,67,67,67,67,67,67,67,67,67],"relic_stats":{"Darkstone Periapt":0,"Regal Pillow":15,"Happy Flower":[19],"counters":[28,114],"Pen Nib":[16],"Bag of Preparation":[30],"Whetstone":["Strike_P","FollowUp"],"Ginger":[2],"Smiling Mask":75,"Boot":[19],"Mercury Hourglass":[172],"Blood Vial":6,"MealTicket":0,"VioletLotus":[22],"Black Star":4,"obtain_stats":[{"Darkstone Periapt":14,"Regal Pillow":37,"Calipers":40,"Happy Flower":26,"Golden Idol":4,"Oddly Smooth Stone":6,"Pen Nib":9,"Bag of Preparation":22,"Omamori":44,"Whetstone":24,"Ginger":42,"Smiling Mask":12,"Boot":24,"Mercury Hourglass":30,"Du-Vu Doll":30,"Blood Vial":44,"MealTicket":40,"VioletLotus":34,"Black Star":17,"Red Mask":48,"Bottled Lightning":43,"PureWater":0,"Pocketwatch":19},{"Darkstone Periapt":9,"Regal Pillow":19,"Calipers":22,"Happy Flower":14,"Golden Idol":3,"Oddly Smooth Stone":5,"Pen Nib":5,"Bag of Preparation":13,"Omamori":25,"Whetstone":14,"Ginger":24,"Smiling Mask":8,"Boot":14,"Mercury Hourglass":16,"Du-Vu Doll":16,"Blood Vial":25,"MealTicket":22,"VioletLotus":18,"Black Star":10,"Red Mask":27,"Bottled Lightning":24,"PureWater":0,"Pocketwatch":11},{"Darkstone Periapt":38,"Regal Pillow":74,"Calipers":87,"Happy Flower":56,"Golden Idol":10,"Oddly Smooth Stone":24,"Pen Nib":24,"Bag of Preparation":52,"Omamori":103,"Whetstone":56,"Ginger":99,"Smiling Mask":35,"Boot":56,"Mercury Hourglass":65,"Du-Vu Doll":65,"Blood Vial":103,"MealTicket":87,"VioletLotus":72,"Black Star":43,"Red Mask":109,"Bottled Lightning":99,"PureWater":0,"Pocketwatch":46}],"Pocketwatch":[46]},"card_choices":[{"not_picked":["EmptyBody","SashWhip"],"picked":"CrushJoints","floor":1},{"not_picked":["FlyingSleeves","Blasphemy"],"picked":"TalkToTheHand","floor":2},{"not_picked":["EmptyBody","CutThroughFate"],"picked":"Indignation","floor":3},{"not_picked":["Halt","CarveReality"],"picked":"Crescendo","floor":5},{"not_picked":["WaveOfTheHand","ForeignInfluence","CrushJoints"],"picked":"SKIP","floor":6},{"not_picked":["WreathOfFlame","ThirdEye"],"picked":"Conclude","floor":10},{"not_picked":["Halt","Blasphemy"],"picked":"ClearTheMind","floor":11},{"not_picked":["Blasphemy","PathToVictory"],"picked":"MentalFortress","floor":12},{"not_picked":["Perseverance","MentalFortress"],"picked":"EmptyBody","floor":14},{"not_picked":["Omniscience","Alpha"],"picked":"ConjureBlade","floor":16},{"not_picked":["Prostrate","Swivel"],"picked":"FollowUp","floor":18},{"not_picked":["Consecrate+1","Weave"],"picked":"SashWhip","floor":20},{"not_picked":["Prostrate","SashWhip"],"picked":"Evaluate","floor":21},{"not_picked":["BowlingBash","BattleHymn"],"picked":"Crescendo","floor":24},{"not_picked":["CrushJoints","Evaluate+1"],"picked":"EmptyFist+1","floor":28},{"not_picked":["BowlingBash","PathToVictory+1"],"picked":"CutThroughFate","floor":30},{"not_picked":["ReachHeaven","Protect+1","JustLucky"],"picked":"SKIP","floor":31},{"not_picked":["ReachHeaven","Protect+1","JustLucky"],"picked":"SKIP","floor":31},{"not_picked":["Blasphemy","Vault"],"picked":"LessonLearned","floor":33},{"not_picked":["Consecrate","EmptyBody"],"picked":"InnerPeace","floor":35},{"not_picked":["Sanctity+1","Pray+1","Crescendo"],"picked":"SKIP","floor":38},{"not_picked":["FollowUp","EmptyBody"],"picked":"WaveOfTheHand+1","floor":39},{"not_picked":["LikeWater","SashWhip+1"],"picked":"Sanctity+1","floor":40},{"not_picked":["SignatureMove","FollowUp","WaveOfTheHand"],"picked":"SKIP","floor":41},{"not_picked":["WaveOfTheHand+1","Study+1"],"picked":"ClearTheMind+1","floor":42},{"not_picked":["Consecrate+1","Worship+1","EmptyFist+1"],"picked":"SKIP","floor":44},{"not_picked":["BowlingBash","SashWhip"],"picked":"Tantrum+1","floor":45},{"not_picked":["MasterReality","Weave"],"picked":"FlurryOfBlows+1","floor":46}],"player_experience":186281,"relics_obtained":[{"floor":6,"key":"Oddly Smooth Stone"},{"floor":9,"key":"Pen Nib"},{"floor":12,"key":"Smiling Mask"},{"floor":14,"key":"Darkstone Periapt"},{"floor":24,"key":"Boot"},{"floor":24,"key":"Whetstone"},{"floor":26,"key":"Happy Flower"},{"floor":30,"key":"Mercury Hourglass"},{"floor":30,"key":"Du-Vu Doll"},{"floor":40,"key":"MealTicket"},{"floor":40,"key":"Calipers"},{"floor":42,"key":"Ginger"},{"floor":43,"key":"Bottled Lightning"},{"floor":44,"key":"Omamori"},{"floor":44,"key":"Blood Vial"}],"event_choices":[{"damage_healed":0,"gold_gain":0,"player_choice":"Lose Max HP","damage_taken":0,"relics_obtained":["Golden Idol"],"max_hp_gain":0,"max_hp_loss":5,"event_name":"Golden Idol","floor":4,"gold_loss":0},{"damage_healed":0,"gold_gain":0,"player_choice":"Upgraded","damage_taken":0,"max_hp_gain":0,"max_hp_loss":0,"event_name":"Upgrade Shrine","floor":7,"gold_loss":0,"cards_upgraded":["Crescendo"]},{"cards_removed":["Strike_P"],"damage_healed":0,"gold_gain":0,"player_choice":"Offered Basic","damage_taken":0,"max_hp_gain":0,"max_hp_loss":0,"event_name":"Bonfire Elementals","floor":13,"gold_loss":0},{"damage_healed":0,"gold_gain":0,"player_choice":"Obtained Relic","damage_taken":0,"relics_obtained":["Pocketwatch"],"max_hp_gain":0,"max_hp_loss":0,"event_name":"Addict","floor":19,"gold_loss":85},{"damage_healed":0,"gold_gain":0,"player_choice":"Damaged","damage_taken":6,"max_hp_gain":0,"max_hp_loss":0,"event_name":"Wheel of Change","floor":27,"gold_loss":0},{"damage_healed":0,"gold_gain":333,"player_choice":"Gave Idol","damage_taken":0,"max_hp_gain":0,"max_hp_loss":0,"event_name":"The Moai Head","floor":36,"relics_lost":["Golden Idol"],"gold_loss":0},{"damage_healed":0,"gold_gain":0,"player_choice":"Fight","damage_taken":0,"max_hp_gain":0,"max_hp_loss":0,"event_name":"MindBloom","floor":42,"gold_loss":0},{"damage_healed":0,"gold_gain":0,"player_choice":"Paid","damage_taken":0,"relics_obtained":["Red Mask"],"max_hp_gain":0,"max_hp_loss":0,"event_name":"Tomb of Lord Red Mask","floor":48,"gold_loss":631}],"is_beta":false,"boss_relics":[{"not_picked":["Runic Dome","Tiny House"],"picked":"Black Star"},{"not_picked":["Calling Bell","Empty Cage"],"picked":"VioletLotus"}],"items_purged_floors":[22,37],"is_endless":false,"potions_floor_spawned":[10,12,16,18,21,30,33,39,40,44,45],"ascension_level":1}}