{"host":"acpsw8r33r8788yr","time":1609952670,"event":{"mods":["Act Like it!","BaseMod","Better Altar","Better Skull","Better Third Choice","BetterRewards","ChefMod","Colored Map","Downfall","Gensokyo","Hermit","Highlight Path","Hubris","Infinite Spire","Jorbs\u0027s Wanderer Trilogy","Minty Spire (QoL Compilation)","Quick Restart","Replay The Spire","Shop Mod","StSLib","The Animator","The Bug Knight","The Cursed","The Disciple","The Hierophant","The Runesmith","The Senshi"],"gold_per_floor":[85,118,118,7,7,33,33,63,63,277,288,267,267,30,47,47,47,47],"floor_reached":16,"playtime":1705,"items_purged":[],"score":168,"play_id":"43781dd0-e178-437f-97a7-115b334fff89","local_time":"20210106090430","is_ascension_mode":false,"campfire_choices":[{"data":"Replay:SS_hec_2","floor":1,"key":"SMITH"},{"floor":9,"key":"RECALL"},{"floor":13,"key":"REST"}],"circlet_count":0,"master_deck":["hexamod:Strike","hexamod:Strike","hexamod:Strike","hexamod:Strike","hexamod:Defend","hexamod:Defend","hexamod:Defend","hexamod:Defend","hexamod:Sear","hexamod:Float","Replay:SS_hec_2+1","hexamod:AdvancingGuard","hexamod:BurningTouch","hexamod:TimeOfNeed","hexamod:InspiringFlames","hexamod:Again","hexamod:RetreatToShadows","hexamod:PhantomCloak","hubris:NaturalOne","hexamod:FastForward","hexamod:GhostOfSpirePast"],"relics":["Snack Pack","infinitespire:Satchel","hubris:Icosahedron","theSenshi:SailorFukuRelic","Dream Catcher","Letter Opener","infinitespire:Beetle Shell","hubris:Teleporter","TungstenRod","Tiny Chest"],"acts_visited":["Exordium"],"potions_floor_usage":[],"damage_taken":[{"damage":2,"enemies":"Gensokyo:Gryphon","floor":2,"turns":5},{"damage":0,"enemies":"Gensokyo:Mamizou","floor":6,"turns":9},{"damage":0,"enemies":"Gensokyo:Aya","floor":8,"turns":7},{"damage":0,"enemies":"Gensokyo:2_Kodama","floor":10,"turns":4},{"damage":1,"enemies":"Gensokyo:3_Fairies","floor":11,"turns":5},{"damage":1,"enemies":"Gensokyo:Cirno","floor":12,"turns":8},{"damage":5,"enemies":"downfall:FleeingMerchant","floor":14,"turns":4},{"damage":3,"enemies":"Gensokyo:CorruptedTreant","floor":15,"turns":5},{"damage":49,"enemies":"downfall:Defect","floor":16,"turns":16}],"seed_played":"-8960717502578239234","potions_obtained":[{"floor":8,"key":"sneckomod:MuddlingPotion"},{"floor":12,"key":"Explosive Potion"}],"is_trial":false,"path_per_floor":["R","M","?","COS","?","E","T","E","R","M","M","E","R","$","M","B"],"character_chosen":"THE_SPIRIT","items_purchased":["Snack Pack","Replay:SS_hec_2","hexamod:GhostOfSpirePast","Tiny Chest"],"campfire_rested":1,"item_purchase_floors":[0,0,14,14],"current_hp_per_floor":[49,47,47,47,33,33,33,35,35,35,36,35,56,51,48,0,0,0],"gold":47,"neow_bonus":"","is_daily":false,"chose_seed":false,"campfire_upgraded":1,"win_rate":0.0,"timestamp":1609952670,"path_taken":["R","M","?","COS","?","E","T","E","R","M","M","E","R","?","M","BOSS"],"items_purchased_type":["Relic","Card","Card","Relic"],"build_version":"2020-12-22","purchased_purges":0,"victory":false,"max_hp_per_floor":[70,70,70,70,70,70,70,70,70,70,70,70,70,70,70,70,70,70],"card_choices":[{"not_picked":["hexamod:Hexaguard","hexamod:SwordOfDarkness"],"picked":"hexamod:BurningTouch","floor":2},{"not_picked":["hexamod:HeatShield","hexamod:ThirdSeal"],"picked":"hexamod:TimeOfNeed","floor":6},{"not_picked":["hexamod:RainOfEmbers","hexamod:BurningTouch"],"picked":"hexamod:InspiringFlames","floor":8},{"not_picked":["hexamod:NightmareStrike","hexamod:GhostLash"],"picked":"hexamod:Again","floor":10},{"not_picked":["hexamod:StepThrough","hexamod:BacktrackSmack","hexamod:HeatMetal"],"picked":"SKIP","floor":11},{"not_picked":["hexamod:ExtraCrispy","hexamod:BurningTouch"],"picked":"hexamod:RetreatToShadows","floor":12},{"not_picked":["hexamod:NightmareGuise","hexamod:PhantomFireball"],"picked":"hexamod:PhantomCloak","floor":13},{"not_picked":["hexamod:ThirdSeal","hexamod:NightmareStrike"],"picked":"hexamod:FastForward","floor":14},{"not_picked":["hexamod:BacktrackSmack","hexamod:StepThrough","hexamod:HauntingEcho"],"picked":"SKIP","floor":15}],"player_experience":411541,"relics_obtained":[{"floor":6,"key":"Dream Catcher"},{"floor":7,"key":"Letter Opener"},{"floor":8,"key":"infinitespire:Beetle Shell"},{"floor":12,"key":"TungstenRod"}],"event_choices":[],"is_beta":false,"boss_relics":[],"items_purged_floors":[],"is_endless":false,"potions_floor_spawned":[8,12,15],"killed_by":"downfall:Defect","ascension_level":0}}