{"host":"g76rhe4j5kh9hdf9","time":1609894273,"event":{"mods":["Act Like it!","BaseMod","Better Third Choice","GifTheSpireLib","Minty Spire (QoL Compilation)","Relic Stats","Spicy Shops","StSLib","The Marked"],"gold_per_floor":[12,112,122,197,197,223,223,148,223,48,63,97,110,144,144,243,243,256,256,111,123,138,138,163,163,210,210,227,246,171,190,190,292,292,309,0,0,0,14,14,43,54,54,54,87,87,107,139,139,139,139],"floor_reached":50,"playtime":8526,"items_purged":["theMarked:Strike","theMarked:Strike","Writhe"],"score":798,"play_id":"c93a8d62-6cb2-47b5-a1b0-297798aa30ec","local_time":"20210105165113","is_ascension_mode":true,"campfire_choices":[{"data":"theMarked:SoldierOfQuellstein","floor":7,"key":"SMITH"},{"data":"theMarked:SelfDefenseTraining","floor":15,"key":"SMITH"},{"data":"theMarked:BindingBlade","floor":23,"key":"SMITH"},{"data":"theMarked:Overcharge","floor":25,"key":"SMITH"},{"data":"theMarked:BanishingStrike","floor":27,"key":"SMITH"},{"floor":32,"key":"REST"},{"data":"theMarked:EmpowerWeapon","floor":40,"key":"SMITH"},{"floor":44,"key":"RECALL"},{"floor":49,"key":"REST"}],"circlet_count":0,"master_deck":["theMarked:Strike","theMarked:Defend","theMarked:Defend","theMarked:SoldierOfQuellstein+1","theMarked:SelfDefenseTraining+1","theMarked:BanishingStrike+1","theMarked:Overcharge+1","theMarked:BindingBlade+1","theMarked:ParalyzingBlade+1","Necronomicurse","theMarked:ElementalBlade+1","theMarked:MysticalArsenal+1","theMarked:TurnInvisible","theMarked:EmpowerWeapon","theMarked:EmpowerWeapon+1","Purity","Decay"],"relics":["theMarked:ArtifactOfAir","Orichalcum","theMarked:Gun","Anchor","Akabeko","Mummified Hand","Cursed Key","Necronomicon","Toolbox","Singing Bowl","Blood Vial","Black Star","Red Mask","Pen Nib","Lantern","Du-Vu Doll","Sundial","Toxic Egg 2","Meat on the Bone"],"acts_visited":["Exordium","TheCity","TheBeyond"],"potions_floor_usage":[6,12,16,22,41,47,50,50],"damage_taken":[{"damage":0,"enemies":"Jaw Worm","floor":1,"turns":5},{"damage":0,"enemies":"Cultist","floor":3,"turns":3},{"damage":19,"enemies":"3 Sentries","floor":6,"turns":6},{"damage":0,"enemies":"Small Slimes","floor":11,"turns":2},{"damage":6,"enemies":"Gremlin Nob","floor":12,"turns":3},{"damage":0,"enemies":"3 Louse","floor":13,"turns":2},{"damage":9,"enemies":"3 Sentries","floor":14,"turns":8},{"damage":20,"enemies":"Hexaghost","floor":16,"turns":10},{"damage":6,"enemies":"3 Byrds","floor":18,"turns":5},{"damage":0,"enemies":"Shell Parasite","floor":21,"turns":2},{"damage":0,"enemies":"3 Cultists","floor":22,"turns":3},{"damage":2,"enemies":"Gremlin Leader","floor":24,"turns":6},{"damage":0,"enemies":"Shelled Parasite and Fungi","floor":28,"turns":3},{"damage":9,"enemies":"Snake Plant","floor":29,"turns":2},{"damage":0,"enemies":"Cultist and Chosen","floor":31,"turns":3},{"damage":18,"enemies":"Champ","floor":33,"turns":8},{"damage":0,"enemies":"3 Darklings","floor":35,"turns":5},{"damage":13,"enemies":"3 Shapes","floor":39,"turns":6},{"damage":33,"enemies":"Nemesis","floor":41,"turns":5},{"damage":2,"enemies":"Transient","floor":42,"turns":5},{"damage":4,"enemies":"Giant Head","floor":45,"turns":4},{"damage":3,"enemies":"Jaw Worm Horde","floor":47,"turns":3},{"damage":0,"enemies":"Nemesis","floor":48,"turns":3},{"damage":78,"enemies":"Time Eater","floor":50,"turns":6}],"seed_played":"-642917702706056328","potions_obtained":[{"floor":1,"key":"AttackPotion"},{"floor":6,"key":"Weak Potion"},{"floor":14,"key":"SpeedPotion"},{"floor":16,"key":"Regen Potion"},{"floor":21,"key":"Explosive Potion"},{"floor":28,"key":"ColorlessPotion"},{"floor":33,"key":"EssenceOfSteel"},{"floor":38,"key":"theMarked:SummonPotion"},{"floor":41,"key":"AttackPotion"}],"is_trial":false,"path_per_floor":["M","?","M","?","?","E","R","$","T","$","M","E","M","E","R","B",null,"M","?","$","M","M","R","E","R","T","R","M","M","?","M","R","B",null,"M","$","?","?","M","R","E","M","T","R","E","$","M","E","R","B"],"character_chosen":"THE_DEFAULT","items_purchased":["Anchor","Toolbox","theMarked:EmpowerWeapon","Purity"],"campfire_rested":2,"item_purchase_floors":[10,20,36,36],"current_hp_per_floor":[70,70,70,59,59,40,40,40,40,40,40,34,34,25,25,5,54,48,32,32,32,32,32,32,32,32,32,34,29,29,31,53,37,65,67,67,67,67,58,58,29,31,31,31,31,31,32,36,61,0,0],"gold":139,"neow_bonus":"TRANSFORM_TWO_CARDS","is_daily":false,"chose_seed":false,"campfire_upgraded":6,"win_rate":0.0,"timestamp":1609894273,"path_taken":["M","?","?","?","?","E","R","$","T","$","M","E","M","E","R","BOSS","M","?","$","M","M","R","E","R","T","R","M","M","?","M","R","BOSS","M","$","?","?","?","R","E","M","T","R","E","$","M","E","R","BOSS"],"items_purchased_type":["Relic","Relic","Card","Card"],"build_version":"2020-12-22","purchased_purges":3,"victory":false,"max_hp_per_floor":[70,70,70,70,70,70,70,70,70,70,70,70,70,70,70,70,70,70,70,70,70,70,70,72,72,72,72,72,74,74,74,74,74,74,74,74,74,74,76,76,78,80,80,80,82,82,84,86,86,86,86],"relic_stats":{"Blood Vial":24,"Singing Bowl":16,"counters":[24,108],"Mummified Hand":[11],"Sundial":[0],"Pen Nib":[4],"Necronomicon":[21],"Black Star":3,"Orichalcum":[96],"Cursed Key":2,"obtain_stats":[{"Lantern":41,"theMarked:Gun":9,"Singing Bowl":24,"Pen Nib":41,"Orichalcum":6,"Cursed Key":17,"Akabeko":12,"Blood Vial":26,"Du-Vu Doll":45,"theMarked:ArtifactOfAir":0,"Anchor":10,"Mummified Hand":14,"Sundial":45,"Toolbox":20,"Necronomicon":19,"Black Star":34,"Red Mask":37,"Toxic Egg 2":48,"Meat on the Bone":48},{"Lantern":19,"theMarked:Gun":3,"Singing Bowl":12,"Pen Nib":19,"Orichalcum":3,"Cursed Key":8,"Akabeko":5,"Blood Vial":12,"Du-Vu Doll":21,"theMarked:ArtifactOfAir":0,"Anchor":3,"Mummified Hand":7,"Sundial":21,"Toolbox":9,"Necronomicon":9,"Black Star":16,"Red Mask":17,"Toxic Egg 2":23,"Meat on the Bone":23},{"Lantern":87,"theMarked:Gun":14,"Singing Bowl":55,"Pen Nib":87,"Orichalcum":14,"Cursed Key":39,"Akabeko":19,"Blood Vial":55,"Du-Vu Doll":96,"theMarked:ArtifactOfAir":0,"Anchor":14,"Mummified Hand":29,"Sundial":96,"Toolbox":44,"Necronomicon":44,"Black Star":71,"Red Mask":76,"Toxic Egg 2":102,"Meat on the Bone":102}],"Meat on the Bone":0},"card_choices":[{"not_picked":["theMarked:Static","theMarked:Electrify","theMarked:Electrocute"],"picked":"SKIP","floor":1},{"not_picked":["theMarked:BanishingStrike","theMarked:Aftermath","theMarked:SwordAndMagic"],"picked":"SKIP","floor":3},{"not_picked":["theMarked:Improvise","theMarked:Parkour","theMarked:WastefulDefense"],"picked":"SKIP","floor":6},{"not_picked":["theMarked:ChainLightning","theMarked:TwofoldDefense"],"picked":"theMarked:Overcharge","floor":11},{"not_picked":["theMarked:Static","theMarked:WardOff","theMarked:ResourceFulStrike"],"picked":"SKIP","floor":12},{"not_picked":["theMarked:ResourceFulStrike","theMarked:LightningStrikesTwice","theMarked:BanishingStrike"],"picked":"SKIP","floor":13},{"not_picked":["theMarked:WastefulDefense","theMarked:SwordAndMagic","theMarked:Standoff"],"picked":"SKIP","floor":14},{"not_picked":["theMarked:SummonStrength","theMarked:Challenge"],"picked":"theMarked:BindingBlade","floor":16},{"not_picked":["theMarked:TakeCover+1","theMarked:Parkour"],"picked":"theMarked:ParalyzingBlade+1","floor":18},{"not_picked":["theMarked:ParalyzingBlade","theMarked:Frustration","theMarked:ChainLightning"],"picked":"SKIP","floor":21},{"not_picked":["theMarked:Improvise+1","theMarked:SwordAndMagic","theMarked:ChainLightning"],"picked":"SKIP","floor":22},{"not_picked":["theMarked:Parkour","theMarked:Challenge","theMarked:WardOff"],"picked":"Singing Bowl","floor":24},{"not_picked":["theMarked:Frustration","theMarked:Improvise"],"picked":"theMarked:ElementalBlade+1","floor":28},{"not_picked":["theMarked:WardOff","theMarked:Aftermath","theMarked:HeightenedSenses"],"picked":"Singing Bowl","floor":29},{"not_picked":["theMarked:AttractMetal","theMarked:Improvise"],"picked":"theMarked:MysticalArsenal+1","floor":31},{"not_picked":["theMarked:FavorableWinds","theMarked:MagicAdept"],"picked":"theMarked:TurnInvisible","floor":33},{"not_picked":["theMarked:KeepCalmAndFightOn+1","theMarked:ResourceFulStrike+1"],"picked":"theMarked:EmpowerWeapon","floor":35},{"not_picked":["theMarked:Opportunist","theMarked:ChainLightning","theMarked:Parkour+1"],"picked":"Singing Bowl","floor":39},{"not_picked":["theMarked:SelfDefenseTraining","theMarked:Convert+1","theMarked:EmpowerWeapon"],"picked":"Singing Bowl","floor":41},{"not_picked":["theMarked:AttractMetal+1","theMarked:WastefulDefense+1","theMarked:WardOff+1"],"picked":"Singing Bowl","floor":42},{"not_picked":["theMarked:SuspiciousRaven","theMarked:BanishingWave","theMarked:WastefulAttack+1"],"picked":"Singing Bowl","floor":45},{"not_picked":["theMarked:ResourceFulStrike+1","theMarked:HeightenedSenses","theMarked:TwofoldDefense"],"picked":"Singing Bowl","floor":47},{"not_picked":["theMarked:SwordAndMagic","theMarked:Parkour","theMarked:PowerFlow+1"],"picked":"Singing Bowl","floor":48}],"player_experience":481236,"relics_obtained":[{"floor":6,"key":"Orichalcum"},{"floor":9,"key":"theMarked:Gun"},{"floor":12,"key":"Akabeko"},{"floor":14,"key":"Mummified Hand"},{"floor":19,"key":"Necronomicon"},{"floor":24,"key":"Singing Bowl"},{"floor":26,"key":"Blood Vial"},{"floor":41,"key":"Pen Nib"},{"floor":41,"key":"Lantern"},{"floor":45,"key":"Du-Vu Doll"},{"floor":45,"key":"Sundial"},{"floor":48,"key":"Toxic Egg 2"},{"floor":48,"key":"Meat on the Bone"}],"event_choices":[{"damage_healed":0,"gold_gain":100,"player_choice":"Pray","damage_taken":0,"max_hp_gain":0,"max_hp_loss":0,"event_name":"Golden Shrine","floor":2,"gold_loss":0},{"damage_healed":0,"gold_gain":75,"player_choice":"Gold","damage_taken":11,"max_hp_gain":0,"max_hp_loss":0,"event_name":"betterThird:BetterGoop","floor":4,"gold_loss":0},{"cards_removed":["theMarked:Defend"],"damage_healed":0,"gold_gain":0,"player_choice":"Forget","damage_taken":0,"max_hp_gain":0,"max_hp_loss":0,"event_name":"Living Wall","floor":5,"gold_loss":0},{"damage_healed":0,"gold_gain":0,"player_choice":"Obtained Book","damage_taken":16,"max_hp_gain":0,"max_hp_loss":0,"event_name":"Cursed Tome","floor":19,"gold_loss":0},{"cards_removed":["theMarked:Strike"],"damage_healed":0,"gold_gain":0,"player_choice":"Gave Gold","damage_taken":0,"max_hp_gain":0,"max_hp_loss":0,"event_name":"Beggar","floor":30,"gold_loss":75},{"damage_healed":0,"gold_gain":0,"player_choice":"Paid","damage_taken":0,"relics_obtained":["Red Mask"],"max_hp_gain":0,"max_hp_loss":0,"event_name":"Tomb of Lord Red Mask","floor":37,"gold_loss":0},{"damage_healed":0,"gold_gain":0,"player_choice":"Got Potions","damage_taken":0,"max_hp_gain":0,"max_hp_loss":0,"event_name":"Lab","floor":38,"gold_loss":0}],"is_beta":false,"boss_relics":[{"not_picked":["Velvet Choker","Philosopher\u0027s Stone"],"picked":"Cursed Key"},{"not_picked":["Snecko Eye","Runic Dome"],"picked":"Black Star"}],"items_purged_floors":[8,10,36],"is_endless":false,"potions_floor_spawned":[1,6,14,16,21,28,33,41],"killed_by":"Time Eater","ascension_level":5}}