{"host":"5cnm2qapaqj5mmu7","time":1609951706,"event":{"mods":["BaseMod","Bestiary","Colored Map","Minty Spire (QoL Compilation)","StSLib"],"gold_per_floor":[110,125,125,136,156,184,184,197,197,229,82,82,105,128,128,232,232,258,277,321,340,365,365,290,290,290],"floor_reached":25,"playtime":1404,"items_purged":[],"score":283,"play_id":"7d43fb99-bc16-4427-af22-cc7a4310860f","local_time":"20210106174826","is_ascension_mode":true,"campfire_choices":[{"floor":7.0,"key":"REST"},{"data":"Genetic Algorithm","floor":12.0,"key":"SMITH"},{"data":"Zap","floor":15.0,"key":"SMITH"},{"data":"Tempest","floor":23,"key":"SMITH"}],"circlet_count":0,"master_deck":["Strike_B","Strike_B","Defend_B","Defend_B","Defend_B","Defend_B","Zap+1","Dualcast","Rebound","Genetic Algorithm+1","Cold Snap","Sweeping Beam","Tempest+1","Seek","Leap","Redo","Machine Learning","BootSequence","Reinforced Body"],"relics":["Cracked Core","Singing Bowl","CaptainsWheel","Mummified Hand","ClockworkSouvenir","CeramicFish","Sozu","Red Mask"],"acts_visited":["Exordium","TheCity"],"potions_floor_usage":[16,16],"damage_taken":[{"damage":5.0,"enemies":"Small Slimes","floor":1.0,"turns":4.0},{"damage":1.0,"enemies":"Cultist","floor":2.0,"turns":3.0},{"damage":5.0,"enemies":"2 Louse","floor":4.0,"turns":3.0},{"damage":9.0,"enemies":"Blue Slaver","floor":5.0,"turns":4.0},{"damage":25.0,"enemies":"Lagavulin","floor":6.0,"turns":8.0},{"damage":10.0,"enemies":"3 Louse","floor":8.0,"turns":3.0},{"damage":22.0,"enemies":"3 Sentries","floor":10.0,"turns":6.0},{"damage":0.0,"enemies":"2 Fungi Beasts","floor":14.0,"turns":2.0},{"damage":20,"enemies":"Hexaghost","floor":16,"turns":9},{"damage":0,"enemies":"Spheric Guardian","floor":18,"turns":4},{"damage":0,"enemies":"Chosen","floor":19,"turns":4},{"damage":18,"enemies":"Masked Bandits","floor":20,"turns":4},{"damage":16,"enemies":"Shelled Parasite and Fungi","floor":21,"turns":10},{"damage":31,"enemies":"Centurion and Healer","floor":22,"turns":12},{"damage":49,"enemies":"Gremlin Leader","floor":25,"turns":6}],"seed_played":"1419964649399990123","potions_obtained":[{"floor":1.0,"key":"PotionOfCapacity"},{"floor":2.0,"key":"LiquidMemories"},{"floor":10.0,"key":"Fruit Juice"}],"is_trial":false,"path_per_floor":["M","M","?","M","M","E","R","M","T","E","$","R","T","M","R","B",null,"M","M","?","M","M","R","?","E"],"character_chosen":"DEFECT","items_purchased":["ClockworkSouvenir"],"campfire_rested":1,"item_purchase_floors":[11],"current_hp_per_floor":[63,62,62,57,48,25,52,42,42,27,27,27,27,27,27,7,98,98,98,80,64,33,33,33,0,0],"gold":290,"neow_bonus":"TWENTY_PERCENT_HP_BONUS","is_daily":false,"chose_seed":false,"campfire_upgraded":3,"win_rate":0.0,"timestamp":1609951706,"path_taken":["M","M","?","?","M","E","R","M","T","E","$","R","?","M","R","BOSS","M","?","?","M","M","R","?","E"],"items_purchased_type":["Relic"],"build_version":"2020-12-22","purchased_purges":0,"victory":false,"max_hp_per_floor":[89,89,89,89,89,91,91,91,91,98,98,98,98,98,98,98,98,98,98,98,98,98,98,98,98,98],"card_choices":[{"not_picked":["Heatsinks","Stack"],"picked":"Rebound","floor":1.0},{"not_picked":["Gash","Turbo"],"picked":"Genetic Algorithm","floor":2.0},{"not_picked":["Leap","Compile Driver"],"picked":"Cold Snap","floor":4.0},{"not_picked":["FTL","Steam Power","Fission"],"picked":"SKIP","floor":5.0},{"not_picked":["Heatsinks","Consume","Coolheaded"],"picked":"Singing Bowl","floor":6.0},{"not_picked":["Conserve Battery","FTL"],"picked":"Sweeping Beam","floor":8.0},{"not_picked":["Aggregate","Heatsinks","Darkness"],"picked":"Singing Bowl","floor":10.0},{"not_picked":["Steam","Barrage"],"picked":"Tempest","floor":14.0},{"not_picked":["Meteor Strike","All For One"],"picked":"Seek","floor":16},{"not_picked":["Beam Cell+1","Barrage"],"picked":"Leap","floor":18},{"not_picked":["BootSequence","Darkness+1"],"picked":"Redo","floor":19},{"not_picked":["Barrage","Genetic Algorithm"],"picked":"Machine Learning","floor":20},{"not_picked":["Gash","Steam"],"picked":"BootSequence","floor":21},{"not_picked":["Hello World+1","Streamline"],"picked":"Reinforced Body","floor":22}],"player_experience":554332,"relics_obtained":[{"floor":6.0,"key":"Singing Bowl"},{"floor":9.0,"key":"CaptainsWheel"},{"floor":10.0,"key":"Mummified Hand"},{"floor":13.0,"key":"CeramicFish"},{"floor":20,"key":"Red Mask"}],"event_choices":[{"cards_removed":["Strike_B"],"damage_healed":0.0,"max_hp_gain":0.0,"max_hp_loss":0.0,"gold_gain":0.0,"event_name":"Purifier","player_choice":"Purged","floor":3.0,"gold_loss":0.0,"damage_taken":0.0},{"damage_healed":0,"gold_gain":0,"player_choice":"Fought Bandits","damage_taken":0,"max_hp_gain":0,"max_hp_loss":0,"event_name":"Masked Bandits","floor":20,"gold_loss":0},{"cards_removed":["Strike_B"],"damage_healed":0,"gold_gain":0,"player_choice":"Gave Gold","damage_taken":0,"max_hp_gain":0,"max_hp_loss":0,"event_name":"Beggar","floor":24,"gold_loss":75}],"is_beta":false,"boss_relics":[{"not_picked":["Runic Pyramid","Inserter"],"picked":"Sozu"}],"items_purged_floors":[],"is_endless":false,"potions_floor_spawned":[1,2,10,19,20],"killed_by":"Gremlin Leader","ascension_level":4}}