{"host":"w4b7hmige5bnqipq","time":1609919232,"event":{"mods":["2.2 Compatiblity","BaseMod","Colored Map","DeckTracker","Keyboard Shortcuts","Minty Spire (QoL Compilation)","Permanent Neow","Rare Cards Sparkle","SuperFastMode","everything is the same but u backflip on backflip","slay the spire mod where everything is the same but ironclad has a cowboy hat"],"gold_per_floor":[111,138,288,306,319,319,244,244,244,244,244,278,294,113,113,185,185,201,201,17,28,47,79,79,79,79],"floor_reached":25,"playtime":861,"items_purged":["Doubt","Strike_G","Clumsy"],"score":438,"play_id":"9669a7d7-5cb9-44b8-8182-f88235d01384","local_time":"20210106164712","is_ascension_mode":true,"campfire_choices":[{"data":"Cloak And Dagger","floor":6.0,"key":"SMITH"},{"data":"Dash","floor":11,"key":"SMITH"},{"data":"Bouncing Flask","floor":15,"key":"SMITH"},{"floor":24,"key":"REST"}],"circlet_count":0,"master_deck":["AscendersBane","Strike_G","Strike_G","Defend_G+1","Defend_G+1","Defend_G","Defend_G","Survivor","Neutralize","Dash+1","Cloak And Dagger+1","Eviscerate","Blur","Calculated Gamble","Backflip","Bouncing Flask+1","Venomology","Prepared+1","PiercingWail+1"],"relics":["Ring of the Snake","War Paint","Tiny Chest","Vajra","Cursed Key","Toxic Egg 2","Orichalcum"],"acts_visited":["Exordium","TheCity"],"potions_floor_usage":[12,18,22,22,23,23,25,25],"damage_taken":[{"damage":1.0,"enemies":"Cultist","floor":1.0,"turns":4.0},{"damage":0.0,"enemies":"Small Slimes","floor":4.0,"turns":4.0},{"damage":0.0,"enemies":"Jaw Worm","floor":5.0,"turns":5.0},{"damage":10,"enemies":"3 Sentries","floor":12,"turns":8},{"damage":0,"enemies":"Exordium Thugs","floor":13,"turns":5},{"damage":13,"enemies":"The Guardian","floor":16,"turns":9},{"damage":6,"enemies":"2 Thieves","floor":18,"turns":3},{"damage":2,"enemies":"Spheric Guardian","floor":21,"turns":5},{"damage":10,"enemies":"Centurion and Healer","floor":22,"turns":6},{"damage":20,"enemies":"Book of Stabbing","floor":23,"turns":6},{"damage":36,"enemies":"Gremlin Leader","floor":25,"turns":9}],"seed_played":"-1206605550038291572","potions_obtained":[{"floor":4.0,"key":"Strength Potion"},{"floor":13,"key":"FearPotion"},{"floor":23,"key":"Block Potion"}],"is_trial":false,"path_per_floor":["M","T","?","M","M","R","$","?","T","?","R","E","M","$","R","B",null,"M","T","$","M","M","E","R","E"],"character_chosen":"THE_SILENT","items_purchased":["Bouncing Flask","Prepared+1"],"campfire_rested":1,"item_purchase_floors":[14,20],"current_hp_per_floor":[58,58,58,58,58,58,58,58,58,58,58,48,48,48,48,35,54,48,48,48,46,36,16,34,0,0],"gold":79,"neow_bonus":"TRANSFORM_TWO_CARDS","is_daily":false,"chose_seed":false,"campfire_upgraded":3,"win_rate":0.0,"timestamp":1609919232,"path_taken":["M","?","?","M","M","R","$","?","T","?","R","E","?","?","R","BOSS","M","?","$","M","M","E","R","E"],"items_purchased_type":["Card","Card"],"build_version":"2020-12-22","purchased_purges":3,"victory":false,"max_hp_per_floor":[60,60,60,60,60,60,60,60,60,60,60,60,60,60,60,60,60,60,60,60,60,60,60,60,60,60],"card_choices":[{"not_picked":["Outmaneuver","Setup","Prepared"],"picked":"SKIP","floor":1.0},{"not_picked":["Accuracy","All Out Attack"],"picked":"Eviscerate","floor":4.0},{"not_picked":["Acrobatics","Leg Sweep"],"picked":"Blur","floor":5.0},{"not_picked":["Underhanded Strike","Leg Sweep"],"picked":"Calculated Gamble","floor":12},{"not_picked":["Terror","Catalyst"],"picked":"Backflip","floor":13},{"not_picked":["After Image","Burst"],"picked":"Venomology","floor":16},{"not_picked":["Accuracy","Leg Sweep","Predator+1"],"picked":"SKIP","floor":18},{"not_picked":["Well Laid Plans","Blade Dance+1"],"picked":"PiercingWail+1","floor":21},{"not_picked":["Poisoned Stab","Dash","Prepared+1"],"picked":"SKIP","floor":22},{"not_picked":["Prepared+1","Poisoned Stab","Bane"],"picked":"SKIP","floor":23}],"player_experience":472353,"relics_obtained":[{"floor":2.0,"key":"War Paint"},{"floor":9.0,"key":"Tiny Chest"},{"floor":12,"key":"Vajra"},{"floor":19,"key":"Toxic Egg 2"},{"floor":23,"key":"Orichalcum"}],"event_choices":[{"damage_healed":0.0,"max_hp_gain":0.0,"max_hp_loss":0.0,"gold_gain":150.0,"event_name":"Liars Game","player_choice":"AGREE","floor":3.0,"gold_loss":0.0,"damage_taken":0.0,"cards_obtained":["Doubt"]},{"cards_removed":["Strike_G"],"damage_healed":0.0,"max_hp_gain":0.0,"max_hp_loss":0.0,"gold_gain":0.0,"event_name":"Living Wall","player_choice":"Forget","floor":8.0,"gold_loss":0.0,"damage_taken":0.0},{"damage_healed":0,"gold_gain":0,"player_choice":"Fled","damage_taken":0,"max_hp_gain":0,"max_hp_loss":0,"event_name":"Scrap Ooze","floor":10,"gold_loss":0}],"is_beta":false,"boss_relics":[{"not_picked":["Ring of the Serpent","Calling Bell"],"picked":"Cursed Key"}],"items_purged_floors":[7,14,20],"is_endless":false,"potions_floor_spawned":[4,13,21,23],"killed_by":"Gremlin Leader","ascension_level":20}}