{"host":"19tvufa8xx4wr4o1","time":1609900648,"event":{"mods":["AchievementEnabler","BaseMod","Better Sensory Stone","Better Third Choice","Highlight Path","Minty Spire (QoL Compilation)","Relic Stats","StSLib"],"gold_per_floor":[113,10,10,29,44,44,73,84,84,115,127,186,198,274,286,372,384,411,435,447,478,490,530,542,534,546,558,582,594,633,91,91,167,167,181,181,43,1042,461,461,492,505,505,505,524,524,540,555,555,555,555],"floor_reached":50,"playtime":2368,"items_purged":["Strike_G","Strike_G","Normality"],"score":953,"play_id":"b1d9b58d-55fc-4658-ad85-5589829153ca","local_time":"20210105203728","is_ascension_mode":true,"campfire_choices":[{"data":"Poisoned Stab","floor":6.0,"key":"SMITH"},{"floor":11.0,"key":"REST"},{"floor":13.0,"key":"REST"},{"data":"Neutralize","floor":15.0,"key":"SMITH"},{"floor":24,"key":"REST"},{"data":"Wraith Form v2","floor":27,"key":"SMITH"},{"data":"Flechettes","floor":32,"key":"SMITH"},{"data":"Caltrops","floor":40,"key":"SMITH"},{"data":"Wraith Form v2","floor":46,"key":"SMITH"},{"floor":49,"key":"REST"}],"circlet_count":0,"master_deck":["AscendersBane","Strike_G","Strike_G","Defend_G+1","Defend_G+1","Defend_G","Defend_G","Survivor","Neutralize+1","Poisoned Stab+1","Predator","PiercingWail","Infinite Blades","Wraith Form v2+1","Dodge and Roll","Finisher+1","Bouncing Flask+1","Wraith Form v2+1","Flechettes+1","Setup+1","Blur","Malaise","PiercingWail","Infinite Blades","Normality","Calculated Gamble","Caltrops+1","Blade Dance+1","Prepared","Underhanded Strike+1","Dagger Throw+1"],"relics":["Runic Pyramid","Pear","Pantograph","Kunai","MawBank","PreservedInsect","HornCleat","SlaversCollar","War Paint","Eternal Feather","Ginger","Lantern","Mummified Hand","HoveringKite","Turnip","Frozen Egg 2","Molten Egg 2"],"acts_visited":["Exordium","TheCity","TheBeyond"],"potions_floor_usage":[23,30,33,45,47,48],"damage_taken":[{"damage":0.0,"enemies":"Small Slimes","floor":1.0,"turns":4.0},{"damage":2.0,"enemies":"Cultist","floor":4.0,"turns":5.0},{"damage":0.0,"enemies":"Jaw Worm","floor":5.0,"turns":4.0},{"damage":17.0,"enemies":"3 Sentries","floor":7.0,"turns":12.0},{"damage":10.0,"enemies":"Gremlin Gang","floor":8.0,"turns":6.0},{"damage":18.0,"enemies":"Lagavulin","floor":10.0,"turns":8.0},{"damage":35.0,"enemies":"Lagavulin Event","floor":14.0,"turns":7.0},{"damage":7.0,"enemies":"The Guardian","floor":16.0,"turns":15.0},{"damage":11.0,"enemies":"Chosen","floor":18.0,"turns":7.0},{"damage":19.0,"enemies":"Spheric Guardian","floor":19.0,"turns":7.0},{"damage":3.0,"enemies":"Centurion and Healer","floor":21.0,"turns":11.0},{"damage":8,"enemies":"Slavers","floor":23,"turns":6},{"damage":7,"enemies":"Snake Plant","floor":28,"turns":6},{"damage":1,"enemies":"Book of Stabbing","floor":30,"turns":4},{"damage":3,"enemies":"Collector","floor":33,"turns":11},{"damage":3,"enemies":"Orb Walker","floor":35,"turns":5},{"damage":18,"enemies":"Reptomancer","floor":41,"turns":6},{"damage":13,"enemies":"3 Darklings","floor":42,"turns":8},{"damage":5,"enemies":"Sphere and 2 Shapes","floor":45,"turns":10},{"damage":23,"enemies":"Maw","floor":47,"turns":10},{"damage":19,"enemies":"4 Shapes","floor":48,"turns":9},{"damage":86,"enemies":"Awakened One","floor":50,"turns":14}],"seed_played":"-5403972224216687353","potions_obtained":[{"floor":5.0,"key":"Block Potion"},{"floor":14.0,"key":"Fruit Juice"},{"floor":16.0,"key":"Ancient Potion"},{"floor":19.0,"key":"ColorlessPotion"},{"floor":23,"key":"DistilledChaos"},{"floor":25,"key":"SteroidPotion"},{"floor":33,"key":"ColorlessPotion"},{"floor":35,"key":"PowerPotion"},{"floor":45,"key":"BlessingOfTheForge"}],"is_trial":false,"path_per_floor":["M","?","$","M","M","R","E","M","T","E","R","T","R","?","R","B",null,"M","M","?","M","?","E","R","?","T","R","M","$","E","$","R","B",null,"M","?","$","?","$","R","E","M","T","?","M","R","M","M","R","B"],"character_chosen":"THE_SILENT","items_purchased":["Lantern","Mummified Hand","DistilledChaos","Infinite Blades","Calculated Gamble","Turnip","Caltrops"],"campfire_rested":4,"item_purchase_floors":[31,31,31,37,39,39,39],"current_hp_per_floor":[59,69,69,67,67,67,50,40,40,22,44,44,66,36,36,54,74,63,44,60,57,37,29,53,53,53,65,58,58,57,57,69,78,80,77,77,77,77,77,81,63,50,50,50,45,63,40,21,63,0,0],"gold":555,"neow_bonus":"BOSS_RELIC","is_daily":false,"chose_seed":false,"campfire_upgraded":6,"win_rate":0.0,"timestamp":1609900648,"path_taken":["M","?","?","?","M","R","E","?","T","E","R","?","R","?","R","BOSS","M","M","?","M","?","E","R","?","T","R","?","?","E","$","R","BOSS","M","?","?","?","$","R","E","M","T","?","M","R","M","M","R","BOSS"],"items_purchased_type":["Relic","Relic","Potion","Card","Card","Relic","Card"],"build_version":"2020-12-22","purchased_purges":3,"victory":false,"max_hp_per_floor":[66,76,76,76,76,76,76,76,76,76,76,76,76,81,81,81,81,81,81,81,81,81,81,81,81,81,81,81,81,81,81,81,81,81,81,81,81,81,81,81,81,81,81,81,81,81,81,81,81,81,81],"relic_stats":{"counters":[22,175],"Mummified Hand":[41],"Pantograph":55,"HoveringKite":[16],"Eternal Feather":64,"PreservedInsect":172,"Turnip":[8],"Kunai":[69],"Ginger":[8],"War Paint":["Defend_G","Defend_G"],"MawBank":252,"obtain_stats":[{"Lantern":31,"Pear":2,"HoveringKite":34,"Eternal Feather":26,"PreservedInsect":12,"Ginger":30,"War Paint":23,"Frozen Egg 2":41,"MawBank":10,"SlaversCollar":17,"HornCleat":14,"Mummified Hand":31,"Pantograph":7,"Molten Egg 2":43,"Turnip":39,"Kunai":9,"Ring of the Snake":0,"Runic Pyramid":0},{"Lantern":14,"Pear":1,"HoveringKite":15,"Eternal Feather":12,"PreservedInsect":6,"Ginger":14,"War Paint":12,"Frozen Egg 2":17,"MawBank":6,"SlaversCollar":8,"HornCleat":7,"Mummified Hand":14,"Pantograph":4,"Molten Egg 2":18,"Turnip":16,"Kunai":5,"Ring of the Snake":0,"Runic Pyramid":0},{"Lantern":102,"Pear":4,"HoveringKite":113,"Eternal Feather":92,"PreservedInsect":39,"Ginger":102,"War Paint":92,"Frozen Egg 2":124,"MawBank":39,"SlaversCollar":61,"HornCleat":46,"Mummified Hand":102,"Pantograph":25,"Molten Egg 2":132,"Turnip":118,"Kunai":31,"Ring of the Snake":0,"Runic Pyramid":0}]},"card_choices":[{"not_picked":["Slice","Well Laid Plans","Eviscerate"],"picked":"SKIP","floor":1.0},{"not_picked":["Cloak And Dagger","Flying Knee"],"picked":"Poisoned Stab","floor":4.0},{"not_picked":["Sucker Punch","Quick Slash","Acrobatics"],"picked":"SKIP","floor":5.0},{"not_picked":["Acrobatics","Noxious Fumes"],"picked":"Predator","floor":7.0},{"not_picked":["Flying Knee","Tactician"],"picked":"PiercingWail","floor":8.0},{"not_picked":["Sucker Punch","Quick Slash"],"picked":"Infinite Blades","floor":10.0},{"not_picked":["Corpse Explosion","Grand Finale"],"picked":"Wraith Form v2","floor":16.0},{"not_picked":["Predator","Backflip"],"picked":"Dodge and Roll","floor":18.0},{"not_picked":["Infinite Blades","Acrobatics"],"picked":"Finisher+1","floor":19.0},{"not_picked":["PiercingWail","Prepared"],"picked":"Bouncing Flask+1","floor":21.0},{"not_picked":["Night Terror","Concentrate"],"picked":"Flechettes","floor":23},{"not_picked":["Outmaneuver","Caltrops"],"picked":"Setup+1","floor":28},{"not_picked":["Sucker Punch","Dagger Spray+1"],"picked":"Blur","floor":30},{"not_picked":["Die Die Die","After Image"],"picked":"Malaise","floor":33},{"not_picked":["Backflip+1","Sucker Punch"],"picked":"PiercingWail","floor":35},{"not_picked":["Masterful Stab","PiercingWail"],"picked":"Blade Dance+1","floor":41},{"not_picked":["Poisoned Stab","Tactician"],"picked":"Prepared","floor":42},{"not_picked":["Distraction","Slice+1"],"picked":"Underhanded Strike+1","floor":45},{"not_picked":["Acrobatics","Dodge and Roll","Noxious Fumes+1"],"picked":"SKIP","floor":47},{"not_picked":["Quick Slash+1","Poisoned Stab+1"],"picked":"Dagger Throw+1","floor":48}],"player_experience":555572,"relics_obtained":[{"floor":7.0,"key":"Pantograph"},{"floor":9.0,"key":"Kunai"},{"floor":10.0,"key":"MawBank"},{"floor":12.0,"key":"PreservedInsect"},{"floor":14.0,"key":"HornCleat"},{"floor":23,"key":"War Paint"},{"floor":26,"key":"Eternal Feather"},{"floor":30,"key":"Ginger"},{"floor":41,"key":"Frozen Egg 2"},{"floor":43,"key":"Molten Egg 2"}],"event_choices":[{"damage_healed":0.0,"max_hp_gain":0.0,"max_hp_loss":0.0,"gold_gain":0.0,"event_name":"WeMeetAgain","player_choice":"Paid Gold","floor":2.0,"gold_loss":103.0,"damage_taken":0.0,"relics_obtained":["Pear"]},{"damage_healed":0.0,"max_hp_gain":0.0,"max_hp_loss":0.0,"gold_gain":0.0,"event_name":"Dead Adventurer","player_choice":"Searched \u00271\u0027 times","floor":14.0,"gold_loss":0.0,"damage_taken":0.0},{"damage_healed":16.0,"max_hp_gain":0.0,"max_hp_loss":0.0,"gold_gain":0.0,"event_name":"The Library","player_choice":"Heal","floor":20.0,"gold_loss":0.0,"damage_taken":0.0},{"damage_healed":0.0,"max_hp_gain":0.0,"max_hp_loss":20.0,"gold_gain":2.0,"event_name":"betterStone:BetterStone","player_choice":"2","floor":22.0,"gold_loss":0.0,"damage_taken":0.0},{"damage_healed":0,"gold_gain":0,"player_choice":"Bought 1 Potion","damage_taken":0,"max_hp_gain":0,"max_hp_loss":0,"event_name":"The Woman in Blue","floor":25,"gold_loss":0},{"cards_removed":["Strike_G"],"damage_healed":0,"gold_gain":0,"player_choice":"Purged","damage_taken":0,"max_hp_gain":0,"max_hp_loss":0,"event_name":"Purifier","floor":36,"gold_loss":0},{"damage_healed":0,"gold_gain":999,"player_choice":"Gold","damage_taken":0,"max_hp_gain":0,"max_hp_loss":0,"event_name":"MindBloom","floor":38,"gold_loss":0,"cards_obtained":["Normality","Normality"]},{"cards_removed":["Defend_G"],"damage_healed":0,"gold_gain":0,"player_choice":"Removed Skill","damage_taken":0,"max_hp_gain":0,"max_hp_loss":0,"event_name":"Falling","floor":44,"gold_loss":0}],"is_beta":false,"boss_relics":[{"not_picked":["Astrolabe","Busted Crown"],"picked":"SlaversCollar"},{"not_picked":["Runic Dome","Fusion Hammer"],"picked":"HoveringKite"}],"items_purged_floors":[31,37,39],"is_endless":false,"potions_floor_spawned":[5,14,16,19,23,28,33,35,41,45],"killed_by":"Awakened One","ascension_level":15}}