{"host":"91blwi3hgehj6ch9","time":1609965210,"event":{"mods":["2.2 Compatiblity","AchievementEnabler","BaseMod","Colored Map","DeckTracker","Keyboard Shortcuts","Minty Spire (QoL Compilation)","Permanent Neow","Quick Restart","StSLib","SuperFastMode"],"gold_per_floor":[112,37,2,19,19,46,46,57,57,57,83,94,104,124,124,223,223,223,223],"floor_reached":18,"playtime":438,"items_purged":["Defend_G"],"score":315,"play_id":"fba2532b-a323-42b1-bb36-7ee4a1e8fca6","local_time":"20210107053330","is_ascension_mode":true,"campfire_choices":[{"data":"Blade Dance","floor":7,"key":"SMITH"},{"data":"Footwork","floor":10,"key":"SMITH"},{"floor":15,"key":"REST"}],"circlet_count":0,"master_deck":["AscendersBane","Strike_G","Strike_G","Strike_G","Strike_G","Strike_G","Defend_G","Defend_G","Defend_G","Defend_G","Survivor","Neutralize","Calculated Gamble","Blade Dance+1","Footwork+1","Masterful Stab","A Thousand Cuts","Escape Plan","Blur","Envenom"],"relics":["Ring of the Snake","NeowsBlessing","Blue Candle","Pear","Odd Mushroom","SlaversCollar"],"acts_visited":["Exordium","TheCity"],"potions_floor_usage":[16,16],"damage_taken":[{"damage":0,"enemies":"Small Slimes","floor":1,"turns":2},{"damage":0,"enemies":"Jaw Worm","floor":4,"turns":1},{"damage":0,"enemies":"Lagavulin","floor":6,"turns":1},{"damage":6,"enemies":"Cultist","floor":8,"turns":3},{"damage":25,"enemies":"The Mushroom Lair","floor":11,"turns":7},{"damage":5,"enemies":"Large Slime","floor":12,"turns":7},{"damage":3,"enemies":"Looter","floor":13,"turns":3},{"damage":23,"enemies":"Exordium Wildlife","floor":14,"turns":5},{"damage":32,"enemies":"Slime Boss","floor":16,"turns":11},{"damage":18,"enemies":"3 Byrds","floor":18,"turns":2}],"seed_played":"4974058754623037932","potions_obtained":[{"floor":4,"key":"EntropicBrew"},{"floor":8,"key":"FearPotion"}],"is_trial":false,"path_per_floor":["M","$","?","M","?","E","R","M","T","R","?","M","M","M","R","B",null,"M"],"character_chosen":"THE_SILENT","items_purchased":[],"campfire_rested":1,"item_purchase_floors":[],"current_hp_per_floor":[63,63,70,70,75,75,75,69,79,79,54,49,46,23,48,16,68,50,50],"gold":223,"neow_bonus":"THREE_ENEMY_KILL","is_daily":false,"chose_seed":false,"campfire_upgraded":2,"win_rate":0.0,"timestamp":1609965210,"path_taken":["M","$","?","M","?","E","R","M","T","R","?","M","M","M","R","BOSS","M"],"items_purchased_type":[],"build_version":"2020-12-22","purchased_purges":1,"victory":false,"max_hp_per_floor":[70,70,70,70,75,75,75,75,85,85,85,85,85,85,85,85,85,85,85],"card_choices":[{"not_picked":["Flying Knee","Underhanded Strike"],"picked":"Calculated Gamble","floor":1},{"not_picked":["Deadly Poison","Calculated Gamble","Deflect"],"picked":"SKIP","floor":4},{"not_picked":["Setup","Finisher"],"picked":"Blade Dance","floor":6},{"not_picked":["Caltrops","Acrobatics"],"picked":"Footwork","floor":8},{"not_picked":["Cloak And Dagger","Deadly Poison"],"picked":"Masterful Stab","floor":11},{"not_picked":["Outmaneuver","Prepared"],"picked":"A Thousand Cuts","floor":12},{"not_picked":["Poisoned Stab","Footwork"],"picked":"Escape Plan","floor":13},{"not_picked":["Flying Knee","Cloak And Dagger"],"picked":"Blur","floor":14},{"not_picked":["Corpse Explosion","Doppelganger"],"picked":"Envenom","floor":16}],"player_experience":108907,"relics_obtained":[{"floor":6,"key":"Blue Candle"},{"floor":9,"key":"Pear"},{"floor":11,"key":"Odd Mushroom"}],"event_choices":[{"damage_healed":17,"gold_gain":0,"player_choice":"Healed","damage_taken":0,"max_hp_gain":0,"max_hp_loss":0,"event_name":"The Cleric","floor":3,"gold_loss":35},{"damage_healed":0,"gold_gain":0,"player_choice":"Donut","damage_taken":0,"max_hp_gain":5,"max_hp_loss":0,"event_name":"Big Fish","floor":5,"gold_loss":0},{"damage_healed":0,"gold_gain":0,"player_choice":"Fought Mushrooms","damage_taken":0,"max_hp_gain":0,"max_hp_loss":0,"event_name":"Mushrooms","floor":11,"gold_loss":0}],"is_beta":false,"boss_relics":[{"not_picked":["Runic Dome","Snecko Eye"],"picked":"SlaversCollar"}],"items_purged_floors":[2],"is_endless":false,"potions_floor_spawned":[4,8,11,13,16],"killed_by":"3 Byrds","ascension_level":11}}