{"host":"udyc8f81k2jocuhg","time":1609945711,"event":{"mods":["2.2 Compatiblity","BaseMod","Better Third Choice","Colored Powertips","Conspire","Custom Start","GifTheSpireLib","Hermit","Minty Spire (QoL Compilation)","Permanent Neow","Quick Restart","Relic Filter","Relic Stats","Replay The Spire","Shop Mod","Spikes Relics","StSLib","Stuff the Spire"],"gold_per_floor":[113,45,56,69,87,87,122,140,140,140,140],"floor_reached":10,"playtime":491,"items_purged":[],"score":123,"play_id":"036a59ab-3f74-42e0-acd4-cb2783c4c1f8","local_time":"20210106160831","is_ascension_mode":true,"campfire_choices":[{"data":"Footwork","floor":6,"key":"SMITH"}],"circlet_count":0,"master_deck":["AscendersBane","Strike_G","Strike_G","Strike_G","Strike_G","Strike_G","Defend_G","Defend_G","Defend_G","Defend_G","Defend_G","Neutralize","Survivor","Footwork+1","Caltrops","Deadly Poison","Caltrops"],"relics":["Ring of the Snake","StuffTheSpire:Mouthbags","StoneCalendar","ReplayFunnel"],"acts_visited":["Exordium"],"potions_floor_usage":[7,7,8],"damage_taken":[{"damage":0,"enemies":"Cultist","floor":1,"turns":4},{"damage":1,"enemies":"2 Louse","floor":3,"turns":6},{"damage":0,"enemies":"Small Slimes","floor":4,"turns":5},{"damage":20,"enemies":"Gremlin Gang","floor":5,"turns":9},{"damage":14,"enemies":"3 Sentries","floor":7,"turns":11},{"damage":13,"enemies":"Red Slaver","floor":8,"turns":5},{"damage":56,"enemies":"Gremlin Nob","floor":10,"turns":6}],"seed_played":"2332032116193883297","potions_obtained":[{"floor":3,"key":"Strength Potion"},{"floor":5,"key":"AttackPotion"},{"floor":7,"key":"Fruit Juice"}],"is_trial":false,"path_per_floor":["M","$","M","M","M","R","E","M","T","E"],"character_chosen":"THE_SILENT","items_purchased":["Caltrops"],"campfire_rested":0,"item_purchase_floors":[2],"current_hp_per_floor":[59,59,58,58,38,38,24,16,16,0,0],"gold":140,"neow_bonus":"RANDOM_COMMON_RELIC","is_daily":false,"chose_seed":false,"campfire_upgraded":1,"win_rate":0.0,"timestamp":1609945711,"path_taken":["M","$","M","M","M","R","E","M","T","E"],"items_purchased_type":["Card"],"build_version":"2020-12-22","purchased_purges":0,"victory":false,"max_hp_per_floor":[66,66,66,66,66,66,66,71,71,71,71],"relic_stats":{"counters":[7,46],"StoneCalendar":[0],"obtain_stats":[{"ReplayFunnel":9,"StuffTheSpire:Mouthbags":0,"StoneCalendar":7,"Ring of the Snake":0},{"ReplayFunnel":6,"StuffTheSpire:Mouthbags":0,"StoneCalendar":5,"Ring of the Snake":0},{"ReplayFunnel":40,"StuffTheSpire:Mouthbags":0,"StoneCalendar":35,"Ring of the Snake":0}],"Ring of the Snake":[14]},"card_choices":[{"not_picked":["Bane","ReplayTheSpireMod:The Works"],"picked":"Footwork","floor":1},{"not_picked":["StuffTheSpire:Injection","Quick Slash"],"picked":"Deadly Poison","floor":3},{"not_picked":["Tactician","Distraction","Quick Slash"],"picked":"SKIP","floor":4},{"not_picked":["Quick Slash","StuffTheSpire:Incantation","StuffTheSpire:MirrorStance"],"picked":"SKIP","floor":5},{"not_picked":["Underhanded Strike","Unload","Phantasmal Killer"],"picked":"SKIP","floor":7},{"not_picked":["Hidden Blade","Outmaneuver"],"picked":"Caltrops","floor":8}],"player_experience":1946944,"relics_obtained":[{"floor":7,"key":"StoneCalendar"},{"floor":9,"key":"ReplayFunnel"}],"event_choices":[],"is_beta":false,"boss_relics":[],"items_purged_floors":[],"is_endless":false,"potions_floor_spawned":[3,5,7],"killed_by":"Gremlin Nob","ascension_level":15}}