{"host":"e2ju6k0wppswbhbd","time":1609972336,"event":{"mods":["BaseMod","Minty Spire (QoL Compilation)","Rare Cards Sparkle","StSLib"],"gold_per_floor":[119,135,135,151,170,197,197,214,214,232,232,246,279,279,279,384,384,398,14,31,31,42,76,76,76,102,33,33,33,67,87,87,186,236,254,272,11,359,409,409,436,456,456,489,489,506,30,50,50,50,50,50,12,42,42,42],"floor_reached":55,"playtime":8511,"items_purged":["Strike_G","Strike_G","Strike_G"],"score":797,"play_id":"67f69f1e-1a49-4aef-886b-36b80d612b4d","local_time":"20210106233216","is_ascension_mode":false,"campfire_choices":[{"floor":7.0,"key":"RECALL"},{"floor":15.0,"key":"REST"},{"data":"Neutralize","floor":24.0,"key":"SMITH"},{"data":"Blind","floor":29.0,"key":"SMITH"},{"floor":32.0,"key":"REST"},{"floor":40.0,"key":"REST"},{"data":"Envenom","floor":45.0,"key":"SMITH"},{"floor":49.0,"key":"REST"},{"data":"After Image","floor":52.0,"key":"SMITH"}],"circlet_count":0,"master_deck":["Strike_G","Defend_G+1","Defend_G","Defend_G","Defend_G","Survivor","Neutralize+1","After Image+1","Caltrops","Prepared","Infinite Blades","Deadly Poison","Skewer","Heel Hook","PiercingWail","Dagger Throw","Accuracy","Glass Knife","Underhanded Strike+1","Blade Dance","Sucker Punch","Panacea","Escape Plan+1","RitualDagger","Flying Knee","Eviscerate","Blind+1","Well Laid Plans","PiercingWail","Envenom+1","Dagger Spray","Deadly Poison+1","Predator+1","Calculated Gamble","Thinking Ahead","Deadly Poison+1","Cloak And Dagger+1","Parasite","Dark Shackles","Prepared+1"],"relics":["Ring of the Snake","The Specimen","Peace Pipe","Matryoshka","Tough Bandages","Philosopher\u0027s Stone","Membership Card","Shuriken","Ice Cream","MutagenicStrength","Art of War","Bronze Scales","Mercury Hourglass","Tiny House","Bag of Marbles","Old Coin","FossilizedHelix","Toy Ornithopter","Bag of Preparation","The Courier","Shovel","Sling","Blood Vial","TungstenRod","Pantograph","StrikeDummy"],"acts_visited":["Exordium","TheCity","TheBeyond","TheEnding"],"potions_floor_usage":[55],"damage_taken":[{"damage":0.0,"enemies":"Small Slimes","floor":1.0,"turns":5.0},{"damage":0.0,"enemies":"Jaw Worm","floor":2.0,"turns":9.0},{"damage":0.0,"enemies":"2 Louse","floor":4.0,"turns":1.0},{"damage":0.0,"enemies":"Large Slime","floor":5.0,"turns":7.0},{"damage":18.0,"enemies":"3 Sentries","floor":6.0,"turns":12.0},{"damage":6.0,"enemies":"Exordium Wildlife","floor":8.0,"turns":5.0},{"damage":10.0,"enemies":"2 Fungi Beasts","floor":10.0,"turns":4.0},{"damage":18.0,"enemies":"Exordium Thugs","floor":12.0,"turns":7.0},{"damage":2.0,"enemies":"Lagavulin","floor":13.0,"turns":8.0},{"damage":32.0,"enemies":"The Guardian","floor":16.0,"turns":12.0},{"damage":10.0,"enemies":"Spheric Guardian","floor":18.0,"turns":6.0},{"damage":0.0,"enemies":"Shell Parasite","floor":20.0,"turns":6.0},{"damage":4.0,"enemies":"Centurion and Healer","floor":22.0,"turns":5.0},{"damage":4.0,"enemies":"Slavers","floor":23.0,"turns":5.0},{"damage":12.0,"enemies":"Gremlin Leader","floor":30.0,"turns":6.0},{"damage":8.0,"enemies":"Sentry and Sphere","floor":31.0,"turns":3.0},{"damage":43.0,"enemies":"Automaton","floor":33.0,"turns":9.0},{"damage":9.0,"enemies":"3 Darklings","floor":35.0,"turns":3.0},{"damage":4.0,"enemies":"Orb Walker","floor":36.0,"turns":4.0},{"damage":22.0,"enemies":"2 Orb Walkers","floor":38.0,"turns":5.0},{"damage":0.0,"enemies":"Mind Bloom Boss Battle","floor":39.0,"turns":6.0},{"damage":11.0,"enemies":"Sphere and 2 Shapes","floor":42.0,"turns":4.0},{"damage":10.0,"enemies":"Reptomancer","floor":44.0,"turns":6.0},{"damage":37.0,"enemies":"Transient","floor":46.0,"turns":5.0},{"damage":0.0,"enemies":"Writhing Mass","floor":48.0,"turns":5.0},{"damage":22.0,"enemies":"Donu and Deca","floor":50.0,"turns":7.0},{"damage":57,"enemies":"Shield and Spear","floor":54,"turns":8},{"damage":109,"enemies":"The Heart","floor":55,"turns":6}],"seed_played":"-3218568691141411256","potions_obtained":[{"floor":1.0,"key":"Explosive Potion"},{"floor":2.0,"key":"Regen Potion"},{"floor":12.0,"key":"Strength Potion"},{"floor":16.0,"key":"Swift Potion"},{"floor":22.0,"key":"CunningPotion"},{"floor":23.0,"key":"LiquidBronze"},{"floor":31.0,"key":"BlessingOfTheForge"},{"floor":33.0,"key":"ColorlessPotion"},{"floor":34.0,"key":"Explosive Potion"},{"floor":36.0,"key":"GamblersBrew"},{"floor":38.0,"key":"FearPotion"},{"floor":39.0,"key":"SkillPotion"},{"floor":54,"key":"Regen Potion"}],"is_trial":false,"path_per_floor":["M","M","?","M","M","E","R","M","T","M","T","M","E","?","R","B",null,"M","$","M","?","M","E","R","?","T","$","?","R","E","M","R","B",null,"M","M","$","?","?","R","T","M","T","E","R","M","$","M","R","B",null,"R","$","E","B"],"character_chosen":"THE_SILENT","items_purchased":["Membership Card","Shuriken","Blade Dance","Sucker Punch","Panacea","Blind","Dexterity Potion","Bag of Marbles","Calculated Gamble","Thinking Ahead","Sling","Blood Vial","TungstenRod","Pantograph","DistilledChaos","FairyPotion","Dark Shackles"],"campfire_rested":4,"item_purchase_floors":[19,19,19,19,19,27,27,37,37,37,47,47,47,47,47,47,53],"current_hp_per_floor":[70,70,75,75,75,57,57,51,51,41,41,38,36,24,46,14,75,65,65,65,59,55,51,51,51,51,51,51,51,39,31,53,10,80,71,67,67,45,45,69,69,68,68,58,58,26,26,28,52,58,80,80,80,23,0,0],"gold":42,"neow_bonus":"TRANSFORM_CARD","is_daily":false,"chose_seed":false,"campfire_upgraded":4,"win_rate":0.0,"timestamp":1609972336,"path_taken":["M","M","?","M","M","E","R","M","T","M","?","M","E","?","R","BOSS","M","$","M","?","M","E","R","?","T","?","?","R","E","?","R","BOSS","M","M","$","?","?","R","?","M","T","E","R","?","$","M","R","BOSS","R","$","E","BOSS"],"items_purchased_type":["Relic","Relic","Card","Card","Card","Card","Potion","Relic","Card","Card","Relic","Relic","Relic","Relic","Potion","Potion","Card"],"build_version":"2020-12-22","purchased_purges":3,"victory":false,"max_hp_per_floor":[70,70,75,75,75,75,75,75,75,75,75,75,75,75,75,75,75,75,75,75,75,75,75,75,75,75,75,75,75,75,75,75,75,80,80,80,80,80,80,80,80,80,80,80,80,80,80,80,80,80,80,80,80,80,80,80],"card_choices":[{"not_picked":["Endless Agony","Bane"],"picked":"Caltrops","floor":1.0},{"not_picked":["Blade Dance","Cloak And Dagger"],"picked":"Prepared","floor":2.0},{"not_picked":["Setup","Bane"],"picked":"Infinite Blades","floor":4.0},{"not_picked":["Acrobatics","Riddle With Holes"],"picked":"Deadly Poison","floor":5.0},{"not_picked":["Slice","Masterful Stab"],"picked":"Skewer","floor":6.0},{"not_picked":["Prepared","Predator"],"picked":"Heel Hook","floor":8.0},{"not_picked":["Unload","Poisoned Stab"],"picked":"PiercingWail","floor":10.0},{"not_picked":["PiercingWail","Bane"],"picked":"Dagger Throw","floor":12.0},{"not_picked":["Dagger Throw","Heel Hook"],"picked":"Accuracy","floor":13.0},{"not_picked":["After Image","Phantasmal Killer"],"picked":"Glass Knife","floor":16.0},{"not_picked":["Expertise","Bane"],"picked":"Underhanded Strike+1","floor":18.0},{"not_picked":["Quick Slash","Cloak And Dagger"],"picked":"Escape Plan+1","floor":20.0},{"not_picked":["Dodge and Roll","Cloak And Dagger"],"picked":"Flying Knee","floor":22.0},{"not_picked":["Escape Plan","Accuracy"],"picked":"Eviscerate","floor":23.0},{"not_picked":["Malaise","Flechettes"],"picked":"Well Laid Plans","floor":30.0},{"not_picked":["Sucker Punch+1","Underhanded Strike"],"picked":"PiercingWail","floor":31.0},{"not_picked":["Corpse Explosion","Venomology"],"picked":"Envenom","floor":33.0},{"not_picked":["Flechettes","PiercingWail"],"picked":"Dagger Spray","floor":34.0},{"not_picked":["Poisoned Stab","Flying Knee+1"],"picked":"Deadly Poison+1","floor":35.0},{"not_picked":["Expertise","Cloak And Dagger"],"picked":"Predator+1","floor":36.0},{"not_picked":["Dodge and Roll","Outmaneuver+1","Quick Slash"],"picked":"SKIP","floor":42.0},{"not_picked":["Poisoned Stab","Accuracy"],"picked":"Deadly Poison+1","floor":44.0},{"not_picked":["Outmaneuver+1","Prepared"],"picked":"Cloak And Dagger+1","floor":46.0},{"not_picked":["Heel Hook+1","All Out Attack+1","Blur"],"picked":"SKIP","floor":48.0},{"not_picked":["Flechettes","Outmaneuver"],"picked":"Prepared+1","floor":54}],"player_experience":2616954,"relics_obtained":[{"floor":6.0,"key":"The Specimen"},{"floor":11.0,"key":"Peace Pipe"},{"floor":13.0,"key":"Matryoshka"},{"floor":23.0,"key":"Ice Cream"},{"floor":26.0,"key":"Art of War"},{"floor":26.0,"key":"Bronze Scales"},{"floor":30.0,"key":"Mercury Hourglass"},{"floor":38.0,"key":"Old Coin"},{"floor":39.0,"key":"FossilizedHelix"},{"floor":41.0,"key":"Toy Ornithopter"},{"floor":41.0,"key":"Bag of Preparation"},{"floor":43.0,"key":"The Courier"},{"floor":44.0,"key":"Shovel"},{"floor":54,"key":"StrikeDummy"}],"event_choices":[{"damage_healed":0.0,"max_hp_gain":5.0,"max_hp_loss":0.0,"gold_gain":0.0,"event_name":"Big Fish","player_choice":"Donut","floor":3.0,"gold_loss":0.0,"damage_taken":0.0},{"damage_healed":0.0,"max_hp_gain":0.0,"max_hp_loss":0.0,"gold_gain":0.0,"event_name":"Scrap Ooze","player_choice":"Success","floor":14.0,"gold_loss":0.0,"damage_taken":12.0,"relics_obtained":["Tough Bandages"]},{"damage_healed":0.0,"max_hp_gain":0.0,"max_hp_loss":0.0,"gold_gain":0.0,"event_name":"Nest","player_choice":"Joined the Cult","floor":21.0,"gold_loss":0.0,"damage_taken":6.0,"cards_obtained":["RitualDagger"]},{"damage_healed":0.0,"max_hp_gain":0.0,"max_hp_loss":0.0,"gold_gain":0.0,"event_name":"Drug Dealer","player_choice":"Inject Mutagens","floor":25.0,"gold_loss":0.0,"damage_taken":0.0,"relics_obtained":["MutagenicStrength"]},{"cards_removed":["Defend_G"],"damage_healed":0.0,"max_hp_gain":0.0,"max_hp_loss":0.0,"gold_gain":0.0,"event_name":"Purifier","player_choice":"Purged","floor":28.0,"gold_loss":0.0,"damage_taken":0.0},{"damage_healed":0.0,"max_hp_gain":0.0,"max_hp_loss":0.0,"gold_gain":0.0,"event_name":"Mysterious Sphere","player_choice":"Fight","floor":38.0,"gold_loss":0.0,"damage_taken":0.0},{"damage_healed":0.0,"max_hp_gain":0.0,"max_hp_loss":0.0,"gold_gain":0.0,"event_name":"MindBloom","player_choice":"Fight","floor":39.0,"gold_loss":0.0,"damage_taken":0.0}],"is_beta":false,"boss_relics":[{"not_picked":["Empty Cage","Fusion Hammer"],"picked":"Philosopher\u0027s Stone"},{"not_picked":["Cursed Key","Black Star"],"picked":"Tiny House"}],"items_purged_floors":[19,37,47],"is_endless":false,"potions_floor_spawned":[1,2,12,16,22,23,31,33,36,38,39,54],"killed_by":"The Heart","ascension_level":0}}