{"host":"yiit85oc4oi3nqs8","time":1609935699,"event":{"mods":["AchievementEnabler","BaseMod","Better Third Choice","Block Reminder","DeckTracker","Highlight Path","Keyboard Shortcuts","Minty Spire (QoL Compilation)","MonsterHotkey","Quick Restart","Random Character Button","Relic Stats","StSLib"],"gold_per_floor":[360,301,226,226,237,162,162,176,176,176,196,243,243,243,258,272,272,272,289,289,315,315,215,242,242,253,253,283,297,323,323,323,323,395,395,414,433,433,444,493,493,493,493],"floor_reached":42,"playtime":1400,"items_purged":["Strike_B","Strike_B"],"score":622,"play_id":"fbddd5d3-d40d-45aa-a213-11bc86a1079a","local_time":"20210106212139","is_ascension_mode":true,"campfire_choices":[{"floor":13,"key":"REST"},{"data":"Beam Cell","floor":14,"key":"SMITH"},{"data":"Zap","floor":18,"key":"SMITH"},{"data":"Chill","floor":20,"key":"SMITH"},{"floor":25,"key":"REST"},{"data":"Dualcast","floor":27,"key":"SMITH"},{"data":"Gash","floor":31,"key":"SMITH"},{"floor":32,"key":"REST"},{"data":"Gash","floor":33,"key":"SMITH"}],"circlet_count":0,"master_deck":["AscendersBane","Strike_B","Defend_B+1","Defend_B","Defend_B","Defend_B+1","Zap+1","Dualcast+1","Hologram+1","Gash+1","Recycle+1","Beam Cell+1","Chill+1","Gash+1","Coolheaded"],"relics":["Cracked Core","Omamori","Letter Opener","Anchor","Lantern","Pantograph","Darkstone Periapt","Bag of Marbles","MealTicket","Inserter","War Paint","White Beast Statue"],"acts_visited":["Exordium","TheCity"],"potions_floor_usage":[11,16,24,28,30,34,39,42],"damage_taken":[{"damage":7,"enemies":"Small Slimes","floor":1,"turns":3},{"damage":3,"enemies":"2 Louse","floor":5,"turns":2},{"damage":6,"enemies":"Cultist","floor":8,"turns":4},{"damage":1,"enemies":"Red Slaver","floor":11,"turns":3},{"damage":0,"enemies":"Gremlin Gang","floor":15,"turns":5},{"damage":0,"enemies":"3 Louse","floor":16,"turns":3},{"damage":6,"enemies":"Looter","floor":19,"turns":3},{"damage":10,"enemies":"3 Sentries","floor":24,"turns":6},{"damage":1,"enemies":"Large Slime","floor":26,"turns":4},{"damage":5,"enemies":"Lagavulin","floor":28,"turns":6},{"damage":0,"enemies":"3 Louse","floor":29,"turns":3},{"damage":7,"enemies":"3 Sentries","floor":30,"turns":7},{"damage":29,"enemies":"Hexaghost","floor":34,"turns":7},{"damage":14,"enemies":"Spheric Guardian","floor":36,"turns":5},{"damage":18,"enemies":"Shell Parasite","floor":37,"turns":6},{"damage":5,"enemies":"3 Cultists","floor":39,"turns":5},{"damage":27,"enemies":"Masked Bandits","floor":42,"turns":3}],"seed_played":"6860668334491656661","potions_obtained":[{"floor":1,"key":"LiquidMemories"},{"floor":11,"key":"Regen Potion"},{"floor":19,"key":"AttackPotion"},{"floor":24,"key":"BlessingOfTheForge"},{"floor":28,"key":"Swift Potion"},{"floor":30,"key":"LiquidMemories"},{"floor":36,"key":"Ancient Potion"},{"floor":37,"key":"Swift Potion"}],"is_trial":false,"path_per_floor":["M","$","$","?","M","?","?","M","?","T","M","?","R","R","M","M","?","R","M","R","T","T","$","E","R","M","R","E","M","E","R","R","R","B",null,"M","M","?","M","T","?","?"],"character_chosen":"DEFECT","items_purchased":["Gash"],"campfire_rested":3,"item_purchase_floors":[2],"current_hp_per_floor":[57,57,57,62,59,59,38,32,6,6,5,5,25,25,25,34,34,34,28,28,28,28,28,18,38,37,37,32,32,25,25,45,45,40,62,48,30,30,25,25,25,0,0],"gold":493,"neow_bonus":"TWO_FIFTY_GOLD","is_daily":false,"chose_seed":false,"campfire_upgraded":6,"win_rate":0.0,"timestamp":1609935699,"path_taken":["M","$","$","?","M","?","?","M","?","?","M","?","R","R","?","M","?","R","M","R","T","T","?","E","R","M","R","E","M","E","R","R","R","BOSS","M","?","?","M","?","?","?"],"items_purchased_type":["Card"],"build_version":"2020-12-22","purchased_purges":2,"victory":false,"max_hp_per_floor":[64,64,64,69,69,69,69,69,69,69,69,69,69,69,69,69,69,69,69,69,69,69,69,69,69,69,69,69,69,69,69,69,69,69,69,69,69,69,69,69,69,69,69],"relic_stats":{"Darkstone Periapt":0,"Inserter":[9],"counters":[17,75],"Pantograph":24,"MealTicket":0,"Letter Opener":[318],"War Paint":["Recycle","Defend_B"],"obtain_stats":[{"Darkstone Periapt":24,"Anchor":12,"Lantern":21,"Inserter":35,"Pantograph":22,"MealTicket":30,"Omamori":9,"Bag of Marbles":28,"Letter Opener":10,"War Paint":40,"Cracked Core":0,"White Beast Statue":41},{"Darkstone Periapt":8,"Anchor":4,"Lantern":7,"Inserter":13,"Pantograph":7,"MealTicket":12,"Omamori":3,"Bag of Marbles":10,"Letter Opener":3,"War Paint":16,"Cracked Core":0,"White Beast Statue":16},{"Darkstone Periapt":29,"Anchor":12,"Lantern":23,"Inserter":56,"Pantograph":23,"MealTicket":49,"Omamori":9,"Bag of Marbles":39,"Letter Opener":9,"War Paint":72,"Cracked Core":0,"White Beast Statue":72}]},"card_choices":[{"not_picked":["Loop","Static Discharge"],"picked":"Hologram","floor":1},{"not_picked":["Rebound","Redo"],"picked":"Recycle","floor":5},{"not_picked":["Genetic Algorithm","White Noise","Chaos"],"picked":"SKIP","floor":8},{"not_picked":["Stack","Blizzard"],"picked":"Beam Cell","floor":11},{"not_picked":["Compile Driver","Reprogram","Rebound"],"picked":"SKIP","floor":15},{"not_picked":["Steam","Steam Power","Conserve Battery"],"picked":"SKIP","floor":16},{"not_picked":["Double Energy","Hologram"],"picked":"Chill","floor":19},{"not_picked":["Leap","Recycle","Conserve Battery"],"picked":"SKIP","floor":24},{"not_picked":["White Noise","Stack","Streamline"],"picked":"SKIP","floor":26},{"not_picked":["Melter","Redo","Sweeping Beam"],"picked":"SKIP","floor":28},{"not_picked":["Storm","Reinforced Body","Cold Snap"],"picked":"SKIP","floor":29},{"not_picked":["Sweeping Beam","Reinforced Body"],"picked":"Gash","floor":30},{"not_picked":["Consume","Redo","Capacitor"],"picked":"SKIP","floor":36},{"not_picked":["Heatsinks","Beam Cell"],"picked":"Coolheaded","floor":37},{"not_picked":["Blizzard","Redo","BootSequence"],"picked":"SKIP","floor":39}],"player_experience":485496,"relics_obtained":[{"floor":10,"key":"Letter Opener"},{"floor":12,"key":"Anchor"},{"floor":21,"key":"Lantern"},{"floor":22,"key":"Pantograph"},{"floor":24,"key":"Darkstone Periapt"},{"floor":28,"key":"Bag of Marbles"},{"floor":30,"key":"MealTicket"},{"floor":40,"key":"War Paint"},{"floor":41,"key":"White Beast Statue"}],"event_choices":[{"damage_healed":0,"gold_gain":0,"player_choice":"Donut","damage_taken":0,"max_hp_gain":5,"max_hp_loss":0,"event_name":"Big Fish","floor":4,"gold_loss":0},{"cards_removed":["Strike_B"],"damage_healed":0,"gold_gain":0,"player_choice":"Card Removal","damage_taken":0,"max_hp_gain":0,"max_hp_loss":0,"event_name":"The Cleric","floor":6,"gold_loss":75},{"damage_healed":59,"gold_gain":0,"player_choice":"Upgrade","damage_taken":21,"max_hp_gain":0,"max_hp_loss":69,"event_name":"betterThird:BetterShining","floor":7,"gold_loss":0,"cards_upgraded":["Hologram","Defend_B"]},{"damage_healed":0,"gold_gain":0,"player_choice":"Relic ","damage_taken":26,"max_hp_gain":0,"max_hp_loss":0,"event_name":"betterThird:BetterScrap","floor":9,"gold_loss":0,"cards_obtained":["Backstab"]},{"damage_healed":0,"gold_gain":0,"player_choice":"Fought Bandits","damage_taken":0,"max_hp_gain":0,"max_hp_loss":0,"event_name":"Masked Bandits","floor":42,"gold_loss":0}],"is_beta":false,"boss_relics":[{"not_picked":["Runic Pyramid","Nuclear Battery"],"picked":"Inserter"}],"items_purged_floors":[3,23],"is_endless":false,"potions_floor_spawned":[1,11,19,24,28,30,36,37],"killed_by":"Masked Bandits","ascension_level":18}}