{"host":"omv42op7s93bjjql","time":1609944439,"event":{"mods":["BaseMod","Colored Map","Colored Powertips","DeckTracker","Keyboard Shortcuts","Minty Spire (QoL Compilation)","StSLib","SuperFastMode"],"gold_per_floor":[110,110,70,88,105,105,123,133,159,169,169,204,204,217,217,291,291,311,311,226,237,20,20,20],"floor_reached":23,"playtime":715,"items_purged":[],"score":386,"play_id":"421318ec-188d-40d6-9e96-a93f1e3ceb2b","local_time":"20210106234719","is_ascension_mode":true,"campfire_choices":[{"floor":6.0,"key":"REST"},{"floor":13.0,"key":"REST"},{"floor":15.0,"key":"RECALL"}],"circlet_count":0,"master_deck":["AscendersBane","Strike_B","Strike_B","Strike_B","Defend_B","Defend_B","Defend_B","Defend_B","Zap","Dualcast","Compile Driver","Loop","Hologram","Ball Lightning","FTL","Go for the Eyes","Capacitor","Glacier","Redo","Core Surge","Skim","Undo","White Noise","Consume"],"relics":["Fusion Hammer","MealTicket","Toy Ornithopter","Philosopher\u0027s Stone","Tiny Chest","HandDrill"],"acts_visited":["Exordium","TheCity"],"potions_floor_usage":[23],"damage_taken":[{"damage":7.0,"enemies":"Jaw Worm","floor":1.0,"turns":4.0},{"damage":2.0,"enemies":"Cultist","floor":4.0,"turns":4.0},{"damage":9.0,"enemies":"2 Louse","floor":5.0,"turns":3.0},{"damage":11.0,"enemies":"Blue Slaver","floor":7.0,"turns":4.0},{"damage":7.0,"enemies":"2 Fungi Beasts","floor":8.0,"turns":3.0},{"damage":3.0,"enemies":"Large Slime","floor":10.0,"turns":4.0},{"damage":7.0,"enemies":"3 Sentries","floor":12.0,"turns":4.0},{"damage":0.0,"enemies":"Blue Slaver","floor":14.0,"turns":4.0},{"damage":34.0,"enemies":"Hexaghost","floor":16.0,"turns":13.0},{"damage":22.0,"enemies":"Spheric Guardian","floor":18.0,"turns":6.0},{"damage":13.0,"enemies":"2 Thieves","floor":21.0,"turns":4.0},{"damage":49,"enemies":"Book of Stabbing","floor":23,"turns":5}],"seed_played":"-6037559682772092643","potions_obtained":[{"floor":5.0,"key":"Explosive Potion"},{"floor":7.0,"key":"Explosive Potion"},{"floor":14.0,"key":"SteroidPotion"},{"floor":18.0,"key":"PotionOfCapacity"},{"floor":21.0,"key":"SteroidPotion"}],"is_trial":false,"path_per_floor":["M","?","$","M","M","R","M","M","T","M","?","E","R","M","R","B",null,"M","?","?","M","$","E"],"character_chosen":"DEFECT","items_purchased":["Loop","Consume","HandDrill"],"campfire_rested":2,"item_purchase_floors":[3,22,22],"current_hp_per_floor":[57,57,57,55,46,67,56,49,49,46,69,62,71,71,71,42,64,42,42,42,29,44,0,0],"gold":20,"neow_bonus":"BOSS_RELIC","is_daily":false,"chose_seed":false,"campfire_upgraded":0,"win_rate":0.0,"timestamp":1609944439,"path_taken":["M","?","$","M","M","R","?","M","T","M","?","E","R","M","R","BOSS","M","?","?","M","$","E"],"items_purchased_type":["Card","Card","Relic"],"build_version":"2020-12-22","purchased_purges":0,"victory":false,"max_hp_per_floor":[71,71,71,71,71,71,71,71,71,71,71,71,71,71,71,71,71,71,71,71,71,71,71,71],"card_choices":[{"not_picked":["Sweeping Beam","Coolheaded"],"picked":"Compile Driver","floor":1.0},{"not_picked":["Fusion","Rebound"],"picked":"Hologram","floor":4.0},{"not_picked":["Fission","Gash"],"picked":"Ball Lightning","floor":5.0},{"not_picked":["Heatsinks","Hello World"],"picked":"FTL","floor":7.0},{"not_picked":["Beam Cell","FTL"],"picked":"Go for the Eyes","floor":8.0},{"not_picked":["Heatsinks","Compile Driver"],"picked":"Capacitor","floor":10.0},{"not_picked":["Stack","Barrage"],"picked":"Glacier","floor":12.0},{"not_picked":["Leap","Steam"],"picked":"Redo","floor":14.0},{"not_picked":["Thunder Strike","Machine Learning"],"picked":"Core Surge","floor":16.0},{"not_picked":["Force Field","Conserve Battery+1"],"picked":"Skim","floor":18.0},{"not_picked":["Redo","Sweeping Beam"],"picked":"White Noise","floor":21.0}],"player_experience":851408,"relics_obtained":[{"floor":9.0,"key":"MealTicket"},{"floor":12.0,"key":"Toy Ornithopter"}],"event_choices":[{"cards_removed":["Strike_B"],"damage_healed":0.0,"max_hp_gain":0.0,"max_hp_loss":0.0,"gold_gain":0.0,"event_name":"Purifier","player_choice":"Purged","floor":2.0,"gold_loss":0.0,"damage_taken":0.0},{"damage_healed":23.0,"max_hp_gain":0.0,"max_hp_loss":0.0,"gold_gain":0.0,"event_name":"Big Fish","player_choice":"Banana","floor":11.0,"gold_loss":0.0,"damage_taken":0.0},{"damage_healed":0.0,"max_hp_gain":0.0,"max_hp_loss":0.0,"gold_gain":0.0,"event_name":"The Library","player_choice":"Read","floor":19.0,"gold_loss":0.0,"damage_taken":0.0,"cards_obtained":["Undo"]},{"damage_healed":0.0,"max_hp_gain":0.0,"max_hp_loss":0.0,"gold_gain":0.0,"event_name":"Addict","player_choice":"Obtained Relic","floor":20.0,"gold_loss":85.0,"damage_taken":0.0,"relics_obtained":["Tiny Chest"]}],"is_beta":false,"boss_relics":[{"not_picked":["Coffee Dripper","Tiny House"],"picked":"Philosopher\u0027s Stone"}],"items_purged_floors":[],"is_endless":false,"potions_floor_spawned":[5,7,14,18,21],"killed_by":"Book of Stabbing","ascension_level":20}}