{"host":"2pt9f5ojqg0apn28","time":1609970404,"event":{"mods":["AchievementEnabler","BaseMod","Better Altar","Better Match","Better Note","Better Sensory Stone","Better Skull","Better Third Choice","Colored Map","Colored Powertips","Hubris","Infinite Spire","Lobotomy","LobotomyExtend","Minty Spire (QoL Compilation)","Replay The Spire","StSLib"],"gold_per_floor":[110,110,35,35,35,35,63,63,114,114,114,14,14,33,33,136,136,136,136,153,153,153,153,173,205,205,239,239,154,171,200,200,210,210,315,315,332,332,348,348,348,377,377,410,410,113,130,148,163,74,74,74,74],"floor_reached":52,"playtime":1987,"items_purged":["Strike_B","Defend_B","Strike_B"],"score":669,"play_id":"ccbf3d9d-669e-4299-9aa3-3802518ebfc8","local_time":"20210107030004","is_ascension_mode":true,"campfire_choices":[{"data":"Zap","floor":6,"key":"SMITH"},{"data":"Dualcast","floor":8,"key":"SMITH"},{"data":"infinitespire:Collect","floor":13,"key":"SMITH"},{"data":"Go for the Eyes","floor":15,"key":"SMITH"},{"data":"Electrodynamics","floor":26,"key":"SMITH"},{"floor":34,"key":"RECALL"},{"data":"infinitespire:Punishment","floor":43,"key":"SMITH"},{"data":"Turbo","floor":43,"key":"SMITH"},{"floor":51,"key":"REST"}],"circlet_count":0,"master_deck":["Strike_B","Defend_B","Defend_B","Defend_B","Zap+1","Dualcast+1","infinitespire:Collect+1","Go for the Eyes+1","Electrodynamics+1","Turbo+1","Rainbow+1","infinitespire:Punishment+1","Coolheaded","Cold Snap","Defragment","Conserve Battery"],"relics":["Cracked Core","NeowsBlessing","LetterFromLob","Anchor","PreservedInsect","Replay:Rubber Ducky","Busted Crown","hubris:Icosahedron","Letter Opener","Replay:Arrowhead","Onion Ring","hubris:BallOfYels","Mercury Hourglass","Ring of Chaos","hubris:KleinBottle","Mango","infinitespire:CheckeredPen","hubris:SoftwareUpdate"],"acts_visited":["Exordium","TheCity","TheBeyond"],"potions_floor_usage":[16,16,52,52,52],"damage_taken":[{"damage":0,"enemies":"Cultist","floor":1,"turns":1},{"damage":0,"enemies":"Lagavulin","floor":7,"turns":1},{"damage":0,"enemies":"Jaw Worm","floor":14,"turns":1},{"damage":7,"enemies":"Hexaghost","floor":16,"turns":9},{"damage":0,"enemies":"Shell Parasite","floor":20,"turns":3},{"damage":0,"enemies":"2 Thieves","floor":24,"turns":2},{"damage":0,"enemies":"Gremlin Leader","floor":25,"turns":3},{"damage":0,"enemies":"Replay:Snechameleon","floor":27,"turns":4},{"damage":0,"enemies":"Snecko","floor":30,"turns":3},{"damage":6,"enemies":"Gremlin Leader","floor":31,"turns":3},{"damage":1,"enemies":"Snake Plant","floor":33,"turns":2},{"damage":28,"enemies":"Collector","floor":35,"turns":8},{"damage":1,"enemies":"3 Darklings","floor":37,"turns":3},{"damage":0,"enemies":"Orb Walker","floor":39,"turns":2},{"damage":14,"enemies":"R_Hoarder","floor":42,"turns":5},{"damage":12,"enemies":"Reptomancer","floor":44,"turns":3},{"damage":0,"enemies":"4 Shapes","floor":47,"turns":1},{"damage":0,"enemies":"3 Darklings","floor":48,"turns":2},{"damage":0,"enemies":"Spire Growth","floor":49,"turns":3},{"damage":69,"enemies":"hubris:GrandSnecko","floor":52,"turns":11}],"seed_played":"-3761984023052450006","potions_obtained":[{"floor":7,"key":"PowerPotion"},{"floor":14,"key":"PowerPotion"},{"floor":30,"key":"Weak Potion"},{"floor":33,"key":"ColorlessPotion"},{"floor":35,"key":"AttackPotion"}],"is_trial":false,"path_per_floor":["M","?","$","?","$","R","E","R","T","?","?","$","R","M","R","B",null,"M","?","M","?","PTL","PTL","M","E","R","E","T","?","M","E","?","M","R","B",null,"M","?","M","?","$","E","R","E","T","$","M","M","M","$","R","B"],"character_chosen":"DEFECT","items_purchased":["hubris:KleinBottle","hubris:SoftwareUpdate","Coolheaded","Defragment","Conserve Battery"],"campfire_rested":1,"item_purchase_floors":[41,46,46,50,50],"current_hp_per_floor":[75,57,57,39,39,39,39,39,39,47,47,47,47,47,47,40,75,75,75,75,75,75,75,75,75,75,75,75,75,75,69,69,68,68,40,75,74,74,74,74,50,50,50,38,38,38,38,38,38,38,64,0,0],"gold":74,"neow_bonus":"THREE_ENEMY_KILL","is_daily":false,"chose_seed":false,"campfire_upgraded":7,"win_rate":0.0,"timestamp":1609970404,"path_taken":["M","?","$","?","$","R","E","R","T","?","?","?","R","M","R","BOSS","M","?","M","?","PTL","PTL","M","E","R","E","T","?","M","E","?","M","R","BOSS","M","?","?","?","?","E","R","E","T","$","M","M","M","$","R","BOSS"],"items_purchased_type":["Relic","Relic","Card","Card","Card"],"build_version":"2020-12-22","purchased_purges":3,"victory":false,"max_hp_per_floor":[75,75,75,75,75,75,75,75,75,75,75,75,75,75,75,75,75,75,75,75,75,75,75,75,75,75,75,75,75,75,75,75,75,75,75,75,75,75,75,75,75,89,89,89,89,89,89,89,89,89,89,89,89],"card_choices":[{"not_picked":["BootSequence","Hologram","Genetic Algorithm"],"picked":"SKIP","floor":1},{"not_picked":["infinitespire:FutureSight","infinitespire:Starlight"],"picked":"infinitespire:Collect","floor":2},{"not_picked":["Hologram","Steam Power","Reinforced Body"],"picked":"SKIP","floor":7},{"not_picked":["ReplaySort","Crystallizer"],"picked":"Go for the Eyes","floor":14},{"not_picked":["All For One","Thunder Strike"],"picked":"Electrodynamics","floor":16},{"not_picked":["Consume"],"picked":"SKIP","floor":20},{"not_picked":["Sunder+1"],"picked":"SKIP","floor":24},{"not_picked":["ReplayGash+1"],"picked":"SKIP","floor":25},{"not_picked":[],"picked":"Turbo","floor":27},{"not_picked":["BootSequence"],"picked":"SKIP","floor":30},{"not_picked":["Coolheaded"],"picked":"SKIP","floor":31},{"not_picked":["Panic Button"],"picked":"SKIP","floor":33},{"not_picked":[],"picked":"Rainbow","floor":35},{"not_picked":["Reprogram"],"picked":"SKIP","floor":37},{"not_picked":["Hologram"],"picked":"SKIP","floor":39},{"not_picked":["infinitespire:SevenWalls","ReplayTheSpireMod:Haul"],"picked":"infinitespire:Punishment","floor":41},{"not_picked":["Coolheaded"],"picked":"SKIP","floor":42},{"not_picked":["Coolheaded"],"picked":"SKIP","floor":42},{"not_picked":["FIFO Queue+1"],"picked":"SKIP","floor":44},{"not_picked":[],"picked":"Cold Snap","floor":47},{"not_picked":["Self Repair"],"picked":"SKIP","floor":48},{"not_picked":["Blizzard"],"picked":"SKIP","floor":49}],"player_experience":68242,"relics_obtained":[{"floor":1,"key":"LetterFromLob"},{"floor":7,"key":"PreservedInsect"},{"floor":9,"key":"Replay:Rubber Ducky"},{"floor":25,"key":"Letter Opener"},{"floor":27,"key":"Replay:Arrowhead"},{"floor":28,"key":"Onion Ring"},{"floor":31,"key":"Mercury Hourglass"},{"floor":42,"key":"Mango"},{"floor":44,"key":"infinitespire:CheckeredPen"}],"event_choices":[{"damage_healed":0,"gold_gain":0,"player_choice":"Relic ","damage_taken":18,"max_hp_gain":0,"max_hp_loss":0,"event_name":"betterThird:BetterScrap","floor":4,"gold_loss":0,"cards_obtained":["Riddle With Holes"]},{"cards_removed":["Strike_B"],"damage_healed":0,"gold_gain":0,"player_choice":"Forget","damage_taken":0,"max_hp_gain":0,"max_hp_loss":0,"event_name":"Living Wall","floor":11,"gold_loss":0},{"damage_healed":0,"gold_gain":0,"player_choice":"Ignored","damage_taken":0,"max_hp_gain":0,"max_hp_loss":0,"event_name":"Vampires","floor":19,"gold_loss":0},{"damage_healed":0,"gold_gain":0,"player_choice":"Obtained Relic","damage_taken":0,"relics_obtained":["hubris:BallOfYels"],"max_hp_gain":0,"max_hp_loss":0,"event_name":"Addict","floor":29,"gold_loss":85},{"damage_healed":0,"gold_gain":0,"player_choice":"Forge","damage_taken":0,"max_hp_gain":0,"max_hp_loss":0,"event_name":"Accursed Blacksmith","floor":38,"gold_loss":0,"cards_upgraded":["Rainbow"]},{"damage_healed":0,"gold_gain":0,"player_choice":"Got Potions","damage_taken":0,"max_hp_gain":0,"max_hp_loss":0,"event_name":"Lab","floor":40,"gold_loss":0}],"is_beta":false,"boss_relics":[{"not_picked":["ChewingGum","Runic Dome"],"picked":"Busted Crown"},{"not_picked":["Replay:Drink Me","Snecko Eye"],"picked":"Ring of Chaos"}],"items_purged_floors":[3,12,41],"is_endless":false,"potions_floor_spawned":[7,14,30,33,35,39,44,47,48],"killed_by":"hubris:GrandSnecko","ascension_level":1}}