{"host":"bxn2em57qlx5u4i0","time":1609972850,"event":{"mods":["BaseMod","Colored Map","Colored Powertips","Highlight Path","Minty Spire (QoL Compilation)","Random Character Button","Relic Sorter","Relic Stats","StSLib","SuperFastMode"],"gold_per_floor":[114,114,132,145,17,17,17,47,47,122,87,104,4,4,36,36,36,36],"floor_reached":17,"playtime":402,"items_purged":["Strike_G","Strike_G"],"score":226,"play_id":"94cdc9eb-fdc9-42a0-9752-db035da93998","local_time":"20210106174050","is_ascension_mode":true,"campfire_choices":[{"data":"Dagger Spray","floor":6.0,"key":"SMITH"},{"data":"Crippling Poison","floor":16,"key":"SMITH"}],"circlet_count":0,"master_deck":["AscendersBane","Strike_G","Strike_G+1","Strike_G","Defend_G","Defend_G","Defend_G","Defend_G+1","Defend_G","Survivor","Neutralize+1","Dagger Spray+1","Infinite Blades","Poisoned Stab","Poisoned Stab","PiercingWail","Crippling Poison+1"],"relics":["Ring of the Snake","Bottled Flame","Art of War","Strawberry"],"acts_visited":["Exordium"],"potions_floor_usage":[17,17],"damage_taken":[{"damage":0.0,"enemies":"Jaw Worm","floor":1.0,"turns":4.0},{"damage":0.0,"enemies":"2 Louse","floor":3.0,"turns":2.0},{"damage":1.0,"enemies":"Small Slimes","floor":4.0,"turns":3.0},{"damage":6.0,"enemies":"Gremlin Nob","floor":8.0,"turns":3.0},{"damage":0,"enemies":"Gremlin Gang","floor":12,"turns":2},{"damage":24,"enemies":"Lagavulin","floor":15,"turns":8},{"damage":20,"enemies":"The Guardian","floor":17,"turns":11}],"seed_played":"1225854635341236583","potions_obtained":[{"floor":4.0,"key":"Energy Potion"},{"floor":15,"key":"Explosive Potion"}],"is_trial":false,"path_per_floor":["M","?","M","M","$","R","?","E","T","?","?","M","$","$","E","R","B"],"character_chosen":"THE_SILENT","items_purchased":["Fire Potion"],"campfire_rested":0,"item_purchase_floors":[5],"current_hp_per_floor":[59,39,39,38,38,38,38,32,32,21,37,37,37,37,20,20,0,0],"gold":36,"neow_bonus":"THREE_CARDS","is_daily":false,"chose_seed":false,"campfire_upgraded":2,"win_rate":0.0,"timestamp":1609972850,"path_taken":["M","?","M","M","$","R","?","E","T","?","?","M","$","$","E","R","BOSS"],"items_purchased_type":["Potion"],"build_version":"2020-12-22","purchased_purges":2,"victory":false,"max_hp_per_floor":[66,66,66,66,66,66,66,66,66,66,66,66,66,66,73,73,73,73],"relic_stats":{"counters":[7,33],"Art of War":[1],"obtain_stats":[{"Bottled Flame":8,"Strawberry":15,"Art of War":9,"Ring of the Snake":0},{"Bottled Flame":4,"Strawberry":6,"Art of War":4,"Ring of the Snake":0},{"Bottled Flame":12,"Strawberry":22,"Art of War":12,"Ring of the Snake":0}],"Ring of the Snake":[14]},"card_choices":[{"not_picked":["Blur","Quick Slash"],"picked":"Dagger Spray","floor":0.0},{"not_picked":["Backflip","Acrobatics"],"picked":"Infinite Blades","floor":1.0},{"not_picked":["Dagger Spray","Masterful Stab"],"picked":"Poisoned Stab","floor":3.0},{"not_picked":["Cloak And Dagger","Sucker Punch"],"picked":"Poisoned Stab","floor":4.0},{"not_picked":["Setup","Underhanded Strike","Reflex"],"picked":"SKIP","floor":8.0},{"not_picked":["Eviscerate","Dodge and Roll"],"picked":"PiercingWail","floor":12},{"not_picked":["PiercingWail","Concentrate"],"picked":"Crippling Poison","floor":15}],"player_experience":2853599,"relics_obtained":[{"floor":8.0,"key":"Bottled Flame"},{"floor":9.0,"key":"Art of War"},{"floor":15,"key":"Strawberry"}],"event_choices":[{"damage_healed":0.0,"max_hp_gain":0.0,"max_hp_loss":0.0,"gold_gain":0.0,"event_name":"Shining Light","player_choice":"Entered Light","floor":2.0,"gold_loss":0.0,"damage_taken":20.0,"cards_upgraded":["Defend_G","Strike_G"]},{"damage_healed":0.0,"max_hp_gain":0.0,"max_hp_loss":0.0,"gold_gain":0.0,"event_name":"Living Wall","player_choice":"Grow","floor":7.0,"gold_loss":0.0,"damage_taken":0.0,"cards_upgraded":["Neutralize"]},{"damage_healed":0,"gold_gain":75,"player_choice":"Gather Gold","damage_taken":11,"max_hp_gain":0,"max_hp_loss":0,"event_name":"World of Goop","floor":10,"gold_loss":0},{"damage_healed":16,"gold_gain":0,"player_choice":"Healed","damage_taken":0,"max_hp_gain":0,"max_hp_loss":0,"event_name":"The Cleric","floor":11,"gold_loss":35}],"is_beta":false,"boss_relics":[],"items_purged_floors":[5,13],"is_endless":false,"potions_floor_spawned":[4,15],"killed_by":"The Guardian","ascension_level":20}}