{"host":"byfc0n0a1d7t61kp","time":1609955148,"event":{"mods":["BaseMod","Bestiary","Better Third Choice","BetterRewards","Colored Powertips","Conspire","Curses Come First","Downfall","Evolution","Hubris","Infinite Spire","Minty Spire (QoL Compilation)","Quick Restart","Replay The Spire","Shop Mod","Spicy Shops","StSLib","Synergy Search"],"gold_per_floor":[113,113,218,234,234,234,262,262,262,38,38,58,58,70,70,174,174,194,194,194,206,206,206,225,225,225,225,243,254,287,237,237,342,342,353,353,373,373,473,473,473],"floor_reached":40,"playtime":2870,"items_purged":[],"score":813,"play_id":"5194be1e-28ab-4f14-b8b4-5ad99ceba685","local_time":"20210106184548","is_ascension_mode":true,"campfire_choices":[{"data":"BasicCrystalCard","floor":6.0,"key":"SMITH"},{"data":"Zap","floor":8.0,"key":"SMITH"},{"data":"Defragment","floor":11.0,"key":"SMITH"},{"data":"Conserve Battery","floor":13.0,"key":"SMITH"},{"data":"Aggregate","floor":15.0,"key":"SMITH"},{"data":"White Noise","floor":23.0,"key":"SMITH"},{"data":"Loop","floor":25.0,"key":"SMITH"},{"data":"hubris:SpecializedCircuitry","floor":32.0,"key":"SMITH"}],"circlet_count":0,"master_deck":["Barrage","Cold Snap","Rebound","Strike_B","Defend_B","Defend_B","Defend_B","Defend_B","Zap+1","Dualcast","Glacier+1","Conserve Battery+1","hubris:Ukulele","BasicCrystalCard+1","hubris:Ukulele","Defragment+1","FTL","Aggregate+1","Seek","Skim","RitualDagger","White Noise+1","Loop+1","infinitespire:Punishment","Aggregate","Ball Lightning+1","hubris:SpecializedCircuitry+1","Seek","Ball Lightning","Decay","Doubt","ReplayTheSpireMod:Haul","Rebound"],"relics":["Cracked Core","EVO:Axolotl","conspire:GlowingRock","Akabeko","Toy Ornithopter","infinitespire:Golems Mask","Replay:Rubber Ducky","Black Star","hubris:SoftwareUpdate","Unceasing Top","conspire:Boomerang","hubris:CuriousFeather","hubris:BlackHole"],"acts_visited":["Exordium","TheCity","TheBeyond"],"potions_floor_usage":[],"damage_taken":[{"damage":0.0,"enemies":"Cultist","floor":1.0,"turns":3.0},{"damage":0.0,"enemies":"Small Slimes","floor":4.0,"turns":2.0},{"damage":17.0,"enemies":"Lagavulin","floor":7.0,"turns":6.0},{"damage":0.0,"enemies":"Jaw Worm","floor":12.0,"turns":3.0},{"damage":0.0,"enemies":"Exordium Wildlife","floor":14.0,"turns":2.0},{"damage":0.0,"enemies":"The Guardian","floor":16.0,"turns":10.0},{"damage":2.0,"enemies":"Spheric Guardian","floor":18.0,"turns":3.0},{"damage":24.0,"enemies":"conspire:FuzzyDice","floor":21.0,"turns":8.0},{"damage":12.0,"enemies":"Shelled Parasite and Fungi","floor":24.0,"turns":5.0},{"damage":0.0,"enemies":"Cultist and Chosen","floor":28.0,"turns":2.0},{"damage":8.0,"enemies":"Centurion and Healer","floor":29.0,"turns":5.0},{"damage":12.0,"enemies":"conspire:Head Lice","floor":30.0,"turns":6.0},{"damage":16.0,"enemies":"conspire:MysteriousRune","floor":33.0,"turns":4.0},{"damage":0.0,"enemies":"Orb Walker","floor":35.0,"turns":1.0},{"damage":0.0,"enemies":"3 Shapes","floor":37.0,"turns":2.0},{"damage":61,"enemies":"Nightmare","floor":40,"turns":4}],"seed_played":"7251611023361787586","potions_obtained":[{"floor":12.0,"key":"Reflective Coating"},{"floor":14.0,"key":"Weak Potion"},{"floor":16.0,"key":"Elixir"},{"floor":18.0,"key":"LiquidMemories"},{"floor":22.0,"key":"GamblersBrew"},{"floor":22.0,"key":"Explosive Potion"},{"floor":24.0,"key":"sneckomod:MuddlingPotion"},{"floor":30.0,"key":"Strength Potion"}],"is_trial":false,"path_per_floor":["M","?","?","M","?","R","E","R","T","$","R","M","R","M","R","B",null,"M","?","?","M","?","R","M","R","T","AVR","M","M","E","?","R","B",null,"M","?","M","?","?","NM"],"character_chosen":"DEFECT","items_purchased":["Glacier+1","Replay:Rubber Ducky","Defragment"],"campfire_rested":0,"item_purchase_floors":[0,10,10],"current_hp_per_floor":[68,68,68,68,68,68,51,51,51,51,51,51,51,51,51,51,69,67,61,61,47,47,47,40,40,40,40,40,37,30,30,30,14,60,60,60,60,60,60,0,0],"gold":473,"neow_bonus":"","is_daily":false,"chose_seed":false,"campfire_upgraded":8,"win_rate":0.0,"timestamp":1609955148,"path_taken":["M","?","?","?","?","R","E","R","T","$","R","M","R","M","R","BOSS","M","?","?","M","?","R","?","R","T","AVR","M","M","E","?","R","BOSS","M","?","M","?","?","NM"],"items_purchased_type":["Card","Relic","Card"],"build_version":"2020-12-22","purchased_purges":0,"victory":false,"max_hp_per_floor":[75,75,75,75,75,75,75,75,75,75,75,75,75,75,75,75,75,75,75,75,75,75,75,75,75,75,75,75,75,75,75,75,75,75,75,75,75,75,75,75,75],"card_choices":[{"not_picked":["Recycle","Panic Button"],"picked":"Gash","floor":1.0},{"not_picked":["Sunder","Cold Snap"],"picked":"Conserve Battery","floor":3.0},{"not_picked":["Barrage","Steam"],"picked":"hubris:Ukulele","floor":3.0},{"not_picked":["Redo","Double Energy"],"picked":"BasicCrystalCard","floor":4.0},{"not_picked":["Coolheaded","Blizzard"],"picked":"hubris:Ukulele","floor":7.0},{"not_picked":["Redo","Chaos"],"picked":"FTL","floor":12.0},{"not_picked":["ReplayTheSpireMod:GoodbyeWorld","conspire:SharedLibrary"],"picked":"Aggregate","floor":14.0},{"not_picked":["Rainbow","Reboot"],"picked":"Seek","floor":16.0},{"not_picked":["Sweeping Beam","Go for the Eyes"],"picked":"Skim","floor":18.0},{"not_picked":["Barrage","Compile Driver"],"picked":"White Noise","floor":21.0},{"not_picked":["Rebound","Coolheaded"],"picked":"Loop","floor":24.0},{"not_picked":["Cold Snap","Leap"],"picked":"Aggregate","floor":28.0},{"not_picked":["Turbo+1","conspire:SharedLibrary"],"picked":"Ball Lightning+1","floor":29.0},{"not_picked":["Rebound","Glacier"],"picked":"hubris:SpecializedCircuitry","floor":30.0},{"not_picked":["hubris:Prefetch","Core Surge"],"picked":"Seek","floor":33.0},{"not_picked":["Cold Snap+1","Barrage+1"],"picked":"Ball Lightning","floor":35.0},{"not_picked":["ReplayTheSpireMod:Echoes of Time","ReplayTheSpireMod:Chaos Vortex"],"picked":"ReplayTheSpireMod:Haul","floor":36.0},{"not_picked":["Cold Snap","Hologram+1"],"picked":"Rebound","floor":37.0}],"player_experience":352111,"relics_obtained":[{"floor":3.0,"key":"Akabeko"},{"floor":7.0,"key":"Toy Ornithopter"},{"floor":9.0,"key":"infinitespire:Golems Mask"},{"floor":26.0,"key":"hubris:SoftwareUpdate"},{"floor":30.0,"key":"conspire:Boomerang"},{"floor":30.0,"key":"hubris:CuriousFeather"}],"event_choices":[{"damage_healed":0.0,"max_hp_gain":0.0,"max_hp_loss":0.0,"gold_gain":0.0,"event_name":"Golden Wing","player_choice":"Ignored","floor":2.0,"gold_loss":0.0,"damage_taken":0.0},{"damage_healed":0.0,"max_hp_gain":0.0,"max_hp_loss":0.0,"gold_gain":0.0,"event_name":"conspire:Investor","player_choice":"Leave","floor":5.0,"gold_loss":0.0,"damage_taken":0.0},{"damage_healed":0.0,"max_hp_gain":0.0,"max_hp_loss":0.0,"gold_gain":0.0,"event_name":"betterThird:BetterNest","player_choice":"Dagger","floor":19.0,"gold_loss":0.0,"damage_taken":6.0,"cards_obtained":["RitualDagger"]},{"damage_healed":0.0,"max_hp_gain":0.0,"max_hp_loss":0.0,"gold_gain":0.0,"event_name":"Lab","player_choice":"Got Potions","floor":22.0,"gold_loss":0.0,"damage_taken":0.0},{"damage_healed":0.0,"max_hp_gain":0.0,"max_hp_loss":0.0,"gold_gain":0.0,"event_name":"The Joust","player_choice":"Bet on Murderer","floor":31.0,"gold_loss":50.0,"damage_taken":0.0},{"cards_removed":["Gash"],"damage_healed":0.0,"max_hp_gain":0.0,"max_hp_loss":0.0,"gold_gain":0.0,"event_name":"Falling","player_choice":"Removed Attack","floor":38.0,"gold_loss":0.0,"damage_taken":0.0},{"damage_healed":0.0,"max_hp_gain":0.0,"max_hp_loss":0.0,"gold_gain":100.0,"event_name":"Golden Shrine","player_choice":"Pray","floor":39.0,"gold_loss":0.0,"damage_taken":0.0}],"is_beta":false,"boss_relics":[{"not_picked":["Cursed Key","conspire:SpecialSausage"],"picked":"Black Star"},{"not_picked":["Astrolabe","ChewingGum"],"picked":"hubris:BlackHole"}],"items_purged_floors":[],"is_endless":false,"potions_floor_spawned":[12,14,16,18,24,30],"killed_by":"Nightmare","ascension_level":7}}