{"host":"7tvb1em0d2fx72q7","time":1609894249,"event":{"mods":["BaseMod","Challenge The Spire","Minty Spire (QoL Compilation)","StSLib","everything is the same but u backflip on backflip"],"gold_per_floor":[116,135,147,147,9,9,26,55,104,114,114,34,34,48,48,122,122,138,138,53,53,0,0],"floor_reached":22,"playtime":1421,"items_purged":[],"score":368,"play_id":"edb6ee91-7013-441d-ac61-0d81eb10bc1d","local_time":"20210105195049","is_ascension_mode":true,"campfire_choices":[{"data":"1","floor":6,"key":"LIFT"},{"data":"2","floor":11,"key":"LIFT"},{"data":"3","floor":13,"key":"LIFT"},{"data":"Envenom","floor":15,"key":"SMITH"}],"circlet_count":0,"master_deck":["AscendersBane","Strike_G","Strike_G","Strike_G","Strike_G","Defend_G","Defend_G","Defend_G","Defend_G","Defend_G","Survivor","Neutralize","Deadly Poison","Dagger Spray","Unload","Noxious Fumes","Dagger Spray","Blade Dance","Envenom+1","Endless Agony","Finisher","Poisoned Stab","Burst","Dodge and Roll+1"],"relics":["Ring of the Snake","Girya","Bottled Lightning","Art of War","Snecko Eye","Potion Belt"],"acts_visited":["Exordium","TheCity"],"potions_floor_usage":[8,16,16],"damage_taken":[{"damage":2,"enemies":"Cultist","floor":1,"turns":5},{"damage":1,"enemies":"Small Slimes","floor":2,"turns":7},{"damage":1,"enemies":"Jaw Worm","floor":3,"turns":4},{"damage":3,"enemies":"Exordium Wildlife","floor":7,"turns":3},{"damage":10,"enemies":"3 Sentries","floor":8,"turns":4},{"damage":1,"enemies":"3 Louse","floor":10,"turns":3},{"damage":0,"enemies":"Large Slime","floor":14,"turns":3},{"damage":16,"enemies":"The Guardian","floor":16,"turns":9},{"damage":7,"enemies":"Chosen","floor":18,"turns":3},{"damage":27,"enemies":"2 Thieves","floor":22,"turns":2}],"seed_played":"-85500550499715624","potions_obtained":[{"floor":1,"key":"GamblersBrew"},{"floor":3,"key":"BlessingOfTheForge"},{"floor":8,"key":"Dexterity Potion"},{"floor":14,"key":"Weak Potion"},{"floor":16,"key":"DuplicationPotion"}],"is_trial":false,"path_per_floor":["M","M","M","?","$","R","M","E","T","M","R","$","R","M","R","B",null,"M","?","?","$","M"],"character_chosen":"THE_SILENT","items_purchased":["Noxious Fumes","Dagger Spray","Finisher"],"campfire_rested":0,"item_purchase_floors":[5,5,12],"current_hp_per_floor":[42,41,40,40,40,40,37,27,27,26,26,26,26,26,26,10,52,45,27,27,27,0,0],"gold":0,"neow_bonus":"ONE_RARE_RELIC","is_daily":false,"chose_seed":false,"campfire_upgraded":1,"win_rate":0.0,"timestamp":1609894249,"path_taken":["M","?","M","?","?","R","M","E","T","M","R","?","R","?","R","BOSS","M","?","?","?","M"],"items_purchased_type":["Card","Card","Card"],"build_version":"2020-12-22","purchased_purges":0,"victory":false,"max_hp_per_floor":[66,66,66,66,66,66,66,66,66,66,66,66,66,66,66,66,66,66,71,71,71,71,71],"card_choices":[{"not_picked":["Endless Agony","Calculated Gamble"],"picked":"Deadly Poison","floor":1},{"not_picked":["Backflip","Backstab"],"picked":"Dagger Spray","floor":2},{"not_picked":["Calculated Gamble","Deadly Poison"],"picked":"Unload","floor":3},{"not_picked":["Slice","Dagger Throw"],"picked":"Blade Dance","floor":7},{"not_picked":["Grand Finale","Outmaneuver"],"picked":"Envenom","floor":8},{"not_picked":["Underhanded Strike","Dagger Throw"],"picked":"Endless Agony","floor":10},{"not_picked":["Doppelganger","Flying Knee"],"picked":"Poisoned Stab","floor":14},{"not_picked":["Doppelganger","Grand Finale"],"picked":"Burst","floor":16},{"not_picked":["Blur","Dagger Spray"],"picked":"Dodge and Roll+1","floor":18}],"player_experience":1892138,"relics_obtained":[{"floor":8,"key":"Bottled Lightning"},{"floor":9,"key":"Art of War"}],"event_choices":[{"cards_removed":["Strike_G"],"damage_healed":0,"gold_gain":0,"player_choice":"Card Removal","damage_taken":0,"max_hp_gain":0,"max_hp_loss":0,"event_name":"Wheel of Change","floor":4,"gold_loss":0},{"damage_healed":0,"gold_gain":0,"player_choice":"Shed Blood","damage_taken":23,"max_hp_gain":5,"max_hp_loss":0,"event_name":"Forgotten Altar","floor":19,"gold_loss":0},{"damage_healed":0,"gold_gain":0,"player_choice":"Obtained Relic","damage_taken":0,"relics_obtained":["Potion Belt"],"max_hp_gain":0,"max_hp_loss":0,"event_name":"Addict","floor":20,"gold_loss":85}],"is_beta":false,"boss_relics":[{"not_picked":["SacredBark","Runic Pyramid"],"picked":"Snecko Eye"}],"items_purged_floors":[],"is_endless":false,"potions_floor_spawned":[1,3,8,14,16],"killed_by":"2 Thieves","ascension_level":20}}