{"host":"8fjsnt81u6xsmhji","time":1609914838,"event":{"mods":["BaseMod","Beaked The Cultist","Colored Powertips","Downfall","Glutton Mod","Hermit","Minty Spire (QoL Compilation)","Quick Restart","StSLib","The Bug Knight","The Forsaken","The Hierophant","The Runesmith"],"gold_per_floor":[0,17,35,35,35,50,50,70,70,85,111,211,11,26,39,142,142,92,109,129,129,129,129,183,210,255,278,301,313,275,300,322,334,334,334],"floor_reached":33,"playtime":1407,"items_purged":[],"score":300,"play_id":"7c5fa572-eede-4828-b9a7-0b035acf88f0","local_time":"20210106003358","is_ascension_mode":true,"campfire_choices":[{"floor":1.0,"key":"RECALL"},{"floor":13.0,"key":"REST"},{"data":"Slimebound:SelfFormingGoo","floor":18,"key":"SMITH"},{"floor":30,"key":"REST"}],"circlet_count":0,"master_deck":["Slimebound:Strike_Slimebound+1","Slimebound:Strike_Slimebound+1","Slimebound:Strike_Slimebound+1","Slimebound:Tackle","Slimebound:Defend_Slimebound+1","Slimebound:Defend_Slimebound+1","Slimebound:Defend_Slimebound+1","Slimebound:Split","Slimebound:CorrosiveSpit","Panache","Slimebound:Schlurp","Slimebound:SplitAcid","Slimebound:Replication","Slimebound:SamplingLick","Parasite","Slimebound:SlimeSpikes","Slimebound:LivingWall","Slimebound:SelfFormingGoo+1","Slimebound:SpikyOuterGoop+1","Slimebound:DisruptingSlam","Slimebound:SplitMire","Slimebound:SplitLeeching","Slimebound:HauntingLick","Slimebound:FormOfPuddle","Slimebound:GrowthPunch"],"relics":["Slimebound:AbsorbEndCombat","Slimebound:GreedOozeRelic","downfall:ShatteredFragment","Mercury Hourglass","Darkstone Periapt","downfall:HeartBlessingGreen","downfall:HeartBlessingRed","Philosopher\u0027s Stone","Bronze Scales","MawBank","MealTicket"],"acts_visited":["Exordium","TheCity"],"potions_floor_usage":[16,20,25,26,31,33,33],"damage_taken":[{"damage":5.0,"enemies":"2 Louse","floor":2.0,"turns":3.0},{"damage":4.0,"enemies":"Small Slimes","floor":3.0,"turns":3.0},{"damage":11.0,"enemies":"Jaw Worm","floor":6.0,"turns":2.0},{"damage":0.0,"enemies":"Exordium Wildlife","floor":8.0,"turns":2.0},{"damage":9.0,"enemies":"2 Fungi Beasts","floor":10.0,"turns":2.0},{"damage":32.0,"enemies":"3 Sentries","floor":11.0,"turns":4.0},{"damage":12.0,"enemies":"Exordium Thugs","floor":14.0,"turns":2.0},{"damage":11.0,"enemies":"Blue Slaver","floor":15.0,"turns":3.0},{"damage":61,"enemies":"downfall:Defect","floor":16,"turns":6},{"damage":26,"enemies":"3 Byrds","floor":19,"turns":3},{"damage":8,"enemies":"Spheric Guardian","floor":20,"turns":3},{"damage":21,"enemies":"Snake Plant","floor":25,"turns":3},{"damage":32,"enemies":"Book of Stabbing","floor":26,"turns":4},{"damage":22,"enemies":"Cultist and Chosen","floor":27,"turns":4},{"damage":22,"enemies":"Chosen and Byrds","floor":28,"turns":3},{"damage":26,"enemies":"Snake Plant","floor":31,"turns":2},{"damage":29,"enemies":"Shelled Parasite and Fungi","floor":32,"turns":3},{"damage":29,"enemies":"downfall:Ironclad","floor":33,"turns":5}],"seed_played":"-5576462446699486411","potions_obtained":[{"floor":3.0,"key":"SkillPotion"},{"floor":10.0,"key":"Weak Potion"},{"floor":11.0,"key":"BlessingOfTheForge"},{"floor":16,"key":"Dexterity Potion"},{"floor":20,"key":"Explosive Potion"},{"floor":26,"key":"Slimebound:SlimyTonguePotion"},{"floor":28,"key":"Strength Potion"},{"floor":31,"key":"Ancient Potion"}],"is_trial":false,"path_per_floor":["R","M","M","?","?","M","T","M","?","M","E","?","R","M","M","B",null,"R","M","M","?","T","?","T","M","E","M","M","?","R","M","M","B"],"character_chosen":"SLIMEBOUND","items_purchased":[],"campfire_rested":2,"item_purchase_floors":[],"current_hp_per_floor":[60,55,57,57,39,36,36,38,53,56,36,36,54,52,49,12,60,60,42,44,44,44,44,44,37,31,29,19,19,37,33,16,0,0,0],"gold":334,"neow_bonus":"RANDOM_COLORLESS_2","is_daily":false,"chose_seed":false,"campfire_upgraded":1,"win_rate":0.0,"timestamp":1609914838,"path_taken":["R","M","M","?","?","M","T","M","?","M","E","?","R","M","M","BOSS","R","M","M","?","?","?","T","M","E","M","?","?","R","M","M","BOSS"],"items_purchased_type":[],"build_version":"2020-12-22","purchased_purges":0,"victory":false,"max_hp_per_floor":[60,60,60,60,60,60,60,60,60,60,60,60,60,60,60,60,60,60,60,60,60,60,60,60,60,60,60,60,60,60,60,60,60,60,60],"card_choices":[{"not_picked":["Secret Weapon","Secret Technique"],"picked":"Panache","floor":0.0},{"not_picked":["Slimebound:ForwardTackle","Slimebound:FinishingTackle"],"picked":"Slimebound:Schlurp","floor":2.0},{"not_picked":["Slimebound:SlimeSpikes","Slimebound:ProtectTheBoss"],"picked":"Slimebound:SplitAcid","floor":3.0},{"not_picked":["Slimebound:SplitMire","Slimebound:LivingWall"],"picked":"Slimebound:Replication","floor":6.0},{"not_picked":["Slimebound:GoopSpray","Slimebound:SplitBruiser"],"picked":"Slimebound:SamplingLick","floor":8.0},{"not_picked":["Slimebound:PressTheAttack","Slimebound:RollThrough","Slimebound:GoopSpray"],"picked":"SKIP","floor":10.0},{"not_picked":["Slimebound:Schlurp","Slimebound:ViciousTackle","Slimebound:SplitAcid"],"picked":"SKIP","floor":11.0},{"not_picked":["Slimebound:PrepareCrush","Slimebound:ViciousTackle"],"picked":"Slimebound:SlimeSpikes","floor":14.0},{"not_picked":["Slimebound:SplitAcid","Slimebound:LeechEnergy"],"picked":"Slimebound:LivingWall","floor":15.0},{"not_picked":["Slimebound:MinionMaster","Slimebound:OozeBath"],"picked":"Slimebound:SelfFormingGoo","floor":16},{"not_picked":["Slimebound:DisruptingSlam+1","Slimebound:LeechEnergy"],"picked":"Slimebound:SpikyOuterGoop+1","floor":19},{"not_picked":["Slimebound:TongueLash","Slimebound:GoopTackle"],"picked":"Slimebound:DisruptingSlam","floor":20},{"not_picked":["Slimebound:LeechingTouch","Slimebound:SplitAcid+1"],"picked":"Slimebound:SplitLeeching","floor":25},{"not_picked":["Slimebound:PressTheAttack","Slimebound:ComboTackle","Slimebound:FinishingTackle"],"picked":"SKIP","floor":26},{"not_picked":["Slimebound:ViciousTackle","Slimebound:GoopSpray","Slimebound:Chomp"],"picked":"SKIP","floor":27},{"not_picked":["Slimebound:Replication","Slimebound:BestDefense"],"picked":"Slimebound:HauntingLick","floor":28},{"not_picked":["Slimebound:LeechingTouch","Slimebound:ComboTackle"],"picked":"Slimebound:FormOfPuddle","floor":31},{"not_picked":["Slimebound:ItLooksTasty","Slimebound:GoopSpray"],"picked":"Slimebound:GrowthPunch","floor":32}],"player_experience":708168,"relics_obtained":[{"floor":7.0,"key":"Mercury Hourglass"},{"floor":11.0,"key":"Darkstone Periapt"},{"floor":22,"key":"Bronze Scales"},{"floor":24,"key":"MawBank"},{"floor":26,"key":"MealTicket"}],"event_choices":[{"damage_healed":15.0,"max_hp_gain":0.0,"max_hp_loss":0.0,"gold_gain":0.0,"event_name":"Mushrooms","player_choice":"Healed and dodged fight","floor":9.0,"gold_loss":0.0,"damage_taken":0.0,"cards_obtained":["Parasite"]},{"damage_healed":0,"gold_gain":0,"player_choice":"Read","damage_taken":0,"max_hp_gain":0,"max_hp_loss":0,"event_name":"The Library","floor":21,"gold_loss":0,"cards_obtained":["Slimebound:SplitMire"]},{"cards_removed":["Slimebound:Defend_Slimebound"],"damage_healed":0,"gold_gain":0,"player_choice":"Offered Basic","damage_taken":0,"max_hp_gain":0,"max_hp_loss":0,"event_name":"Bonfire Elementals","floor":23,"gold_loss":0},{"damage_healed":0,"gold_gain":0,"player_choice":"Simplicity","damage_taken":0,"max_hp_gain":0,"max_hp_loss":0,"event_name":"Back to Basics","floor":29,"gold_loss":0,"cards_upgraded":["Slimebound:Strike_Slimebound","Slimebound:Strike_Slimebound","Slimebound:Strike_Slimebound","Slimebound:Defend_Slimebound","Slimebound:Defend_Slimebound","Slimebound:Defend_Slimebound"]}],"is_beta":false,"boss_relics":[{"not_picked":["Runic Dome","SlaversCollar"],"picked":"Philosopher\u0027s Stone"}],"items_purged_floors":[],"is_endless":false,"potions_floor_spawned":[3,10,11,16,20,26,28,31],"killed_by":"downfall:Ironclad","ascension_level":2}}