{"host":"newqdrzxfhh2im9e","time":1609912523,"event":{"mods":["AchievementEnabler","BaseMod","BetterRewards","Block Reminder","Colored Map","Jorbs\u0027s Wanderer Trilogy","Minty Spire (QoL Compilation)","Rare Cards Sparkle","Shop Mod","StSLib"],"gold_per_floor":[15,33,33,45,45,45,45,45,72,87,107,122,33,62,62,159,159,179,197,43,43,43,56,56,56],"floor_reached":24,"playtime":905,"items_purged":[],"score":223,"play_id":"f2e025ce-1df1-4888-b6b1-719e45d8c1fc","local_time":"20210105215523","is_ascension_mode":false,"campfire_choices":[{"data":"WindmillStrike","floor":6,"key":"SMITH"},{"data":"WreathOfFlame","floor":8,"key":"SMITH"},{"floor":15,"key":"REST"}],"circlet_count":0,"master_deck":["Strike_P","Strike_P","Strike_P","Strike_P","Defend_P","Defend_P","Defend_P","Defend_P","Eruption","Vigilance","Ragnarok+1","CutThroughFate","WindmillStrike+1","WreathOfFlame+1","Vengeance","Collect","BattleHymn","Study","Conclude","Blasphemy","Establishment","Ghostly","Ghostly","Ghostly","Ghostly","Ghostly","Swivel"],"relics":["PureWater","Potion Belt","Eternal Feather","Dream Catcher","Gremlin Horn","Black Star","HandDrill"],"acts_visited":["Exordium","TheCity"],"potions_floor_usage":[14,14,18,19],"damage_taken":[{"damage":0,"enemies":"Small Slimes","floor":1,"turns":2},{"damage":0,"enemies":"Cultist","floor":2,"turns":2},{"damage":0,"enemies":"Jaw Worm","floor":4,"turns":3},{"damage":0,"enemies":"Large Slime","floor":10,"turns":2},{"damage":10,"enemies":"Looter","floor":11,"turns":2},{"damage":0,"enemies":"2 Fungi Beasts","floor":12,"turns":2},{"damage":24,"enemies":"Lagavulin","floor":14,"turns":4},{"damage":16,"enemies":"The Guardian","floor":16,"turns":6},{"damage":44,"enemies":"Shell Parasite","floor":18,"turns":5},{"damage":10,"enemies":"Chosen","floor":19,"turns":2},{"damage":4,"enemies":"Centurion and Healer","floor":23,"turns":4},{"damage":14,"enemies":"Slavers","floor":24,"turns":1}],"seed_played":"8609681385245123037","potions_obtained":[{"floor":10,"key":"Strength Potion"},{"floor":11,"key":"SteroidPotion"},{"floor":14,"key":"Fire Potion"}],"is_trial":false,"path_per_floor":["M","M","?","M","?","R","?","R","T","M","M","M","$","E","R","B",null,"M","M","$","?","?","M","E"],"character_chosen":"WATCHER","items_purchased":["BattleHymn","Block Potion","HandDrill"],"campfire_rested":1,"item_purchase_floors":[13,13,20],"current_hp_per_floor":[72,72,72,72,69,72,72,72,72,72,62,62,62,38,68,52,72,28,18,18,18,14,10,0,0],"gold":56,"neow_bonus":"THREE_RARE_CARDS","is_daily":false,"chose_seed":false,"campfire_upgraded":2,"win_rate":0.0,"timestamp":1609912523,"path_taken":["M","M","?","?","?","R","?","R","T","M","M","M","$","E","R","BOSS","M","M","$","?","?","M","E"],"items_purchased_type":["Card","Potion","Relic"],"build_version":"2020-12-22","purchased_purges":0,"victory":false,"max_hp_per_floor":[72,72,72,72,72,72,72,72,72,72,72,72,72,72,72,72,72,72,72,72,36,41,41,41,41],"card_choices":[{"not_picked":["Omniscience","LessonLearned"],"picked":"Ragnarok","floor":0},{"not_picked":["Protect","Consecrate"],"picked":"CutThroughFate","floor":1},{"not_picked":["EmptyBody","CarveReality"],"picked":"WindmillStrike","floor":2},{"not_picked":["ClearTheMind","ThirdEye"],"picked":"WreathOfFlame","floor":4},{"not_picked":["Halt","FollowUp"],"picked":"Vengeance","floor":10},{"not_picked":["Protect","Prostrate","CrushJoints"],"picked":"SKIP","floor":11},{"not_picked":["CrushJoints","WreathOfFlame"],"picked":"Collect","floor":12},{"not_picked":["Meditate","ClearTheMind"],"picked":"Study","floor":14},{"not_picked":["Nirvana","CrushJoints"],"picked":"Conclude","floor":15},{"not_picked":["Scrawl","ConjureBlade"],"picked":"Blasphemy","floor":16},{"not_picked":["FollowUp","Prostrate+1","BowlingBash"],"picked":"SKIP","floor":18},{"not_picked":["Prostrate","Halt"],"picked":"Establishment","floor":19},{"not_picked":["BowlingBash","FlurryOfBlows"],"picked":"Swivel","floor":23}],"player_experience":693857,"relics_obtained":[{"floor":3,"key":"Potion Belt"},{"floor":9,"key":"Dream Catcher"},{"floor":14,"key":"Gremlin Horn"}],"event_choices":[{"damage_healed":0,"gold_gain":0,"player_choice":"Relic","damage_taken":0,"max_hp_gain":0,"max_hp_loss":0,"event_name":"Wheel of Change","floor":3,"gold_loss":0},{"damage_healed":0,"gold_gain":0,"player_choice":"Success","damage_taken":3,"relics_obtained":["Eternal Feather"],"max_hp_gain":0,"max_hp_loss":0,"event_name":"Scrap Ooze","floor":5,"gold_loss":0},{"damage_healed":0,"gold_gain":0,"player_choice":"Grow","damage_taken":0,"max_hp_gain":0,"max_hp_loss":0,"event_name":"Living Wall","floor":7,"gold_loss":0,"cards_upgraded":["Ragnarok"]},{"damage_healed":0,"gold_gain":0,"player_choice":"Became a Ghost","damage_taken":0,"max_hp_gain":0,"max_hp_loss":36,"event_name":"Ghosts","floor":21,"gold_loss":0,"cards_obtained":["Ghostly","Ghostly","Ghostly","Ghostly","Ghostly"]},{"damage_healed":0,"gold_gain":0,"player_choice":"Shed Blood","damage_taken":9,"max_hp_gain":5,"max_hp_loss":0,"event_name":"Forgotten Altar","floor":22,"gold_loss":0}],"is_beta":false,"boss_relics":[{"not_picked":["Empty Cage","Busted Crown"],"picked":"Black Star"}],"items_purged_floors":[],"is_endless":false,"potions_floor_spawned":[10,11,14],"killed_by":"Slavers","ascension_level":0}}