{"host":"bpkhhmvsfrvlto2l","time":1609942629,"event":{"mods":["2.2 Compatiblity","Act Like it!","AlwaysNeverKeys","BaseMod","Better Silent Start","Challenge The Spire","Colored Map","Colored Powertips","Custom Start","Downfall","Energized Spire","Friendly Minions","GifTheSpireLib","Halation","Hubris","Infinite Spire","Ironclad Rager","Mimic Mod","Minty Spire (QoL Compilation)","Permanent Neow","Quick Restart","Random Character Button","Relic Sorter","Replay The Spire","Spikes Relics","StSLib","Stuff the Spire","Swap Starting Deck Mod","Trackpad"],"gold_per_floor":[112,129,129,13,24,51,51,81,81,81,81,81,81,81,81,212,212,228,228,248,266,52,83,83,108,108,108,121,121,121,135,135,135,135],"floor_reached":33,"playtime":892,"items_purged":[],"score":287,"play_id":"7e75082d-9e94-4fef-979b-e50e2d26d24b","local_time":"20210106091709","is_ascension_mode":true,"campfire_choices":[{"data":"Blade Dance","floor":7,"key":"SMITH"},{"floor":13,"key":"REST"},{"floor":24,"key":"REST"},{"floor":27,"key":"REST"},{"data":"Glass Knife","floor":29,"key":"SMITH"},{"data":"Adrenaline","floor":32,"key":"SMITH"}],"circlet_count":0,"master_deck":["Strike_G","Strike_G","Strike_G","Strike_G","Defend_G","Defend_G","Defend_G","Defend_G","Survivor","Neutralize+1","Blade Dance+1","Glass Knife+1","Adrenaline+1","Infinite Blades","Caltrops"],"relics":["Ring of the Snake","hubris:Icosahedron","Pear","White Beast Statue","Potion Belt","halation:BottledLove","StoneCalendar","hubris:Towel","Golden Idol","Black Star","trackpad:IceCube","Boot","hubris:AncientText","Onion Ring"],"acts_visited":["Exordium","TheCity"],"potions_floor_usage":[6,16,18,23,25,25,25,28,31,33,33],"damage_taken":[{"damage":7,"enemies":"Small Slimes","floor":1,"turns":3},{"damage":0,"enemies":"Jaw Worm","floor":2,"turns":3},{"damage":1,"enemies":"Cultist","floor":5,"turns":4},{"damage":13,"enemies":"Replay:BlueRogue","floor":6,"turns":8},{"damage":27,"enemies":"Lagavulin","floor":8,"turns":9},{"damage":14,"enemies":"Slime Boss","floor":16,"turns":10},{"damage":2,"enemies":"Chosen","floor":18,"turns":6},{"damage":1,"enemies":"Shell Parasite","floor":20,"turns":6},{"damage":23,"enemies":"Snake Plant","floor":21,"turns":7},{"damage":33,"enemies":"Book of Stabbing","floor":23,"turns":7},{"damage":16,"enemies":"3 Cultists","floor":25,"turns":4},{"damage":0,"enemies":"Snecko","floor":28,"turns":3},{"damage":0,"enemies":"Centurion and Healer","floor":31,"turns":2},{"damage":72,"enemies":"Automaton","floor":33,"turns":6}],"seed_played":"4993192569685941542","potions_obtained":[{"floor":2,"key":"sneckomod:MuddlingPotion"},{"floor":5,"key":"Languid Potion"},{"floor":6,"key":"Energy Potion"},{"floor":8,"key":"Elixir"},{"floor":16,"key":"Block Potion"},{"floor":18,"key":"Strength Potion"},{"floor":20,"key":"CultistPotion"},{"floor":21,"key":"PowerPotion"},{"floor":23,"key":"Energy Potion"},{"floor":25,"key":"CunningPotion"},{"floor":28,"key":"Venom Potion"},{"floor":31,"key":"Fire Potion"}],"is_trial":false,"path_per_floor":["M","M","?","?","M","E","R","E","T","?","?","?","R","?","R_BF","B",null,"M","?","M","M","$","E","R","M","T","R","M","R","?","M","R","B"],"character_chosen":"THE_SILENT","items_purchased":["Adrenaline","Infinite Blades"],"campfire_rested":3,"item_purchase_floors":[22,22],"current_hp_per_floor":[63,63,66,66,65,52,52,25,25,25,25,25,47,47,69,55,74,72,72,71,48,48,15,37,21,21,43,43,43,43,43,43,0,0],"gold":135,"neow_bonus":"THREE_CARDS","is_daily":false,"chose_seed":false,"campfire_upgraded":3,"win_rate":0.0,"timestamp":1609942629,"path_taken":["M","M","?","?","?","E","R","E","T","?","?","?","R","?","R_BF","BOSS","M","?","M","M","$","E","R","?","T","R","M","R","?","M","R","BOSS"],"items_purchased_type":["Card","Card"],"build_version":"2020-12-22","purchased_purges":0,"victory":false,"max_hp_per_floor":[70,70,80,80,80,80,80,80,80,80,74,74,74,74,74,74,74,74,74,74,74,74,74,74,74,74,74,74,74,74,74,74,74,74],"card_choices":[{"not_picked":["Flying Knee","Fluid Movement"],"picked":"Blade Dance","floor":0},{"not_picked":["Night Terror","Replay:Bag of Tricks"],"picked":"Glass Knife","floor":16},{"not_picked":["StuffTheSpire:Incantation+1","Cloak And Dagger","Choke"],"picked":"SKIP","floor":20},{"not_picked":["Dagger Throw","hubris:TrickCloak"],"picked":"Caltrops","floor":23}],"player_experience":30583,"relics_obtained":[{"floor":6,"key":"Potion Belt"},{"floor":8,"key":"halation:BottledLove"},{"floor":9,"key":"StoneCalendar"},{"floor":23,"key":"Boot"},{"floor":23,"key":"hubris:AncientText"},{"floor":26,"key":"Onion Ring"}],"event_choices":[{"damage_healed":0,"gold_gain":0,"player_choice":"Success","damage_taken":7,"relics_obtained":["Pear"],"max_hp_gain":0,"max_hp_loss":0,"event_name":"Scrap Ooze","floor":3,"gold_loss":0},{"damage_healed":0,"gold_gain":0,"player_choice":"Paid Gold","damage_taken":0,"relics_obtained":["White Beast Statue"],"max_hp_gain":0,"max_hp_loss":0,"event_name":"WeMeetAgain","floor":4,"gold_loss":116},{"damage_healed":0,"gold_gain":0,"player_choice":"Lose Max HP","damage_taken":0,"relics_obtained":["Golden Idol"],"max_hp_gain":0,"max_hp_loss":6,"event_name":"Golden Idol","floor":11,"gold_loss":0},{"damage_healed":0,"gold_gain":0,"player_choice":"Ignored","damage_taken":0,"max_hp_gain":0,"max_hp_loss":0,"event_name":"Golden Wing","floor":12,"gold_loss":0},{"damage_healed":0,"gold_gain":0,"player_choice":"Forge","damage_taken":0,"max_hp_gain":0,"max_hp_loss":0,"event_name":"Accursed Blacksmith","floor":14,"gold_loss":0,"cards_upgraded":["Neutralize"]}],"is_beta":false,"boss_relics":[{"not_picked":["energizedSpire:HugeHouse","Honey Jar"],"picked":"Black Star"}],"items_purged_floors":[],"is_endless":false,"potions_floor_spawned":[2,5,6,8,16,18,20,21,23,25,28,31],"killed_by":"Automaton","ascension_level":1}}