{"host":"t4ahr8360jjehcuv","time":1609936704,"event":{"mods":["BaseMod","Colored Map","DeckTracker","Highlight Path","Keyboard Shortcuts","Minty Spire (QoL Compilation)","Permanent Neow","Quick Restart","SuperFastMode","everything is the same but u backflip on backflip"],"gold_per_floor":[113,130,144,158,175,175,193,193,193,210,238,238,255,287,287,383,383,383,383,237,237,237,237,237,237,237,237,237,237],"floor_reached":28,"playtime":1526,"items_purged":["Strike_G"],"score":261,"play_id":"fe742b5d-e291-478f-aa99-6cef3d1e0a66","local_time":"20210106213824","is_ascension_mode":false,"campfire_choices":[{"data":"Neutralize","floor":6.0,"key":"SMITH"},{"floor":8.0,"key":"REST"},{"data":"Bane","floor":12.0,"key":"SMITH"},{"floor":15.0,"key":"REST"},{"data":"Glass Knife","floor":23.0,"key":"SMITH"},{"data":"Catalyst","floor":25.0,"key":"SMITH"}],"circlet_count":0,"master_deck":["Strike_G","Strike_G","Strike_G","Strike_G","Defend_G","Defend_G","Defend_G","Defend_G","Defend_G","Survivor","Neutralize+1","Deadly Poison","Deadly Poison","PiercingWail","Bane+1","Dodge and Roll","Leg Sweep","Dodge and Roll","Outmaneuver","Deadly Poison","Backflip","Flechettes","Glass Knife+1","Deadly Poison","Footwork","Caltrops","Distraction","Catalyst+1","Escape Plan+1"],"relics":["Ring of the Snake","Sundial","Ancient Tea Set","HornCleat","Ectoplasm","Red Mask","Anchor"],"acts_visited":["Exordium","TheCity"],"potions_floor_usage":[28,28],"damage_taken":[{"damage":0.0,"enemies":"Cultist","floor":1.0,"turns":5.0},{"damage":10.0,"enemies":"Small Slimes","floor":2.0,"turns":5.0},{"damage":0.0,"enemies":"Jaw Worm","floor":3.0,"turns":3.0},{"damage":12.0,"enemies":"Blue Slaver","floor":4.0,"turns":4.0},{"damage":12.0,"enemies":"Exordium Thugs","floor":5.0,"turns":5.0},{"damage":0.0,"enemies":"2 Fungi Beasts","floor":7.0,"turns":4.0},{"damage":3.0,"enemies":"3 Louse","floor":10.0,"turns":6.0},{"damage":21.0,"enemies":"Lagavulin","floor":11.0,"turns":8.0},{"damage":4.0,"enemies":"Blue Slaver","floor":13.0,"turns":3.0},{"damage":19.0,"enemies":"3 Sentries","floor":14.0,"turns":8.0},{"damage":11.0,"enemies":"Hexaghost","floor":16.0,"turns":8.0},{"damage":0.0,"enemies":"Chosen","floor":18.0,"turns":5.0},{"damage":6.0,"enemies":"3 Byrds","floor":19.0,"turns":6.0},{"damage":18.0,"enemies":"Shelled Parasite and Fungi","floor":21.0,"turns":6.0},{"damage":20.0,"enemies":"Snecko","floor":22.0,"turns":6.0},{"damage":2.0,"enemies":"Masked Bandits","floor":24.0,"turns":6.0},{"damage":8.0,"enemies":"3 Cultists","floor":27.0,"turns":6.0},{"damage":26,"enemies":"Gremlin Leader","floor":28,"turns":6}],"seed_played":"-6546321266306457455","potions_obtained":[{"floor":3.0,"key":"Regen Potion"},{"floor":7.0,"key":"LiquidBronze"},{"floor":10.0,"key":"LiquidBronze"},{"floor":11.0,"key":"AttackPotion"},{"floor":16.0,"key":"SkillPotion"},{"floor":18.0,"key":"SpeedPotion"}],"is_trial":false,"path_per_floor":["M","M","M","M","M","R","M","R","T","M","E","R","M","E","R","B",null,"M","M","$","M","M","R","?","R","T","M","E"],"character_chosen":"THE_SILENT","items_purchased":["Caltrops"],"campfire_rested":2,"item_purchase_floors":[20],"current_hp_per_floor":[70,60,60,48,36,36,36,57,57,54,45,45,41,22,43,32,70,70,64,64,46,26,26,24,24,24,16,0,0],"gold":237,"neow_bonus":"THREE_CARDS","is_daily":false,"chose_seed":false,"campfire_upgraded":4,"win_rate":0.0,"timestamp":1609936704,"path_taken":["M","M","M","M","M","R","?","R","T","M","E","R","M","E","R","BOSS","M","M","$","M","M","R","?","R","T","M","E"],"items_purchased_type":["Card"],"build_version":"2020-12-22","purchased_purges":1,"victory":false,"max_hp_per_floor":[70,70,70,70,70,70,70,70,70,70,70,70,70,70,70,70,70,70,70,70,70,70,70,70,70,70,70,70,70],"card_choices":[{"not_picked":["Dagger Throw","PiercingWail"],"picked":"Deadly Poison","floor":0.0},{"not_picked":["Underhanded Strike","Dash"],"picked":"Deadly Poison","floor":1.0},{"not_picked":["Acrobatics","Cloak And Dagger"],"picked":"PiercingWail","floor":2.0},{"not_picked":["Dagger Spray","PiercingWail"],"picked":"Bane","floor":3.0},{"not_picked":["Slice","Glass Knife"],"picked":"Dodge and Roll","floor":4.0},{"not_picked":["Terror","Prepared"],"picked":"Leg Sweep","floor":5.0},{"not_picked":["Eviscerate","Dash"],"picked":"Dodge and Roll","floor":7.0},{"not_picked":["Choke","Tactician"],"picked":"Outmaneuver","floor":10.0},{"not_picked":["Cloak And Dagger","PiercingWail"],"picked":"Deadly Poison","floor":11.0},{"not_picked":["Dagger Spray","Dodge and Roll"],"picked":"Backflip","floor":13.0},{"not_picked":["Doppelganger","All Out Attack"],"picked":"Flechettes","floor":14.0},{"not_picked":["Unload","Bullet Time"],"picked":"Glass Knife","floor":16.0},{"not_picked":["PiercingWail+1","Dagger Throw"],"picked":"Deadly Poison","floor":18.0},{"not_picked":["Poisoned Stab","Die Die Die"],"picked":"Footwork","floor":19.0},{"not_picked":["Finisher","Predator+1","Skewer"],"picked":"SKIP","floor":21.0},{"not_picked":["Flying Knee","Dagger Throw+1"],"picked":"Distraction","floor":22.0},{"not_picked":["Acrobatics","Finisher"],"picked":"Catalyst","floor":24.0},{"not_picked":["Quick Slash","Slice"],"picked":"Escape Plan+1","floor":27.0}],"player_experience":40877,"relics_obtained":[{"floor":9.0,"key":"Sundial"},{"floor":11.0,"key":"Ancient Tea Set"},{"floor":14.0,"key":"HornCleat"},{"floor":24.0,"key":"Red Mask"},{"floor":26.0,"key":"Anchor"}],"event_choices":[{"damage_healed":0.0,"max_hp_gain":0.0,"max_hp_loss":0.0,"gold_gain":0.0,"event_name":"Masked Bandits","player_choice":"Fought Bandits","floor":24.0,"gold_loss":0.0,"damage_taken":0.0}],"is_beta":false,"boss_relics":[{"not_picked":["Coffee Dripper","HoveringKite"],"picked":"Ectoplasm"}],"items_purged_floors":[20],"is_endless":false,"potions_floor_spawned":[3,7,10,11,16,18],"killed_by":"Gremlin Leader","ascension_level":0}}