{"host":"6gnjg44wf0nz538o","time":1609903318,"event":{"mods":["AchievementEnabler","BaseMod","BetterRewards","Colored Map","Minty Spire (QoL Compilation)","Replay The Spire","Spicy Shops","StSLib","The Servant 0.9.4"],"gold_per_floor":[109,119,132,146,146,146,146],"floor_reached":6,"playtime":220,"items_purged":["Defend_R"],"score":63,"play_id":"7be71558-21ab-4206-8753-05141ba45c1b","local_time":"20210105222158","is_ascension_mode":true,"campfire_choices":[],"circlet_count":0,"master_deck":["AscendersBane","Strike_R","Strike_R","Strike_R","Strike_R","Strike_R","Defend_R","Defend_R","Defend_R","Bash","Spot Weakness","Pain","Delirium"],"relics":["Burning Blood","Counterbalance","Torii","Durian","Ring of Misfortune","ReplayTheSpireMod:Ring of Addiction","Chameleon Ring","Toy Ornithopter"],"acts_visited":["Exordium"],"potions_floor_usage":[],"damage_taken":[{"damage":0,"enemies":"Small Slimes","floor":1,"turns":3},{"damage":15,"enemies":"2 Louse","floor":2,"turns":2},{"damage":19,"enemies":"Cultist","floor":4,"turns":4},{"damage":33,"enemies":"Lagavulin","floor":6,"turns":5}],"seed_played":"-4044033537576715605","potions_obtained":[{"floor":1,"key":"ElixirPotion"},{"floor":2,"key":"Cursed Concoction"},{"floor":5,"key":"Toxic Potion"},{"floor":5,"key":"SteroidPotion"}],"is_trial":false,"path_per_floor":["M","M","?","M","?","E"],"character_chosen":"IRONCLAD","items_purchased":["Spot Weakness","Torii"],"campfire_rested":0,"item_purchase_floors":[0,0],"current_hp_per_floor":[50,41,46,33,33,0,0],"gold":146,"neow_bonus":"","is_daily":false,"chose_seed":false,"campfire_upgraded":0,"win_rate":0.0,"timestamp":1609903318,"path_taken":["M","M","?","?","?","E"],"items_purchased_type":["Card","Relic"],"build_version":"2020-12-22","purchased_purges":1,"victory":false,"max_hp_per_floor":[75,75,80,80,80,80,80],"card_choices":[{"not_picked":["Rampage","Thunderclap","Pommel Strike"],"picked":"SKIP","floor":1},{"not_picked":["Dropkick","Flame Barrier","Cleave"],"picked":"SKIP","floor":2},{"not_picked":["Replay:Undeath\u0027s Touch","Clothesline","Dark Embrace"],"picked":"SKIP","floor":4}],"player_experience":520771,"relics_obtained":[{"floor":3,"key":"Durian"},{"floor":5,"key":"Ring of Misfortune"},{"floor":5,"key":"ReplayTheSpireMod:Ring of Addiction"},{"floor":5,"key":"Chameleon Ring"},{"floor":5,"key":"Toy Ornithopter"}],"event_choices":[],"is_beta":false,"boss_relics":[],"items_purged_floors":[0],"is_endless":false,"potions_floor_spawned":[1,2],"killed_by":"Lagavulin","ascension_level":15}}