{"host":"qojc688juf5ijsln","time":1609944653,"event":{"mods":["AchievementEnabler","BaseMod","BetterRewards","Colored Powertips","Highlight Path","Minty Spire (QoL Compilation)","Quick Restart","Shop Mod","StSLib"],"gold_per_floor":[116,136,136,236,250,285,285,299,299,299,299,299,474,490,490,592,592,564,49,60,60,60],"floor_reached":21,"playtime":8137,"items_purged":["Strike_G"],"score":179,"play_id":"c1cec369-8a23-4265-8f61-227b1f202370","local_time":"20210106225053","is_ascension_mode":false,"campfire_choices":[{"floor":7,"key":"REST"},{"data":"Deadly Poison","floor":12,"key":"SMITH"},{"floor":15,"key":"REST"}],"circlet_count":0,"master_deck":["Strike_G","Strike_G","Strike_G","Defend_G","Defend_G","Defend_G","Defend_G","Survivor","Neutralize","Poisoned Stab","Heel Hook","Flechettes","Deadly Poison+1","PiercingWail","Doubt","Noxious Fumes+1","Panache","Infinite Blades","Heel Hook"],"relics":["Ring of the Snake","Ice Cream","Gremlin Horn","Juzu Bracelet","MerchantsRug","Ancient Tea Set","Blue Candle","SlaversCollar","Ninja Scroll"],"acts_visited":["Exordium","TheCity"],"potions_floor_usage":[],"damage_taken":[{"damage":3,"enemies":"Small Slimes","floor":1,"turns":4},{"damage":6,"enemies":"2 Louse","floor":2,"turns":2},{"damage":0,"enemies":"Cultist","floor":5,"turns":4},{"damage":28,"enemies":"3 Sentries","floor":6,"turns":11},{"damage":5,"enemies":"Gremlin Gang","floor":8,"turns":4},{"damage":0,"enemies":"3 Louse","floor":14,"turns":3},{"damage":22,"enemies":"Hexaghost","floor":16,"turns":9},{"damage":15,"enemies":"2 Thieves","floor":18,"turns":5},{"damage":30,"enemies":"Chosen","floor":20,"turns":5},{"damage":42,"enemies":"Snecko","floor":21,"turns":4}],"seed_played":"-3717813862867789229","potions_obtained":[{"floor":6,"key":"Swift Potion"},{"floor":8,"key":"SmokeBomb"},{"floor":16,"key":"SpeedPotion"}],"is_trial":false,"path_per_floor":["M","M","?","?","M","E","R","M","T","?","?","R","?","M","R","B",null,"M","$","M","M"],"character_chosen":"THE_SILENT","items_purchased":["Gremlin Horn","Juzu Bracelet","MerchantsRug","Poisoned Stab","Heel Hook","Panache","Ninja Scroll","Infinite Blades"],"campfire_rested":2,"item_purchase_floors":[0,0,0,0,0,19,19,19],"current_hp_per_floor":[67,61,61,61,61,33,54,49,49,49,49,49,49,49,70,48,70,55,55,25,0,0],"gold":60,"neow_bonus":"","is_daily":false,"chose_seed":false,"campfire_upgraded":1,"win_rate":0.0,"timestamp":1609944653,"path_taken":["M","M","?","?","M","E","R","M","T","?","?","R","?","M","R","BOSS","M","$","M","M"],"items_purchased_type":["Relic","Relic","Relic","Card","Card","Card","Relic","Card"],"build_version":"2020-12-22","purchased_purges":1,"victory":false,"max_hp_per_floor":[70,70,70,70,70,70,70,70,70,70,70,70,70,70,70,70,70,70,70,70,70,70],"card_choices":[{"not_picked":["Flying Knee","Bane"],"picked":"Flechettes","floor":1},{"not_picked":["Slice","Reflex","PiercingWail"],"picked":"SKIP","floor":2},{"not_picked":["PiercingWail","Blade Dance","Deflect"],"picked":"SKIP","floor":5},{"not_picked":["Poisoned Stab","Unload"],"picked":"Deadly Poison","floor":6},{"not_picked":["Quick Slash","Infinite Blades"],"picked":"PiercingWail","floor":8},{"not_picked":["Flying Knee","Acrobatics","Deflect"],"picked":"SKIP","floor":14},{"not_picked":["Terror","Well Laid Plans+1"],"picked":"Noxious Fumes+1","floor":18},{"not_picked":["Dodge and Roll+1","Outmaneuver+1"],"picked":"Heel Hook","floor":20}],"player_experience":69086,"relics_obtained":[{"floor":6,"key":"Ancient Tea Set"},{"floor":9,"key":"Blue Candle"}],"event_choices":[{"damage_healed":0,"gold_gain":0,"player_choice":"Ignored","damage_taken":0,"max_hp_gain":0,"max_hp_loss":0,"event_name":"Shining Light","floor":3,"gold_loss":0},{"damage_healed":0,"gold_gain":100,"player_choice":"Pray","damage_taken":0,"max_hp_gain":0,"max_hp_loss":0,"event_name":"Golden Shrine","floor":4,"gold_loss":0},{"cards_removed":["Strike_G"],"damage_healed":0,"gold_gain":0,"player_choice":"Purged","damage_taken":0,"max_hp_gain":0,"max_hp_loss":0,"event_name":"Purifier","floor":10,"gold_loss":0},{"cards_removed":["Defend_G"],"damage_healed":0,"gold_gain":0,"player_choice":"Forget","damage_taken":0,"max_hp_gain":0,"max_hp_loss":0,"event_name":"Living Wall","floor":11,"gold_loss":0},{"damage_healed":0,"gold_gain":175,"player_choice":"AGREE","damage_taken":0,"max_hp_gain":0,"max_hp_loss":0,"event_name":"Liars Game","floor":13,"gold_loss":0,"cards_obtained":["Doubt"]}],"is_beta":false,"boss_relics":[{"not_picked":["Astrolabe","Philosopher\u0027s Stone"],"picked":"SlaversCollar"}],"items_purged_floors":[19],"is_endless":false,"potions_floor_spawned":[6,8,16,18],"killed_by":"Snecko","ascension_level":0}}