{"host":"dk10vuzdqf3wivcv","time":1609951726,"event":{"mods":["Aspiration","Astrologer","BaseMod","Colored Map","Conspire","Friendly Minions","Hubris","Minty Spire (QoL Compilation)","Replay The Spire","StSLib","SuperFastMode","Td1madao Mod","The Animator","The Cursed","The Gatherer","The Hierophant","The Jungle","The Marked","The Servant 0.9.4"],"gold_per_floor":[109,134,160,235,235,267,267,282,282,310,310,349,361,376,376,488,488,488],"floor_reached":17,"playtime":985,"items_purged":[],"score":184,"play_id":"3ae329eb-a8ff-4db9-afa6-f66370e2fcef","local_time":"20210106174846","is_ascension_mode":true,"campfire_choices":[{"floor":7,"key":"RECALL"},{"floor":11,"key":"REST"},{"floor":15,"key":"REST"}],"circlet_count":0,"master_deck":["animator:Strike_Elsword","animator:Defend_Elsword","animator:Strike","animator:Strike","animator:Defend","animator:Defend","animator:Defend","animator:Chung","animator:Raven","animator:Rena+1","animator:Lu","animator:Ciel","animator:Aisha","animator:Rena","animator:Aisha","animator:Greed"],"relics":["animator:LivingPicture","animator:TheMissingPiece","animator:PurgingStone","InkBottle","Pet Ghost","Replay:PocketPolymizer","hubris:Reverence","conspire:SeveredTorchhead"],"acts_visited":["Exordium","TheCity"],"potions_floor_usage":[10,10],"damage_taken":[{"damage":0,"enemies":"Cultist","floor":1,"turns":4},{"damage":0,"enemies":"conspire:RoseBush","floor":2,"turns":3},{"damage":23,"enemies":"3 Sentries","floor":6,"turns":14},{"damage":0,"enemies":"Small Slimes","floor":8,"turns":4},{"damage":18,"enemies":"Lagavulin","floor":10,"turns":8},{"damage":13,"enemies":"Replay:BlueRogue","floor":12,"turns":6},{"damage":4,"enemies":"conspire:2 RoseBushes","floor":13,"turns":7},{"damage":6,"enemies":"Blue Slaver","floor":14,"turns":4},{"damage":13,"enemies":"Hexaghost","floor":16,"turns":9}],"seed_played":"2188567574290699877","potions_obtained":[{"floor":6,"key":"Fire Potion"},{"floor":8,"key":"FearPotion"},{"floor":16,"key":"EntropicBrew"}],"is_trial":false,"path_per_floor":["M","M","T","?","?","E","R","M","T","E","R","E","M","M","R","B",null],"character_chosen":"THE_ANIMATOR","items_purchased":[],"campfire_rested":2,"item_purchase_floors":[],"current_hp_per_floor":[72,72,72,61,61,38,38,39,39,21,42,29,26,20,42,29,74,74],"gold":488,"neow_bonus":"TEN_PERCENT_HP_BONUS","is_daily":false,"chose_seed":false,"campfire_upgraded":0,"win_rate":0.0,"timestamp":1609951726,"path_taken":["M","?","?","?","?","E","R","M","T","E","R","E","M","M","R","BOSS"],"items_purchased_type":[],"build_version":"2020-12-22","purchased_purges":0,"victory":false,"max_hp_per_floor":[72,72,72,72,72,72,72,73,73,73,73,73,74,74,74,74,74,74],"card_choices":[{"not_picked":["animator:Vanir","animator:WinryRockbell","animator:Berserker"],"picked":"SKIP","floor":1},{"not_picked":["animator:RinTohsaka","animator:Vanir"],"picked":"animator:Rena","floor":2},{"not_picked":["animator:Gillette","animator:SakuraMatou","animator:Rider"],"picked":"SKIP","floor":6},{"not_picked":["animator:Ain","animator:Ara"],"picked":"animator:Lu","floor":8},{"not_picked":["animator:ChaikaTrabant","animator:AcuraAkari","animator:SuzuneAmano"],"picked":"SKIP","floor":10},{"not_picked":["animator:TukaLunaMarceau","animator:Laby"],"picked":"animator:Ciel","floor":12},{"not_picked":["animator:Rena","animator:Ara"],"picked":"animator:Aisha","floor":13},{"not_picked":["animator:Chung","animator:Raven"],"picked":"animator:Rena","floor":14},{"not_picked":["animator:Saber","animator:Kyubey"],"picked":"animator:Greed","floor":16}],"player_experience":138464,"relics_obtained":[{"floor":6,"key":"InkBottle"},{"floor":9,"key":"Pet Ghost"},{"floor":10,"key":"Replay:PocketPolymizer"},{"floor":12,"key":"hubris:Reverence"}],"event_choices":[{"damage_healed":0,"gold_gain":75,"player_choice":"Gather Gold","damage_taken":11,"max_hp_gain":0,"max_hp_loss":0,"event_name":"World of Goop","floor":4,"gold_loss":0},{"damage_healed":0,"gold_gain":0,"player_choice":"Grow","damage_taken":0,"max_hp_gain":0,"max_hp_loss":0,"event_name":"Living Wall","floor":5,"gold_loss":0,"cards_upgraded":["animator:Rena"]}],"is_beta":false,"boss_relics":[{"not_picked":["aspiration:RunicSpoon","conspire:RunicOctahedron"],"picked":"conspire:SeveredTorchhead"}],"items_purged_floors":[],"is_endless":false,"potions_floor_spawned":[6,8,16],"ascension_level":1}}