{"host":"byfc0n0a1d7t61kp","time":1609969770,"event":{"mods":["BaseMod","Bestiary","Better Third Choice","BetterRewards","Colored Powertips","Conspire","Curses Come First","Downfall","Evolution","Hubris","Infinite Spire","Minty Spire (QoL Compilation)","Quick Restart","Replay The Spire","Shop Mod","Spicy Shops","StSLib","Synergy Search"],"gold_per_floor":[111,131,146,180,191,191,202,215,242,256,281,281,297,297,297,404,404,430,430,448,448,6,6,46,69,117,42,42,93,93,127,127,255,255,289,289,330,35,53,53,72,105,105,0,0,37,52,420,420,550,550,581,581,561,606,636,694,694,694,694,744,804,315,315,337,337,424,424,444,476,476,513,513,543,543,543,543,586,586,641,643,680,680,818,818,871,920,920,961,960,1023,1023,1023,1047,1075,1148,1148,1224,1271,1271,1429,1429,1429,1429,1526,1660],"floor_reached":107,"playtime":11113,"items_purged":["hubris:Sloth","conspire:NecroticWound","Pain"],"score":5265,"play_id":"ff5fa03c-d1f5-4d1d-9cc8-657073f6205d","local_time":"20210106224930","is_ascension_mode":true,"campfire_choices":[{"data":"Hello World","floor":6.0,"key":"SMITH"},{"data":"Zap","floor":6.0,"key":"SMITH"},{"data":"infinitespire:Starlight","floor":12.0,"key":"SMITH"},{"data":"Double Energy","floor":12.0,"key":"SMITH"},{"data":"Aggregate","floor":15.0,"key":"SMITH"},{"data":"Conserve Battery","floor":15.0,"key":"SMITH"},{"data":"Panache","floor":23.0,"key":"SMITH"},{"data":"Sweeping Beam","floor":23.0,"key":"SMITH"},{"data":"Genetic Algorithm","floor":28.0,"key":"SMITH"},{"data":"Meteor Strike","floor":28.0,"key":"SMITH"},{"floor":32.0,"key":"REST"},{"data":"Echo Form","floor":40.0,"key":"SMITH"},{"data":"Conserve Battery","floor":40.0,"key":"SMITH"},{"data":"ReplayUltimateDefense","floor":49.0,"key":"SMITH"},{"data":"hubris:Ssssneak","floor":49.0,"key":"SMITH"},{"data":"Electrodynamics","floor":58.0,"key":"SMITH"},{"data":"Hello World","floor":58.0,"key":"SMITH"},{"data":"Echo Form","floor":66,"key":"SMITH"},{"data":"infinitespire:Menacing","floor":66,"key":"SMITH"},{"data":"ReplayTheSpireMod:Faulty Equipment","floor":75,"key":"SMITH"},{"data":"Loop","floor":75,"key":"SMITH"},{"data":"Stack","floor":79,"key":"SMITH"},{"data":"ReplayRNGCard","floor":79,"key":"SMITH"},{"floor":83,"key":"DIG"},{"data":"ReplayTheSpireMod:Faulty Equipment","floor":100,"key":"SMITH"},{"data":"Electrodynamics","floor":100,"key":"SMITH"},{"data":"hubris:Rewind","floor":103,"key":"SMITH"},{"data":"Ball Lightning","floor":103,"key":"SMITH"}],"circlet_count":0,"master_deck":["Barrage","Cold Snap","Compile Driver+1","Rebound+1","Leap+1","Defend_B","Defend_B","Zap+1","Dualcast","Cold Snap","expansioncontent:Chronoboost","Hello World+1","FTL","Capacitor","Gash","Conserve Battery+1","Gash","Leap","Double Energy+1","Ball Lightning","infinitespire:Starlight+1","Aggregate+1","infinitespire:Menacing+1","Core Surge","Conserve Battery+1","Sweeping Beam+1","ReplayRNGCard+1","Panache+1","hubris:Ukulele","hubris:Ukulele","Conserve Battery","Genetic Algorithm+1","Meteor Strike+1","Stack","Ball Lightning+1","Streamline","Echo Form+1","Hologram","Coolheaded","ReplayTheSpireMod:Reroute Power","hubris:Wrath","Reprogram+1","Glacier+1","FTL+1","Scrape+1","Darkness","hubris:Ssssneak+1","ReplayUltimateDefense+1","infinitespire:Punishment+1","Electrodynamics+1","Leap","infinitespire:Punishment+1","Hello World+1","ReplayTheSpireMod:Omega Cannon+1","hubris:Ukulele+1","Loop+1","Echo Form+1","infinitespire:Menacing+1","Rebound+1","Thunder Strike+1","Go for the Eyes+1","Rip and Tear+1","Sanctity","Conserve Battery","Stack+1","hubris:Ukulele+1","Storm","RitualDagger+1","Capacitor","Meteor Strike+1","Slimebound:Split+1","Rainbow","Replay:Parry+1","hubris:Rewind+1","Conserve Battery+1","Sweeping Beam+1","Turbo+1","Gash+1","Glacier+1","hubris:Envy","Chill","Electrodynamics+1","ReplayTheSpireMod:Faulty Equipment+1","Panic Button+1","FIFO Queue+1","Core Surge+1","Thunder Strike+1","Pot Of Greed","Pot Of Greed","Pot Of Greed","Pot Of Greed","Pot Of Greed","Pot Of Greed","Pot Of Greed","Pot Of Greed","FIFO Queue","Creative AI"],"relics":["Cracked Core","EVO:Axolotl","ReplayTheSpireMod:CursedCoin","ReplayTheSpireMod:TigerMarble","Calipers","Replay:Arrowhead","Whetstone","Lantern","Snack Pack","infinitespire:Midas Blood","hubris:Backtick","Ice Cream","Strange Spoon","Replay:Wax Seal","Replay:Antivirus Software","Nunchaku","Replay:WaspNest","hubris:Icosahedron","Replay:Ringing Soul","infinitespire:EvilPickle","Replay:Grab Bag","Cursed Key","Busted Crown","SlaversCollar","conspire:TreasureMap","Blue Doll","hubris:BallOfYels","Pen Nib","Red Mask","Toy Ornithopter","Molten Egg 2","hubris:NiceRug","Regal Pillow","ReplayTheSpireMod:Lightbulb","Membership Card","Anchor","Dream Catcher","Frozen Eye","Honey Jar","hubris:ToyBattleship","betterThird:SlimedRelic","Question Card","Replay:Baseball","Juzu Bracelet","infinitespire:Satchel","Black Star","MutagenicStrength","conspire:Dentures","Bronze Scales","Replay:Lucky Slots","Omamori","Pet Ghost","Replay:Bottled Flurry","hubris:GlazedTorus","ReplayTheSpireMod:SealedPack","WarpedTongs","DataDisk","War Paint","ReplayTheSpireMod:Ring of Exchange","Ring of Fury","hubris:Stopwatch","Mercury Hourglass","hubris:CuriousFeather","Gremlin Food","Oddly Smooth Stone","hubris:TinFlute","hubris:TenFootPole","Empty Cage","hubris:SoftwareUpdate","Grinning Jar"],"acts_visited":[],"potions_floor_usage":[85,106],"damage_taken":[{"damage":0.0,"enemies":"Cultist","floor":1.0,"turns":3.0},{"damage":0.0,"enemies":"Small Slimes","floor":2.0,"turns":3.0},{"damage":0.0,"enemies":"Jaw Worm","floor":3.0,"turns":4.0},{"damage":10.0,"enemies":"conspire:MimicChest","floor":4.0,"turns":4.0},{"damage":1.0,"enemies":"2 Fungi Beasts","floor":5.0,"turns":3.0},{"damage":7.0,"enemies":"Large Slime","floor":7.0,"turns":4.0},{"damage":0.0,"enemies":"Blue Slaver","floor":8.0,"turns":2.0},{"damage":0.0,"enemies":"Gremlin Gang","floor":10.0,"turns":5.0},{"damage":42.0,"enemies":"Nightmare","floor":11.0,"turns":7.0},{"damage":0.0,"enemies":"Large Slime","floor":13.0,"turns":5.0},{"damage":12.0,"enemies":"Fading Forest","floor":16.0,"turns":11.0},{"damage":6.0,"enemies":"conspire:FuzzyDice","floor":18.0,"turns":6.0},{"damage":0.0,"enemies":"Chosen","floor":20.0,"turns":3.0},{"damage":18.0,"enemies":"conspire:SneckoGhost","floor":24.0,"turns":4.0},{"damage":25.0,"enemies":"Shelled Parasite and Fungi","floor":25.0,"turns":6.0},{"damage":19.0,"enemies":"Snake Plant","floor":27.0,"turns":5.0},{"damage":69.0,"enemies":"Nightmare","floor":29.0,"turns":11.0},{"damage":5.0,"enemies":"Gremlin Leader","floor":31.0,"turns":6.0},{"damage":25.0,"enemies":"Pondfish","floor":33.0,"turns":8.0},{"damage":10.0,"enemies":"Orb Walker","floor":35.0,"turns":4.0},{"damage":22.0,"enemies":"3 Darklings","floor":37.0,"turns":4.0},{"damage":18.0,"enemies":"Transient","floor":39.0,"turns":5.0},{"damage":14.0,"enemies":"Maw","floor":41.0,"turns":8.0},{"damage":11.0,"enemies":"Giant Head","floor":42.0,"turns":8.0},{"damage":25.0,"enemies":"Reptomancer","floor":46.0,"turns":4.0},{"damage":6.0,"enemies":"Spire Growth","floor":47.0,"turns":3.0},{"damage":76.0,"enemies":"hubris:Merchant","floor":48.0,"turns":10.0},{"damage":0.0,"enemies":"conspire:OrnateMirror","floor":50.0,"turns":7.0},{"damage":0.0,"enemies":"Small Slimes","floor":52.0,"turns":2.0},{"damage":0.0,"enemies":"Cultist","floor":55.0,"turns":2.0},{"damage":0.0,"enemies":"conspire:RoseBush","floor":56.0,"turns":2.0},{"damage":0.0,"enemies":"Gremlin Nob","floor":57.0,"turns":2.0},{"damage":0,"enemies":"Exordium Thugs","floor":61,"turns":2},{"damage":0,"enemies":"3 Sentries","floor":62,"turns":2},{"damage":0,"enemies":"Blue Slaver","floor":65,"turns":2},{"damage":3,"enemies":"The Guardian","floor":67,"turns":4},{"damage":0,"enemies":"conspire:FuzzyDice","floor":69,"turns":3},{"damage":0,"enemies":"Spheric Guardian","floor":70,"turns":2},{"damage":0,"enemies":"Snake Plant","floor":72,"turns":2},{"damage":0,"enemies":"Slavers","floor":74,"turns":5},{"damage":0,"enemies":"Snecko","floor":78,"turns":1},{"damage":7,"enemies":"Shelled Parasite and Fungi","floor":80,"turns":2},{"damage":10,"enemies":"Gremlin Leader","floor":82,"turns":5},{"damage":0,"enemies":"Collector","floor":84,"turns":1},{"damage":4,"enemies":"Orb Walker","floor":86,"turns":3},{"damage":30,"enemies":"3 Darklings","floor":87,"turns":3},{"damage":5,"enemies":"Maw","floor":89,"turns":6},{"damage":0,"enemies":"Transient","floor":90,"turns":5},{"damage":28,"enemies":"R_Hoarder","floor":91,"turns":6},{"damage":6,"enemies":"2 Orb Walkers","floor":95,"turns":3},{"damage":0,"enemies":"3 Darklings","floor":96,"turns":2},{"damage":0,"enemies":"Giant Head","floor":99,"turns":5},{"damage":24,"enemies":"Donu and Deca","floor":101,"turns":4},{"damage":4,"enemies":"Shield and Spear","floor":105,"turns":4},{"damage":0,"enemies":"The Heart","floor":106,"turns":6}],"seed_played":"-610498855130994457","potions_obtained":[{"floor":3.0,"key":"AttackPotion"},{"floor":7.0,"key":"EssenceOfDarkness"},{"floor":10.0,"key":"Guardian:BlockOnCardUsePotion"},{"floor":18.0,"key":"PowerPotion"},{"floor":24.0,"key":"Milkshake"},{"floor":27.0,"key":"SteroidPotion"},{"floor":31.0,"key":"Elixir"},{"floor":47.0,"key":"FocusPotion"},{"floor":48.0,"key":"Elixir"},{"floor":48.0,"key":"Doom Potion"},{"floor":52.0,"key":"champ:CounterPotion"},{"floor":56.0,"key":"Guardian:BlockOnCardUsePotion"},{"floor":69,"key":"conspire:TimeTravelPotion"},{"floor":84,"key":"Fruit Juice"},{"floor":96,"key":"Elixir"}],"is_trial":false,"path_per_floor":["M","M","M","?","M","R","M","M","T","M","NM","R","M","AVR","R","B",null,"M","?","M","?","$","R","E","M","T","M","R","NM","?","E","R","B",null,"M","?","M","$","M","R","M","E","T","?","T","E","M","$","R","B",null,"M","AVR","?","M","M","E","R","T","T","M","E","?","?","M","R","B",null,"M","M","?","M","?","E","R","AVR","T","M","R","M","?","E","R","B",null,"M","M","?","M","M","E","?","AVR","T","?","M","T","?","E","R","B",null,"R","$","E","B",null],"character_chosen":"DEFECT","items_purchased":["ReplayTheSpireMod:CursedCoin","ReplayTheSpireMod:TigerMarble","Hello World","Strange Spoon","Replay:Wax Seal","Panache","hubris:Ukulele","Conserve Battery","conspire:TreasureMap","Blue Doll"],"campfire_rested":1,"item_purchase_floors":[0,0,0,22,22,22,22,22,38,38],"current_hp_per_floor":[68,68,68,58,57,57,50,50,50,50,8,8,25,25,25,48,68,73,73,75,75,75,75,63,54,54,54,54,12,12,31,54,55,75,68,73,58,58,46,46,75,92,95,95,98,80,79,67,67,111,111,114,117,106,109,123,126,126,129,132,135,138,141,141,144,144,147,147,150,153,156,159,159,162,162,162,165,168,168,166,163,166,166,171,187,191,164,164,181,200,179,182,182,185,184,191,194,197,221,221,221,226,226,226,230,233],"gold":1660,"neow_bonus":"","is_daily":false,"chose_seed":false,"campfire_upgraded":26,"win_rate":0.0,"timestamp":1609969770,"path_taken":["M","M","?","?","?","R","M","?","T","?","NM","R","?","AVR","R","BOSS","M","?","M","?","?","R","E","M","T","M","R","NM","?","E","R","BOSS","M","?","?","$","M","R","M","E","T","?","?","E","M","?","R","BOSS","M","AVR","?","M","M","E","R","?","T","M","E","?","?","M","R","BOSS","M","M","?","M","?","E","R","AVR","T","M","R","M","?","E","R","BOSS","M","M","?","M","M","E","?","AVR","T","?","M","?","?","E","R","BOSS","R","$","E","BOSS"],"items_purchased_type":["Relic","Relic","Card","Relic","Relic","Card","Card","Card","Relic","Relic"],"build_version":"2020-12-22","purchased_purges":3,"victory":true,"max_hp_per_floor":[75,75,75,75,75,75,75,75,75,75,75,75,75,75,75,75,75,75,75,75,75,75,75,75,75,75,75,75,75,75,78,78,81,81,84,84,87,87,87,87,90,93,96,96,99,102,105,108,108,111,111,114,117,117,120,123,126,126,129,132,135,138,141,141,144,144,147,147,150,153,156,159,159,162,162,162,165,168,168,171,174,177,177,180,188,191,194,194,197,200,203,206,206,209,212,215,218,221,224,224,227,227,227,227,230,233],"card_choices":[{"not_picked":["Hologram","Panic Button"],"picked":"FTL","floor":1.0},{"not_picked":["Doom and Gloom","Turbo"],"picked":"Capacitor","floor":2.0},{"not_picked":["Steam","Cold Snap"],"picked":"Gash","floor":3.0},{"not_picked":["Go for the Eyes","Rip and Tear"],"picked":"Conserve Battery","floor":4.0},{"not_picked":["Capacitor","Rainbow"],"picked":"Gash","floor":5.0},{"not_picked":["ReplayTheSpireMod:GoodbyeWorld","Panic Button"],"picked":"Leap","floor":7.0},{"not_picked":["Rebound","Go for the Eyes"],"picked":"Double Energy","floor":8.0},{"not_picked":["Panic Button","Go for the Eyes"],"picked":"Ball Lightning","floor":10.0},{"not_picked":["infinitespire:SealOfDarkness+","infinitespire:Collect"],"picked":"infinitespire:Starlight","floor":11.0},{"not_picked":["Rebound","Reinforced Body","Reprogram"],"picked":"SKIP","floor":11.0},{"not_picked":["Coolheaded","Steam"],"picked":"Aggregate","floor":13.0},{"not_picked":["Seek","hubris:Prefetch"],"picked":"Core Surge","floor":16.0},{"not_picked":["Reinforced Body","Turbo+1"],"picked":"Conserve Battery","floor":18.0},{"not_picked":["Doom and Gloom","Streamline"],"picked":"Sweeping Beam","floor":20.0},{"not_picked":["Compile Driver","Barrage"],"picked":"Genetic Algorithm","floor":24.0},{"not_picked":["Steam+1","Steam Power"],"picked":"Meteor Strike","floor":25.0},{"not_picked":["ReplaySolidLightProjector","Undo"],"picked":"Stack","floor":27.0},{"not_picked":["Rainbow","Panic Button"],"picked":"Ball Lightning","floor":29.0},{"not_picked":["hubris:Ukulele","Sweeping Beam"],"picked":"Streamline","floor":31.0},{"not_picked":["hubris:SpecializedCircuitry","Seek"],"picked":"Echo Form","floor":33.0},{"not_picked":[],"picked":"Go for the Eyes","floor":35.0},{"not_picked":[],"picked":"Hologram","floor":37.0},{"not_picked":["Reprogram+1"],"picked":"SKIP","floor":39.0},{"not_picked":[],"picked":"Coolheaded","floor":41.0},{"not_picked":[],"picked":"ReplayTheSpireMod:Reroute Power","floor":42.0},{"not_picked":[],"picked":"Reprogram+1","floor":46.0},{"not_picked":[],"picked":"Glacier+1","floor":47.0},{"not_picked":[],"picked":"FTL+1","floor":48.0},{"not_picked":[],"picked":"Scrape+1","floor":48.0},{"not_picked":[],"picked":"Darkness","floor":48.0},{"not_picked":[],"picked":"hubris:Ssssneak","floor":48.0},{"not_picked":[],"picked":"ReplayUltimateDefense","floor":48.0},{"not_picked":["Reprogram"],"picked":"SKIP","floor":48.0},{"not_picked":["Self Repair"],"picked":"SKIP","floor":48.0},{"not_picked":["ReplayTheSpireMod:Chaos Vortex","hubris:Rewind"],"picked":"infinitespire:Punishment","floor":50.0},{"not_picked":[],"picked":"Electrodynamics","floor":50.0},{"not_picked":["Compile Driver+1"],"picked":"Leap","floor":52.0},{"not_picked":["Genetic Algorithm"],"picked":"Hello World","floor":55.0},{"not_picked":["Redo"],"picked":"ReplayTheSpireMod:Omega Cannon+1","floor":56.0},{"not_picked":["Steam"],"picked":"hubris:Ukulele+1","floor":57.0},{"not_picked":["Steam","Cold Snap+1"],"picked":"Loop","floor":61},{"not_picked":["Barrage+1","Time Bomb"],"picked":"Echo Form","floor":62},{"not_picked":["infinitespire:Collect","infinitespire:Starlight"],"picked":"infinitespire:Menacing","floor":63},{"not_picked":["Panic Button","Fusion"],"picked":"Rebound+1","floor":65},{"not_picked":["Reboot","Mirror Shield"],"picked":"Thunder Strike+1","floor":67},{"not_picked":["Turbo+1","Steam"],"picked":"Go for the Eyes+1","floor":69},{"not_picked":["Turbo","ReplayTheSpireMod:Repulse"],"picked":"Rip and Tear+1","floor":70},{"not_picked":["Hologram+1","Stack"],"picked":"Conserve Battery","floor":72},{"not_picked":["Ball Lightning+1","ReplayTheSpireMod:Repulse"],"picked":"Stack","floor":74},{"not_picked":["hubris:Prefetch","Cold Snap+1"],"picked":"hubris:Ukulele+1","floor":78},{"not_picked":["Beam Cell+1","Rip and Tear+1"],"picked":"Storm","floor":80},{"not_picked":["Sweeping Beam+1","ReplayTheSpireMod:Reroute Power+1"],"picked":"Capacitor","floor":82},{"not_picked":["Biased Cognition","ReplayTheSpireMod:Fabricate Wheel"],"picked":"Meteor Strike+1","floor":84},{"not_picked":["m_Survivalism","sneckomod:TailWhip"],"picked":"Slimebound:Split","floor":85},{"not_picked":["Fission","Biased Cognition"],"picked":"Rainbow","floor":85},{"not_picked":["Replay:SS_fish_2","Replay:SS_fish_3"],"picked":"Replay:Parry","floor":85},{"not_picked":["infinitespire:NeuralNetwork","ReplayTheSpireMod:Chaos Vortex"],"picked":"hubris:Rewind","floor":85},{"not_picked":["Reinforced Body+1","Streamline+1"],"picked":"Conserve Battery+1","floor":86},{"not_picked":["conspire:SharedLibrary","Darkness+1"],"picked":"Sweeping Beam+1","floor":87},{"not_picked":["Rebound+1","Hello World"],"picked":"Turbo+1","floor":89},{"not_picked":["Reinforced Body+1","Go for the Eyes+1"],"picked":"Gash+1","floor":90},{"not_picked":["Leap","Conserve Battery"],"picked":"Glacier+1","floor":91},{"not_picked":["Ball Lightning+1","Compile Driver+1"],"picked":"Chill","floor":95},{"not_picked":["Fusion+1","Cold Snap+1"],"picked":"Electrodynamics","floor":96},{"not_picked":["Rebound+1","Compile Driver+1"],"picked":"Panic Button+1","floor":98},{"not_picked":["Coolheaded+1","Redo+1"],"picked":"FIFO Queue+1","floor":98},{"not_picked":["Go for the Eyes+1","Beam Cell+1"],"picked":"Core Surge+1","floor":99},{"not_picked":["Hyperbeam+1","Mirror Shield"],"picked":"Thunder Strike+1","floor":101},{"not_picked":["Sweeping Beam+1","Static Discharge+1"],"picked":"FIFO Queue","floor":105},{"not_picked":["Mirror Shield","Core Surge+1"],"picked":"Creative AI","floor":106}],"player_experience":357469,"relics_obtained":[{"floor":4.0,"key":"Whetstone"},{"floor":9.0,"key":"Lantern"},{"floor":11.0,"key":"Snack Pack"},{"floor":24.0,"key":"Replay:Antivirus Software"},{"floor":26.0,"key":"Nunchaku"},{"floor":29.0,"key":"Replay:WaspNest"},{"floor":31.0,"key":"Replay:Ringing Soul"},{"floor":42.0,"key":"hubris:BallOfYels"},{"floor":43.0,"key":"Pen Nib"},{"floor":45.0,"key":"Toy Ornithopter"},{"floor":46.0,"key":"Molten Egg 2"},{"floor":48.0,"key":"Regal Pillow"},{"floor":48.0,"key":"ReplayTheSpireMod:Lightbulb"},{"floor":48.0,"key":"Membership Card"},{"floor":48.0,"key":"Anchor"},{"floor":48.0,"key":"Dream Catcher"},{"floor":48.0,"key":"Frozen Eye"},{"floor":57.0,"key":"Question Card"},{"floor":59.0,"key":"Replay:Baseball"},{"floor":60.0,"key":"Juzu Bracelet"},{"floor":62,"key":"infinitespire:Satchel"},{"floor":74,"key":"conspire:Dentures"},{"floor":74,"key":"Bronze Scales"},{"floor":77,"key":"Omamori"},{"floor":82,"key":"Pet Ghost"},{"floor":82,"key":"Replay:Bottled Flurry"},{"floor":83,"key":"hubris:GlazedTorus"},{"floor":91,"key":"DataDisk"},{"floor":91,"key":"War Paint"},{"floor":92,"key":"ReplayTheSpireMod:Ring of Exchange"},{"floor":92,"key":"Ring of Fury"},{"floor":94,"key":"Mercury Hourglass"},{"floor":95,"key":"hubris:CuriousFeather"},{"floor":97,"key":"Gremlin Food"},{"floor":98,"key":"Oddly Smooth Stone"},{"floor":99,"key":"hubris:TinFlute"},{"floor":99,"key":"hubris:TenFootPole"},{"floor":105,"key":"hubris:SoftwareUpdate"},{"floor":105,"key":"Grinning Jar"}],"event_choices":[{"damage_healed":0.0,"max_hp_gain":0.0,"max_hp_loss":0.0,"gold_gain":0.0,"event_name":"Ghosts","player_choice":"Ignored","floor":19.0,"gold_loss":0.0,"damage_taken":0.0},{"cards_removed":["Go for the Eyes"],"damage_healed":5.0,"max_hp_gain":0.0,"max_hp_loss":0.0,"gold_gain":0.0,"event_name":"Bonfire Elementals","player_choice":"Offered Common","floor":36.0,"gold_loss":0.0,"damage_taken":0.0},{"cards_removed":["Go for the Eyes"],"damage_healed":5.0,"max_hp_gain":0.0,"max_hp_loss":0.0,"gold_gain":0.0,"event_name":"Bonfire Elementals","player_choice":"Offered Special","floor":36.0,"gold_loss":0.0,"damage_taken":0.0},{"damage_healed":0.0,"max_hp_gain":0.0,"max_hp_loss":0.0,"gold_gain":0.0,"event_name":"Tomb of Lord Red Mask","player_choice":"Paid","floor":44.0,"gold_loss":105.0,"damage_taken":0.0,"relics_obtained":["Red Mask"]},{"damage_healed":0.0,"max_hp_gain":0.0,"max_hp_loss":0.0,"gold_gain":0.0,"event_name":"betterThird:BetterGoop","player_choice":"Slimed","floor":54.0,"gold_loss":22.0,"damage_taken":11.0},{"damage_healed":0,"gold_gain":0,"player_choice":"Read","damage_taken":0,"max_hp_gain":0,"max_hp_loss":0,"event_name":"The Library","floor":71,"gold_loss":0,"cards_obtained":["Sanctity"]},{"damage_healed":0,"gold_gain":0,"player_choice":"Inject Mutagens","damage_taken":0,"relics_obtained":["MutagenicStrength"],"max_hp_gain":0,"max_hp_loss":0,"event_name":"Drug Dealer","floor":73,"gold_loss":0},{"damage_healed":0,"gold_gain":0,"player_choice":"Dagger","damage_taken":6,"max_hp_gain":0,"max_hp_loss":0,"event_name":"betterThird:BetterNest","floor":81,"gold_loss":0,"cards_obtained":["RitualDagger"]},{"damage_healed":0,"gold_gain":0,"player_choice":"Rummage","damage_taken":0,"relics_obtained":["WarpedTongs"],"max_hp_gain":0,"max_hp_loss":0,"event_name":"Accursed Blacksmith","floor":88,"gold_loss":0,"cards_obtained":["Pain"]},{"damage_healed":0,"gold_gain":0,"player_choice":"Fight","damage_taken":0,"max_hp_gain":0,"max_hp_loss":0,"event_name":"Mysterious Sphere","floor":95,"gold_loss":0}],"is_beta":false,"boss_relics":[{"not_picked":["hubris:VirtuousBlindfold","Astrolabe"],"picked":"hubris:Backtick"},{"not_picked":["Replay:Drink Me","Ring of Chaos"],"picked":"Replay:Grab Bag"},{"not_picked":["conspire:RoyalGoblet","Replay:Wanted Poster"],"picked":"Cursed Key"},{"not_picked":["ReplayTheSpireMod:DimensionalGlitch","hubris:TerracottaHorce"],"picked":"Busted Crown"},{"not_picked":["Snecko Eye","hubris:BlackHole"],"picked":"SlaversCollar"},{"not_picked":["Replay:Ancient Bell","Philosopher\u0027s Stone"],"picked":"Honey Jar"},{"not_picked":["conspire:SeveredTorchhead","hubris:RunicObelisk"],"picked":"Black Star"},{"not_picked":["infinitespire:Cupcake","hubris:TerracottaHorce"],"picked":"ReplayTheSpireMod:SealedPack"},{"not_picked":["ClockworkSouvenir","Velvet Choker"],"picked":"Empty Cage"}],"items_purged_floors":[0,76,93],"is_endless":true,"potions_floor_spawned":[3,7,10,18,24,27,31,39,41,46,47,52,56,61,69,82,84,89,96,99,105],"ascension_level":7}}