{"host":"chv1qanoipyt46jc","time":1609901802,"event":{"mods":["2.2 Compatiblity","AchievementEnabler","BaseMod","BetterRewards","CapriCore","Card Filter","Evolution","Gold Saver","Grow up Mod","Minty Spire (QoL Compilation)","Rare Cards Sparkle","Relic Filter","Remove Card Discount Mod","Reorder Act Four","StSLib"],"gold_per_floor":[795,810,806,820,820,820,834,812,836,836,871,871,890,917,917,1012,1012,1029,1029,1052,1152,1167,1200,1216,1241,1241,1241,1269,1286,1286,1297,1297,1401,1401,1421,1435,1433,1484,1484,1512,1512,1539,1539,1574,1574,1584,1584,1601,1601,1601,1601,1601,1601,1627,1627],"floor_reached":56,"playtime":1142,"items_purged":["Strike_P","Strike_P","Strike_P","Strike_P","Defend_P","Defend_P","Defend_P","Defend_P","Eruption","SandsOfTime","Vigilance","DeusExMachina+1"],"score":1928,"play_id":"0971ba92-a11d-4d55-8b56-ea799ff66804","local_time":"20210105205642","is_ascension_mode":false,"campfire_choices":[{"data":"PathToVictory","floor":6,"key":"SMITH"},{"data":"PathToVictory","floor":10,"key":"SMITH"},{"data":"PathToVictory","floor":15,"key":"SMITH"},{"data":"PathToVictory","floor":27,"key":"SMITH"},{"floor":30,"key":"RECALL"},{"data":"DeusExMachina","floor":32,"key":"SMITH"}],"circlet_count":0,"master_deck":["PathToVictory+1","PathToVictory+1","PathToVictory+1","PathToVictory+1","PathToVictory+1"],"relics":["PureWater","EVO:Axolotl","Damaru","Medical Kit","Blue Candle","Vajra","Black Star","Juzu Bracelet","Strawberry","Calipers","Toxic Egg 2","Sundial","Prayer Wheel","Mummified Hand","Blood Vial","Coffee Dripper","Ginger","Lizard Tail","WingedGreaves","Bronze Scales","Frozen Egg 2","FossilizedHelix","Ornamental Fan","Boot","Mango","Art of War"],"acts_visited":["Exordium","TheCity","TheBeyond","TheEnding"],"potions_floor_usage":[44,55,55,55],"damage_taken":[{"damage":0,"enemies":"2 Louse","floor":1,"turns":1},{"damage":0,"enemies":"Cultist","floor":2,"turns":2},{"damage":0,"enemies":"Jaw Worm","floor":4,"turns":1},{"damage":0,"enemies":"Looter","floor":7,"turns":1},{"damage":0,"enemies":"Lagavulin","floor":11,"turns":2},{"damage":0,"enemies":"Lots of Slimes","floor":13,"turns":2},{"damage":0,"enemies":"Gremlin Nob","floor":14,"turns":1},{"damage":0,"enemies":"Hexaghost","floor":16,"turns":2},{"damage":0,"enemies":"Spheric Guardian","floor":18,"turns":2},{"damage":10,"enemies":"2 Thieves","floor":22,"turns":2},{"damage":12,"enemies":"Book of Stabbing","floor":23,"turns":2},{"damage":0,"enemies":"Snecko","floor":24,"turns":2},{"damage":22,"enemies":"Gremlin Leader","floor":25,"turns":2},{"damage":32,"enemies":"Slavers","floor":28,"turns":2},{"damage":0,"enemies":"Snake Plant","floor":29,"turns":1},{"damage":10,"enemies":"Chosen and Byrds","floor":31,"turns":2},{"damage":22,"enemies":"Automaton","floor":33,"turns":3},{"damage":7,"enemies":"3 Shapes","floor":35,"turns":2},{"damage":0,"enemies":"3 Darklings","floor":36,"turns":1},{"damage":25,"enemies":"2 Orb Walkers","floor":38,"turns":2},{"damage":13,"enemies":"Giant Head","floor":40,"turns":3},{"damage":0,"enemies":"Reptomancer","floor":42,"turns":2},{"damage":0,"enemies":"Giant Head","floor":44,"turns":2},{"damage":0,"enemies":"Sphere and 2 Shapes","floor":46,"turns":2},{"damage":0,"enemies":"Transient","floor":48,"turns":3},{"damage":0,"enemies":"Time Eater","floor":50,"turns":2},{"damage":7,"enemies":"Shield and Spear","floor":54,"turns":2},{"damage":115,"enemies":"The Heart","floor":55,"turns":4}],"seed_played":"771246887514513896","potions_obtained":[{"floor":1,"key":"Fire Potion"},{"floor":2,"key":"GamblersBrew"},{"floor":7,"key":"Dexterity Potion"},{"floor":22,"key":"Fire Potion"},{"floor":48,"key":"PowerPotion"}],"is_trial":false,"path_per_floor":["M","M","$","M","?","R","M","$","T","R","E","$","M","E","R","B",null,"M","?","T","?","M","E","M","E","T","R","E","M","R","M","R","B",null,"M","M","$","?","$","E","?","E","T","E","R","M","R","M","R","B",null,"$","R","E","B",null],"character_chosen":"WATCHER","items_purchased":["SandsOfTime","Damaru","PathToVictory","PathToVictory","Medical Kit","PathToVictory","PathToVictory"],"campfire_rested":0,"item_purchase_floors":[0,0,0,0,0,0,8],"current_hp_per_floor":[50,60,70,80,90,100,110,120,130,140,150,160,170,180,190,200,252,262,272,282,292,292,297,307,295,305,315,293,305,315,317,327,317,429,432,444,454,441,451,450,460,472,482,494,504,516,526,538,548,560,599,609,619,636,533],"gold":1627,"neow_bonus":"","is_daily":false,"chose_seed":false,"campfire_upgraded":5,"win_rate":0.0,"timestamp":1609901802,"path_taken":["M","M","$","M","?","R","M","?","T","R","E","$","M","E","R","BOSS","M","?","?","?","M","E","M","E","T","R","E","M","R","M","R","BOSS","M","M","?","?","?","E","?","E","T","E","R","M","R","M","R","BOSS","$","R","E","BOSS"],"items_purchased_type":["Card","Relic","Card","Card","Relic","Card","Card"],"build_version":"2020-12-22","purchased_purges":12,"victory":true,"max_hp_per_floor":[92,102,112,122,132,142,152,162,172,182,192,202,212,222,232,242,252,262,272,282,292,302,319,329,339,349,359,369,379,389,399,409,419,429,439,449,459,469,479,489,499,509,519,529,539,549,559,569,579,589,599,609,619,643,653],"card_choices":[{"not_picked":["BowlingBash","ClearTheMind","SashWhip"],"picked":"SKIP","floor":1},{"not_picked":["EmptyFist","Worship","Consecrate"],"picked":"SKIP","floor":2},{"not_picked":["ClearTheMind","DeceiveReality"],"picked":"DeusExMachina","floor":4},{"not_picked":["CutThroughFate","Consecrate","FlyingSleeves"],"picked":"SKIP","floor":7},{"not_picked":["Protect","InnerPeace","CrushJoints"],"picked":"SKIP","floor":11},{"not_picked":["WheelKick","Judgement","CarveReality"],"picked":"SKIP","floor":13},{"not_picked":["FlyingSleeves","Study","WreathOfFlame"],"picked":"SKIP","floor":14},{"not_picked":["Halt+1","EmptyFist","Pray"],"picked":"SKIP","floor":18},{"not_picked":["CutThroughFate","DeceiveReality"],"picked":"PathToVictory","floor":22},{"not_picked":["Halt","EmptyMind","WindmillStrike"],"picked":"SKIP","floor":23},{"not_picked":["Weave","ClearTheMind","EmptyMind"],"picked":"SKIP","floor":24},{"not_picked":["Collect+1","EmptyFist","Prostrate+1"],"picked":"SKIP","floor":25},{"not_picked":["JustLucky","SashWhip","WaveOfTheHand+1"],"picked":"SKIP","floor":28},{"not_picked":["Wireheading+1","EmptyBody+1","EmptyFist+1"],"picked":"SKIP","floor":29},{"not_picked":["ReachHeaven","LikeWater","Protect+1"],"picked":"SKIP","floor":29},{"not_picked":["EmptyBody+1","Consecrate+1","EmptyFist"],"picked":"SKIP","floor":31},{"not_picked":["WindmillStrike","Devotion","SashWhip"],"picked":"SKIP","floor":31},{"not_picked":["EmptyBody+1","Evaluate+1","ReachHeaven"],"picked":"SKIP","floor":35},{"not_picked":["FlyingSleeves+1","Tantrum","Study"],"picked":"SKIP","floor":35},{"not_picked":["Wireheading+1","ClearTheMind+1","Sanctity+1"],"picked":"SKIP","floor":36},{"not_picked":["BowlingBash+1","EmptyMind+1","FlyingSleeves"],"picked":"SKIP","floor":36},{"not_picked":["Wallop","Protect+1"],"picked":"PathToVictory+1","floor":38},{"not_picked":["FollowUp","FlurryOfBlows+1","Wallop+1"],"picked":"SKIP","floor":40},{"not_picked":["EmptyFist","Alpha+1","JustLucky+1"],"picked":"SKIP","floor":42},{"not_picked":["FlyingSleeves+1","Crescendo+1","CarveReality+1"],"picked":"SKIP","floor":44},{"not_picked":["EmptyBody+1","SignatureMove+1","Protect+1"],"picked":"SKIP","floor":46},{"not_picked":["Swivel+1","InnerPeace+1","Wireheading+1"],"picked":"SKIP","floor":46},{"not_picked":["JustLucky","Adaptation+1","Evaluate+1"],"picked":"SKIP","floor":48},{"not_picked":["ThirdEye+1","Protect+1","Adaptation+1"],"picked":"SKIP","floor":48},{"not_picked":["Protect+1","ClearTheMind+1","CarveReality+1"],"picked":"SKIP","floor":54}],"player_experience":290119,"relics_obtained":[{"floor":11,"key":"Blue Candle"},{"floor":14,"key":"Vajra"},{"floor":20,"key":"Juzu Bracelet"},{"floor":23,"key":"Strawberry"},{"floor":23,"key":"Calipers"},{"floor":25,"key":"Toxic Egg 2"},{"floor":25,"key":"Sundial"},{"floor":26,"key":"Prayer Wheel"},{"floor":28,"key":"Mummified Hand"},{"floor":28,"key":"Blood Vial"},{"floor":38,"key":"Ginger"},{"floor":40,"key":"Lizard Tail"},{"floor":40,"key":"WingedGreaves"},{"floor":42,"key":"Bronze Scales"},{"floor":42,"key":"Frozen Egg 2"},{"floor":43,"key":"FossilizedHelix"},{"floor":44,"key":"Ornamental Fan"},{"floor":44,"key":"Boot"},{"floor":54,"key":"Mango"},{"floor":54,"key":"Art of War"}],"event_choices":[{"damage_healed":0,"gold_gain":0,"player_choice":"Forge","damage_taken":0,"max_hp_gain":0,"max_hp_loss":0,"event_name":"Accursed Blacksmith","floor":5,"gold_loss":0,"cards_upgraded":["PathToVictory"]},{"damage_healed":0,"gold_gain":0,"player_choice":"Ignored","damage_taken":0,"max_hp_gain":0,"max_hp_loss":0,"event_name":"Vampires","floor":19,"gold_loss":0},{"damage_healed":0,"gold_gain":100,"player_choice":"Pray","damage_taken":0,"max_hp_gain":0,"max_hp_loss":0,"event_name":"Golden Shrine","floor":21,"gold_loss":0},{"damage_healed":0,"gold_gain":0,"player_choice":"Fight","damage_taken":0,"max_hp_gain":0,"max_hp_loss":0,"event_name":"Mysterious Sphere","floor":38,"gold_loss":0},{"cards_removed":["PathToVictory"],"damage_healed":0,"gold_gain":0,"player_choice":"Removed Skill","damage_taken":0,"max_hp_gain":0,"max_hp_loss":0,"event_name":"Falling","floor":41,"gold_loss":0}],"is_beta":false,"boss_relics":[{"not_picked":["Busted Crown","Calling Bell"],"picked":"Black Star"},{"not_picked":["Astrolabe","Empty Cage"],"picked":"Coffee Dripper"}],"items_purged_floors":[0,0,0,0,0,0,0,0,0,3,3,37],"is_endless":false,"potions_floor_spawned":[1,2,7,22,28,29,40,42,48],"ascension_level":0}}