{"host":"m77rrhbqzv44va4v","time":1609910233,"event":{"mods":["AchievementEnabler","BaseMod","Colored Map","DeckTracker","Keyboard Shortcuts","Minty Spire (QoL Compilation)","StSLib","SuperFastMode","everything is the same but u backflip on backflip"],"gold_per_floor":[115,135,135,151,168,197,197,211,211,211,211],"floor_reached":10,"playtime":233,"items_purged":[],"score":140,"play_id":"a5272909-cdbe-4aa2-8ea0-b3aea4eb5a58","local_time":"20210106141713","is_ascension_mode":true,"campfire_choices":[{"data":"Concentrate","floor":7.0,"key":"SMITH"}],"circlet_count":0,"master_deck":["AscendersBane","Strike_G","Strike_G","Strike_G","Strike_G","Defend_G","Defend_G","Defend_G","Defend_G","Defend_G","Survivor","Neutralize","Underhanded Strike","Blade Dance","PiercingWail","Corpse Explosion","Concentrate+1","Footwork"],"relics":["Ring of the Snake","Centennial Puzzle","CaptainsWheel"],"acts_visited":["Exordium"],"potions_floor_usage":[],"damage_taken":[{"damage":0.0,"enemies":"Small Slimes","floor":1.0,"turns":4.0},{"damage":6.0,"enemies":"Cultist","floor":2.0,"turns":4.0},{"damage":7.0,"enemies":"Jaw Worm","floor":4.0,"turns":6.0},{"damage":0.0,"enemies":"3 Louse","floor":5.0,"turns":4.0},{"damage":10.0,"enemies":"3 Sentries","floor":6.0,"turns":4.0},{"damage":0,"enemies":"Red Slaver","floor":8,"turns":4},{"damage":11,"enemies":"Gremlin Nob","floor":10,"turns":4}],"seed_played":"-7969187316418077874","potions_obtained":[{"floor":1.0,"key":"SneckoOil"},{"floor":5.0,"key":"Block Potion"}],"is_trial":false,"path_per_floor":["M","M","?","M","M","E","R","M","T","E"],"character_chosen":"THE_SILENT","items_purchased":[],"campfire_rested":0,"item_purchase_floors":[],"current_hp_per_floor":[56,50,50,43,43,33,33,33,33,22,22],"gold":211,"neow_bonus":"TWENTY_PERCENT_HP_BONUS","is_daily":false,"chose_seed":false,"campfire_upgraded":1,"win_rate":0.0,"timestamp":1609910233,"path_taken":["M","M","?","M","M","E","R","?","T","E"],"items_purchased_type":[],"build_version":"2020-12-22","purchased_purges":0,"victory":false,"max_hp_per_floor":[78,78,78,78,78,78,78,78,78,78,78],"card_choices":[{"not_picked":["Riddle With Holes","Dagger Throw"],"picked":"Underhanded Strike","floor":1.0},{"not_picked":["Expertise","Tactician"],"picked":"Blade Dance","floor":2.0},{"not_picked":["Cloak And Dagger","Quick Slash"],"picked":"PiercingWail","floor":4.0},{"not_picked":["Finisher","Outmaneuver"],"picked":"Corpse Explosion","floor":5.0},{"not_picked":["All Out Attack","Blur"],"picked":"Concentrate","floor":6.0},{"not_picked":["Crippling Poison","Dodge and Roll"],"picked":"Footwork","floor":8}],"player_experience":909031,"relics_obtained":[{"floor":6.0,"key":"Centennial Puzzle"},{"floor":9,"key":"CaptainsWheel"}],"event_choices":[{"cards_removed":["Strike_G"],"damage_healed":0.0,"max_hp_gain":0.0,"max_hp_loss":0.0,"gold_gain":0.0,"event_name":"Purifier","player_choice":"Purged","floor":3.0,"gold_loss":0.0,"damage_taken":0.0}],"is_beta":false,"boss_relics":[],"items_purged_floors":[],"is_endless":false,"potions_floor_spawned":[1,5],"killed_by":"Gremlin Nob","ascension_level":20}}