{"host":"4rvakrj1idbgia3f","time":1609934562,"event":{"mods":["BaseMod","Colored Map","Colored Powertips","DeckTracker","Highlight Path","Minty Spire (QoL Compilation)","Random Character Button","StSLib"],"gold_per_floor":[362,89,89,89,101,129,129,146,146,146,156,174,174,203,203,203,203],"floor_reached":16,"playtime":458,"items_purged":["Strike_R"],"score":220,"play_id":"1072d874-1cf7-4dbe-be87-fc3cee0dcd4c","local_time":"20210106210242","is_ascension_mode":true,"campfire_choices":[{"data":"Hemokinesis","floor":7,"key":"SMITH"},{"data":"Bash","floor":10,"key":"SMITH"},{"data":"Rupture","floor":13,"key":"SMITH"},{"data":"Brutality","floor":15,"key":"SMITH"}],"circlet_count":0,"master_deck":["AscendersBane","Strike_R+1","Strike_R","Strike_R","Strike_R","Defend_R","Defend_R","Defend_R","Defend_R","Bash+1","Hemokinesis+1","Shockwave+1","Shrug It Off","Battle Trance","Rupture+1","Brutality+1"],"relics":["Burning Blood","ClockworkSouvenir","Kunai","Tiny Chest","Bag of Marbles","TungstenRod"],"acts_visited":["Exordium"],"potions_floor_usage":[6,12],"damage_taken":[{"damage":2,"enemies":"2 Louse","floor":1,"turns":4},{"damage":4,"enemies":"Jaw Worm","floor":5,"turns":3},{"damage":13,"enemies":"Gremlin Nob","floor":6,"turns":4},{"damage":2,"enemies":"Cultist","floor":8,"turns":3},{"damage":9,"enemies":"Exordium Thugs","floor":11,"turns":5},{"damage":10,"enemies":"Exordium Wildlife","floor":12,"turns":3},{"damage":17,"enemies":"Lagavulin","floor":14,"turns":5},{"damage":11,"enemies":"Hexaghost","floor":16,"turns":7}],"seed_played":"-3029817845232549191","potions_obtained":[{"floor":5,"key":"Block Potion"},{"floor":11,"key":"Explosive Potion"},{"floor":14,"key":"Strength Potion"}],"is_trial":false,"path_per_floor":["M","$","?","?","M","E","R","M","T","R","M","M","R","E","R","B"],"character_chosen":"IRONCLAD","items_purchased":["Shockwave","ClockworkSouvenir"],"campfire_rested":0,"item_purchase_floors":[2,2],"current_hp_per_floor":[54,54,31,26,28,21,21,25,25,25,22,18,18,7,7,0,0],"gold":203,"neow_bonus":"TWO_FIFTY_GOLD","is_daily":false,"chose_seed":false,"campfire_upgraded":4,"win_rate":0.0,"timestamp":1609934562,"path_taken":["M","$","?","?","M","E","R","M","T","R","M","M","R","E","R","BOSS"],"items_purchased_type":["Card","Relic"],"build_version":"2020-12-22","purchased_purges":1,"victory":false,"max_hp_per_floor":[75,75,75,75,75,75,75,75,75,75,75,75,75,75,75,75,75],"card_choices":[{"not_picked":["Heavy Blade","Seeing Red"],"picked":"Hemokinesis","floor":1},{"not_picked":["Pommel Strike","Wild Strike"],"picked":"Shrug It Off","floor":5},{"not_picked":["Perfected Strike","Hemokinesis"],"picked":"Battle Trance","floor":6},{"not_picked":["Havoc","Body Slam","Reckless Charge"],"picked":"SKIP","floor":8},{"not_picked":["Shrug It Off","Clash"],"picked":"Rupture","floor":11},{"not_picked":["Warcry","Armaments"],"picked":"Brutality","floor":12},{"not_picked":["Clothesline","Anger","Seeing Red"],"picked":"SKIP","floor":14}],"player_experience":1955584,"relics_obtained":[{"floor":6,"key":"Tiny Chest"},{"floor":9,"key":"Bag of Marbles"},{"floor":14,"key":"TungstenRod"}],"event_choices":[{"damage_healed":0,"gold_gain":0,"player_choice":"Entered Light","damage_taken":23,"max_hp_gain":0,"max_hp_loss":0,"event_name":"Shining Light","floor":3,"gold_loss":0,"cards_upgraded":["Shockwave","Strike_R"]},{"damage_healed":0,"gold_gain":0,"player_choice":"Success","damage_taken":5,"relics_obtained":["Kunai"],"max_hp_gain":0,"max_hp_loss":0,"event_name":"Scrap Ooze","floor":4,"gold_loss":0}],"is_beta":false,"boss_relics":[],"items_purged_floors":[2],"is_endless":false,"potions_floor_spawned":[5,11,14],"killed_by":"Hexaghost","ascension_level":20}}