{"host":"4np54w3ai1r5lqo1","time":1609912095,"event":{"mods":["BaseMod","Colored Map","Minty Spire (QoL Compilation)","Quick Restart"],"gold_per_floor":[116,128,40,52,67,67,67,67,93,104,114,114,145,32,32,137,137,155,12,12,12,31,31,59,9,9,9,20,51,1,13,13,112,112,131,47,47,60,77,77,103,121,190,215,225,225,18,49,49,49,49,49,16,48,48,48],"floor_reached":55,"playtime":2553,"items_purged":["Strike_G","Strike_G","Strike_G","Strike_G"],"score":1282,"play_id":"7ddfb32b-6310-4527-86eb-8aa0bdfab1c9","local_time":"20210106034815","is_ascension_mode":true,"campfire_choices":[{"data":"Noxious Fumes","floor":6.0,"key":"SMITH"},{"data":"Noxious Fumes","floor":8.0,"key":"SMITH"},{"data":"Neutralize","floor":12.0,"key":"SMITH"},{"data":"Prepared","floor":15.0,"key":"SMITH"},{"data":"Expertise","floor":23.0,"key":"SMITH"},{"data":"Storm of Steel","floor":32.0,"key":"SMITH"},{"data":"Prepared","floor":40.0,"key":"SMITH"},{"data":"After Image","floor":46.0,"key":"SMITH"},{"floor":49.0,"key":"RECALL"},{"data":"Tactician","floor":52.0,"key":"SMITH"}],"circlet_count":0,"master_deck":["AscendersBane","Strike_G","Defend_G","Defend_G","Defend_G","Defend_G","Defend_G","Survivor","Neutralize+1","Prepared+1","Underhanded Strike","Blade Dance","Noxious Fumes+1","Noxious Fumes+1","Acrobatics","Sucker Punch","Leg Sweep","Infinite Blades","Storm of Steel+1","Choke+1","Blade Dance","Finisher","Expertise+1","PiercingWail","Dodge and Roll+1","Prepared+1","After Image+1","Prepared+1","Footwork","Acrobatics+1","Endless Agony+1","Tactician+1","Deflect","Blur+1","Calculated Gamble+1","Footwork","Prepared+1"],"relics":["Ring of the Snake","NeowsBlessing","Ornamental Fan","Centennial Puzzle","Meat on the Bone","WristBlade","DollysMirror","Smiling Mask","Mummified Hand","Enchiridion","Blood Vial","Sozu","Ancient Tea Set","Pocketwatch","PreservedInsect","Bottled Flame","Mercury Hourglass"],"acts_visited":["Exordium","TheCity","TheBeyond","TheEnding"],"potions_floor_usage":[55,55],"damage_taken":[{"damage":0.0,"enemies":"Cultist","floor":1.0,"turns":1.0},{"damage":0.0,"enemies":"Jaw Worm","floor":2.0,"turns":1.0},{"damage":0.0,"enemies":"Small Slimes","floor":4.0,"turns":1.0},{"damage":15.0,"enemies":"Gremlin Gang","floor":5.0,"turns":6.0},{"damage":1.0,"enemies":"Red Slaver","floor":10.0,"turns":4.0},{"damage":0.0,"enemies":"Large Slime","floor":11.0,"turns":5.0},{"damage":6.0,"enemies":"Lagavulin","floor":13.0,"turns":3.0},{"damage":29.0,"enemies":"The Guardian","floor":16.0,"turns":10.0},{"damage":7.0,"enemies":"3 Byrds","floor":18.0,"turns":4.0},{"damage":4.0,"enemies":"Chosen","floor":22.0,"turns":2.0},{"damage":21.0,"enemies":"Gremlin Leader","floor":24.0,"turns":6.0},{"damage":0.0,"enemies":"Centurion and Healer","floor":28.0,"turns":2.0},{"damage":2.0,"enemies":"Slavers","floor":29.0,"turns":3.0},{"damage":6.0,"enemies":"Snake Plant","floor":31.0,"turns":3.0},{"damage":32.0,"enemies":"Collector","floor":33.0,"turns":7.0},{"damage":5.0,"enemies":"3 Darklings","floor":35.0,"turns":4.0},{"damage":0.0,"enemies":"Orb Walker","floor":38.0,"turns":5.0},{"damage":13.0,"enemies":"Maw","floor":39.0,"turns":6.0},{"damage":0.0,"enemies":"Giant Head","floor":41.0,"turns":5.0},{"damage":0.0,"enemies":"Transient","floor":42.0,"turns":5.0},{"damage":12.0,"enemies":"Nemesis","floor":44.0,"turns":5.0},{"damage":8.0,"enemies":"3 Darklings","floor":45.0,"turns":3.0},{"damage":0.0,"enemies":"Giant Head","floor":48.0,"turns":5.0},{"damage":31.0,"enemies":"Awakened One","floor":50.0,"turns":15.0},{"damage":32.0,"enemies":"Shield and Spear","floor":54.0,"turns":7.0},{"damage":45,"enemies":"The Heart","floor":55,"turns":5}],"seed_played":"7853364627656937726","potions_obtained":[{"floor":4.0,"key":"EntropicBrew"},{"floor":13.0,"key":"Explosive Potion"},{"floor":16.0,"key":"EntropicBrew"},{"floor":18.0,"key":"SpeedPotion"}],"is_trial":false,"path_per_floor":["M","M","$","M","M","R","T","R","T","M","M","R","E","$","R","B",null,"M","$","?","?","M","R","E","$","T","?","M","E","?","M","R","B",null,"M","$","?","M","M","R","E","M","T","E","M","R","$","E","R","B",null,"R","$","E","B"],"character_chosen":"THE_SILENT","items_purchased":["Blade Dance","Noxious Fumes","Infinite Blades","DollysMirror","Footwork","PreservedInsect","Footwork"],"campfire_rested":0,"item_purchase_floors":[3,3,14,19,36,47,53],"current_hp_per_floor":[63,63,63,63,48,48,48,48,48,47,47,47,41,41,41,24,59,52,52,52,52,48,48,39,39,39,23,35,45,45,41,41,23,58,55,55,55,57,46,46,48,50,50,40,46,46,46,48,48,31,60,60,60,42,0,0],"gold":48,"neow_bonus":"THREE_ENEMY_KILL","is_daily":false,"chose_seed":false,"campfire_upgraded":9,"win_rate":0.0,"timestamp":1609912095,"path_taken":["M","?","$","M","M","R","?","R","T","M","M","R","E","$","R","BOSS","M","$","?","?","M","R","E","$","T","?","M","E","?","?","R","BOSS","M","?","?","M","M","R","E","M","T","E","M","R","$","E","R","BOSS","R","$","E","BOSS"],"items_purchased_type":["Card","Card","Card","Relic","Card","Relic","Card"],"build_version":"2020-12-22","purchased_purges":4,"victory":false,"max_hp_per_floor":[70,70,70,70,70,70,70,70,70,70,70,70,70,70,70,70,70,70,70,70,70,70,70,70,70,70,70,70,70,70,70,70,70,70,70,70,70,70,70,70,70,70,70,70,70,70,70,70,70,70,70,70,70,70,70,70],"card_choices":[{"not_picked":["Masterful Stab","Dagger Throw"],"picked":"Prepared","floor":1.0},{"not_picked":["Dagger Throw","Dagger Spray"],"picked":"Underhanded Strike","floor":2.0},{"not_picked":["Backstab","Deadly Poison"],"picked":"Noxious Fumes","floor":4.0},{"not_picked":["Dodge and Roll","Predator"],"picked":"Acrobatics","floor":5.0},{"not_picked":["PiercingWail","Backflip"],"picked":"Sucker Punch","floor":10.0},{"not_picked":["Skewer","Quick Slash","Flechettes"],"picked":"SKIP","floor":11.0},{"not_picked":["Dagger Throw","Dodge and Roll"],"picked":"Leg Sweep","floor":13.0},{"not_picked":["Die Die Die","Bullet Time"],"picked":"Storm of Steel","floor":16.0},{"not_picked":["Quick Slash","Poisoned Stab"],"picked":"Choke+1","floor":18.0},{"not_picked":["Dagger Throw+1","Dagger Spray"],"picked":"Expertise","floor":22.0},{"not_picked":["Backflip","Sucker Punch"],"picked":"PiercingWail","floor":24.0},{"not_picked":["Poisoned Stab","Wraith Form v2"],"picked":"Dodge and Roll+1","floor":28.0},{"not_picked":["Well Laid Plans","Acrobatics"],"picked":"Prepared+1","floor":29.0},{"not_picked":["Finisher","Flying Knee","Cloak And Dagger"],"picked":"SKIP","floor":31.0},{"not_picked":["Glass Knife","Bullet Time"],"picked":"After Image","floor":33.0},{"not_picked":["Bane+1","Flying Knee+1"],"picked":"Prepared","floor":35.0},{"not_picked":["Poisoned Stab+1","Dodge and Roll"],"picked":"Acrobatics+1","floor":38.0},{"not_picked":["Slice","Quick Slash"],"picked":"Endless Agony+1","floor":39.0},{"not_picked":["Dagger Spray+1","Setup+1"],"picked":"Tactician","floor":41.0},{"not_picked":["Poisoned Stab+1","Choke"],"picked":"Deflect","floor":42.0},{"not_picked":["Flechettes","Venomology"],"picked":"Blur+1","floor":44.0},{"not_picked":["Skewer+1","Caltrops+1","Dagger Spray+1"],"picked":"SKIP","floor":45.0},{"not_picked":["Wraith Form v2","Flying Knee"],"picked":"Calculated Gamble+1","floor":48.0},{"not_picked":["Caltrops+1","Dagger Spray"],"picked":"Prepared+1","floor":54.0}],"player_experience":480717,"relics_obtained":[{"floor":7.0,"key":"Ornamental Fan"},{"floor":9.0,"key":"Centennial Puzzle"},{"floor":13.0,"key":"Meat on the Bone"},{"floor":24.0,"key":"Smiling Mask"},{"floor":26.0,"key":"Mummified Hand"},{"floor":27.0,"key":"Enchiridion"},{"floor":29.0,"key":"Blood Vial"},{"floor":41.0,"key":"Ancient Tea Set"},{"floor":44.0,"key":"Pocketwatch"},{"floor":48.0,"key":"Bottled Flame"},{"floor":54.0,"key":"Mercury Hourglass"}],"event_choices":[{"damage_healed":0.0,"max_hp_gain":0.0,"max_hp_loss":0.0,"gold_gain":0.0,"event_name":"Ghosts","player_choice":"Ignored","floor":20.0,"gold_loss":0.0,"damage_taken":0.0},{"damage_healed":0.0,"max_hp_gain":0.0,"max_hp_loss":0.0,"gold_gain":0.0,"event_name":"The Library","player_choice":"Read","floor":21.0,"gold_loss":0.0,"damage_taken":0.0,"cards_obtained":["Finisher"]},{"damage_healed":0.0,"max_hp_gain":0.0,"max_hp_loss":0.0,"gold_gain":0.0,"event_name":"Cursed Tome","player_choice":"Obtained Book","floor":27.0,"gold_loss":0.0,"damage_taken":16.0},{"damage_healed":0.0,"max_hp_gain":0.0,"max_hp_loss":0.0,"gold_gain":0.0,"event_name":"The Joust","player_choice":"Bet on Murderer","floor":30.0,"gold_loss":50.0,"damage_taken":0.0},{"damage_healed":0.0,"max_hp_gain":0.0,"max_hp_loss":0.0,"gold_gain":0.0,"event_name":"Lab","player_choice":"Got Potions","floor":37.0,"gold_loss":0.0,"damage_taken":0.0}],"is_beta":false,"boss_relics":[{"not_picked":["Pandora\u0027s Box","Runic Dome"],"picked":"WristBlade"},{"not_picked":["Black Star","Tiny House"],"picked":"Sozu"}],"items_purged_floors":[14,25,36,47],"is_endless":false,"potions_floor_spawned":[4,10,13,16,18,29,31,38,41],"killed_by":"The Heart","ascension_level":11}}