{"host":"yvb207ks1sg3cxef","time":1609945367,"event":{"mods":["2.2 Compatiblity","BaseMod","Bestiary","Colored Powertips","Minty Spire (QoL Compilation)","Permanent Neow","Quick Restart","Relic Stats","StSLib"],"gold_per_floor":[112,131,142,162,237,237,270,287,287,315,334,359,359,57,57,160,160,170,187,187,187,201,234,234,249,249,249,284,300,335,335,335,438,438,455,470,470,377,377,377,404,420,420,420,43,73,73,73,73,73,73],"floor_reached":50,"playtime":3339,"items_purged":["Strike_P","Strike_P+1"],"score":795,"play_id":"84958ee1-0ff1-4708-8cfb-d3c3090d10a0","local_time":"20210106203247","is_ascension_mode":true,"campfire_choices":[{"data":"ThirdEye","floor":6.0,"key":"SMITH"},{"data":"Perseverance","floor":13.0,"key":"SMITH"},{"data":"Fasting2","floor":15.0,"key":"SMITH"},{"data":"Blasphemy","floor":24.0,"key":"SMITH"},{"data":"Evaluate","floor":27.0,"key":"SMITH"},{"data":"RitualDagger","floor":32.0,"key":"SMITH"},{"data":"Crescendo","floor":40,"key":"SMITH"},{"data":"SashWhip","floor":44,"key":"SMITH"},{"floor":47,"key":"RECALL"},{"floor":49,"key":"REST"}],"circlet_count":0,"master_deck":["Strike_P+1","Strike_P+1","Defend_P+1","Defend_P+1","Defend_P+1","Defend_P+1","Eruption+1","Vigilance+1","LessonLearned+1","Consecrate+1","ThirdEye+1","Study+1","ClearTheMind+1","Perseverance+1","Consecrate+1","Evaluate+1","Fasting2+1","Blasphemy+1","CrushJoints+1","LikeWater+1","CutThroughFate+1","Evaluate+1","Crescendo+1","WheelKick+1","Study+1","RitualDagger+1","SpiritShield+1","TalkToTheHand+1","SashWhip+1","FearNoEvil+1","Crescendo+1","FlurryOfBlows+1","ThirdEye+1","FearNoEvil+1"],"relics":["PureWater","Tiny Chest","Letter Opener","Pantograph","Odd Mushroom","OrangePellets","SacredBark","Prayer Wheel","White Beast Statue","Meat on the Bone","Pen Nib","Du-Vu Doll","VioletLotus","Ice Cream","The Courier","Potion Belt","Blood Vial","Oddly Smooth Stone","Gremlin Horn"],"acts_visited":["Exordium","TheCity","TheBeyond"],"potions_floor_usage":[41,50,50],"damage_taken":[{"damage":0.0,"enemies":"Jaw Worm","floor":1.0,"turns":4.0},{"damage":0.0,"enemies":"Cultist","floor":2.0,"turns":2.0},{"damage":3.0,"enemies":"2 Louse","floor":3.0,"turns":4.0},{"damage":0.0,"enemies":"Looter","floor":4.0,"turns":3.0},{"damage":14.0,"enemies":"3 Sentries","floor":7.0,"turns":7.0},{"damage":1.0,"enemies":"3 Louse","floor":8.0,"turns":4.0},{"damage":3.0,"enemies":"Lagavulin","floor":10.0,"turns":7.0},{"damage":0.0,"enemies":"Blue Slaver","floor":11.0,"turns":5.0},{"damage":9.0,"enemies":"The Mushroom Lair","floor":12.0,"turns":4.0},{"damage":27.0,"enemies":"The Guardian","floor":16.0,"turns":11.0},{"damage":6.0,"enemies":"3 Byrds","floor":18.0,"turns":6.0},{"damage":9.0,"enemies":"Shell Parasite","floor":19.0,"turns":9.0},{"damage":21.0,"enemies":"Shelled Parasite and Fungi","floor":22.0,"turns":8.0},{"damage":20.0,"enemies":"Slavers","floor":23.0,"turns":7.0},{"damage":24.0,"enemies":"Snake Plant","floor":25.0,"turns":5.0},{"damage":4.0,"enemies":"Gremlin Leader","floor":28.0,"turns":7.0},{"damage":2.0,"enemies":"3 Cultists","floor":29.0,"turns":4.0},{"damage":24.0,"enemies":"Slavers","floor":30.0,"turns":4.0},{"damage":43.0,"enemies":"Automaton","floor":33.0,"turns":8.0},{"damage":1.0,"enemies":"Orb Walker","floor":35.0,"turns":3.0},{"damage":25.0,"enemies":"3 Darklings","floor":36.0,"turns":4.0},{"damage":2,"enemies":"Nemesis","floor":41,"turns":3},{"damage":8,"enemies":"Maw","floor":42,"turns":6},{"damage":6,"enemies":"Giant Head","floor":46,"turns":7},{"damage":124,"enemies":"Time Eater","floor":50,"turns":10}],"seed_played":"-8815689201203109998","potions_obtained":[{"floor":3.0,"key":"BlessingOfTheForge"},{"floor":8.0,"key":"SneckoOil"},{"floor":10.0,"key":"FairyPotion"},{"floor":11.0,"key":"Ancient Potion"},{"floor":22.0,"key":"Ancient Potion"},{"floor":23.0,"key":"Explosive Potion"},{"floor":25.0,"key":"Regen Potion"},{"floor":28.0,"key":"Fire Potion"},{"floor":29.0,"key":"SteroidPotion"},{"floor":30.0,"key":"Ambrosia"},{"floor":33.0,"key":"GamblersBrew"},{"floor":35.0,"key":"Fire Potion"},{"floor":41,"key":"SteroidPotion"},{"floor":42,"key":"Fruit Juice"},{"floor":46,"key":"BottledMiracle"}],"is_trial":false,"path_per_floor":["M","M","M","M","?","R","E","M","T","E","M","?","R","$","R","B",null,"M","M","?","T","M","E","R","M","T","R","E","M","E","?","R","B",null,"M","M","?","?","T","R","E","M","T","R","$","E","R","?","R","B"],"character_chosen":"WATCHER","items_purchased":["OrangePellets","Fasting2","Blood Vial","Oddly Smooth Stone","Regen Potion"],"campfire_rested":1,"item_purchase_floors":[14,14,45,45,45],"current_hp_per_floor":[65,65,62,62,56,56,42,41,41,38,38,29,29,29,29,27,56,50,41,41,41,20,39,39,15,15,15,56,54,42,36,36,30,56,55,42,42,42,42,42,40,44,44,44,44,40,40,40,59,0,0],"gold":73,"neow_bonus":"THREE_RARE_CARDS","is_daily":false,"chose_seed":false,"campfire_upgraded":8,"win_rate":0.0,"timestamp":1609945367,"path_taken":["M","M","M","M","?","R","E","M","T","E","?","?","R","$","R","BOSS","M","M","?","?","M","E","R","M","T","R","E","M","E","?","R","BOSS","M","M","?","?","?","R","E","M","T","R","$","E","R","?","R","BOSS"],"items_purchased_type":["Relic","Card","Relic","Relic","Potion"],"build_version":"2020-12-22","purchased_purges":2,"victory":false,"max_hp_per_floor":[65,65,65,65,65,65,65,65,65,65,65,65,65,65,65,65,65,65,65,65,65,65,65,65,65,65,65,65,65,65,65,65,65,65,65,65,65,65,65,65,65,65,65,65,65,65,65,65,65,75,75],"relic_stats":{"Blood Vial":4,"OrangePellets":[21],"Gremlin Horn":[0,0],"counters":[25,142],"Pantograph":54,"Tiny Chest":2,"Prayer Wheel":6,"Pen Nib":[9],"VioletLotus":[11],"Letter Opener":[395],"obtain_stats":[{"Ice Cream":38,"Potion Belt":43,"Gremlin Horn":46,"SacredBark":17,"Oddly Smooth Stone":45,"Pen Nib":28,"The Courier":41,"Letter Opener":9,"Odd Mushroom":12,"White Beast Statue":23,"Du-Vu Doll":30,"Blood Vial":45,"OrangePellets":14,"Pantograph":10,"Tiny Chest":7,"Prayer Wheel":21,"VioletLotus":34,"PureWater":0,"Meat on the Bone":26},{"Ice Cream":21,"Potion Belt":23,"Gremlin Horn":24,"SacredBark":10,"Oddly Smooth Stone":23,"Pen Nib":16,"The Courier":22,"Letter Opener":6,"Odd Mushroom":9,"White Beast Statue":14,"Du-Vu Doll":18,"Blood Vial":23,"OrangePellets":9,"Pantograph":7,"Tiny Chest":5,"Prayer Wheel":12,"VioletLotus":19,"PureWater":0,"Meat on the Bone":15},{"Ice Cream":116,"Potion Belt":125,"Gremlin Horn":132,"SacredBark":51,"Oddly Smooth Stone":125,"Pen Nib":93,"The Courier":119,"Letter Opener":24,"Odd Mushroom":40,"White Beast Statue":81,"Du-Vu Doll":101,"Blood Vial":125,"OrangePellets":40,"Pantograph":31,"Tiny Chest":20,"Prayer Wheel":66,"VioletLotus":109,"PureWater":0,"Meat on the Bone":86}],"Meat on the Bone":48},"card_choices":[{"not_picked":["Brilliance","DevaForm"],"picked":"LessonLearned","floor":0.0},{"not_picked":["ForeignInfluence","Halt"],"picked":"Consecrate","floor":1.0},{"not_picked":["Crescendo","FlyingSleeves"],"picked":"ThirdEye","floor":2.0},{"not_picked":["WreathOfFlame","FlyingSleeves"],"picked":"Study","floor":3.0},{"not_picked":["ForeignInfluence","Conclude"],"picked":"ClearTheMind","floor":4.0},{"not_picked":["BowlingBash","InnerPeace"],"picked":"Perseverance","floor":7.0},{"not_picked":["FlyingSleeves","Prostrate"],"picked":"Consecrate","floor":8.0},{"not_picked":["SignatureMove","Crescendo","PathToVictory"],"picked":"SKIP","floor":10.0},{"not_picked":["SignatureMove","Crescendo","PathToVictory"],"picked":"SKIP","floor":10.0},{"not_picked":["Swivel","FlyingSleeves","PathToVictory"],"picked":"SKIP","floor":11.0},{"not_picked":["Protect","Collect"],"picked":"Evaluate","floor":12.0},{"not_picked":["Wish","Judgement"],"picked":"Blasphemy","floor":16.0},{"not_picked":["JustLucky","EmptyMind"],"picked":"CrushJoints+1","floor":18.0},{"not_picked":["EmptyBody","EmptyFist","FlurryOfBlows"],"picked":"SKIP","floor":19.0},{"not_picked":["CrushJoints","SashWhip"],"picked":"CutThroughFate+1","floor":22.0},{"not_picked":["Omniscience","ClearTheMind","ThirdEye+1"],"picked":"SKIP","floor":22.0},{"not_picked":["ConjureBlade","Swivel","Nirvana"],"picked":"SKIP","floor":23.0},{"not_picked":["Prostrate","Wallop"],"picked":"Evaluate+1","floor":25.0},{"not_picked":["BattleHymn+1","Evaluate"],"picked":"Crescendo+1","floor":25.0},{"not_picked":["EmptyFist","PathToVictory+1","Judgement"],"picked":"SKIP","floor":28.0},{"not_picked":["Swivel","EmptyBody+1"],"picked":"WheelKick+1","floor":29.0},{"not_picked":["Wallop","Swivel+1","BattleHymn"],"picked":"SKIP","floor":29.0},{"not_picked":["ConjureBlade","Evaluate"],"picked":"Study+1","floor":30.0},{"not_picked":["Ragnarok","ConjureBlade"],"picked":"SpiritShield","floor":33.0},{"not_picked":["EmptyFist+1","CutThroughFate+1"],"picked":"TalkToTheHand+1","floor":35.0},{"not_picked":["Indignation","Wallop+1"],"picked":"SashWhip","floor":35.0},{"not_picked":["CrushJoints","Collect+1"],"picked":"FearNoEvil+1","floor":36.0},{"not_picked":["WreathOfFlame+1","Worship"],"picked":"Crescendo","floor":36.0},{"not_picked":["Protect","EmptyFist"],"picked":"FlurryOfBlows+1","floor":41},{"not_picked":["Prostrate","Worship"],"picked":"ThirdEye+1","floor":42},{"not_picked":["EmptyBody","SandsOfTime","PathToVictory"],"picked":"SKIP","floor":42},{"not_picked":["ReachHeaven+1","Evaluate+1"],"picked":"FearNoEvil+1","floor":46}],"player_experience":302877,"relics_obtained":[{"floor":7.0,"key":"Tiny Chest"},{"floor":9.0,"key":"Letter Opener"},{"floor":10.0,"key":"Pantograph"},{"floor":12.0,"key":"Odd Mushroom"},{"floor":21.0,"key":"Prayer Wheel"},{"floor":23.0,"key":"White Beast Statue"},{"floor":26.0,"key":"Meat on the Bone"},{"floor":28.0,"key":"Pen Nib"},{"floor":30.0,"key":"Du-Vu Doll"},{"floor":41,"key":"The Courier"},{"floor":43,"key":"Potion Belt"},{"floor":46,"key":"Gremlin Horn"}],"event_choices":[{"damage_healed":0.0,"max_hp_gain":0.0,"max_hp_loss":0.0,"gold_gain":75.0,"event_name":"FaceTrader","player_choice":"Touch","floor":5.0,"gold_loss":0.0,"damage_taken":6.0},{"damage_healed":0.0,"max_hp_gain":0.0,"max_hp_loss":0.0,"gold_gain":0.0,"event_name":"Mushrooms","player_choice":"Fought Mushrooms","floor":12.0,"gold_loss":0.0,"damage_taken":0.0},{"damage_healed":0.0,"max_hp_gain":0.0,"max_hp_loss":0.0,"gold_gain":0.0,"event_name":"The Library","player_choice":"Read","floor":20.0,"gold_loss":0.0,"damage_taken":0.0,"cards_obtained":["LikeWater"]},{"damage_healed":0.0,"max_hp_gain":0.0,"max_hp_loss":0.0,"gold_gain":0.0,"event_name":"Nest","player_choice":"Joined the Cult","floor":31.0,"gold_loss":0.0,"damage_taken":6.0,"cards_obtained":["RitualDagger"]},{"damage_healed":0,"gold_gain":0,"player_choice":"Ignored","damage_taken":0,"max_hp_gain":0,"max_hp_loss":0,"event_name":"Tomb of Lord Red Mask","floor":37,"gold_loss":0},{"damage_healed":0,"gold_gain":0,"player_choice":"Paid Gold","damage_taken":0,"relics_obtained":["Ice Cream"],"max_hp_gain":0,"max_hp_loss":0,"event_name":"WeMeetAgain","floor":38,"gold_loss":93},{"damage_healed":0,"gold_gain":0,"player_choice":"Bought 0 Potions","damage_taken":0,"max_hp_gain":0,"max_hp_loss":0,"event_name":"The Woman in Blue","floor":48,"gold_loss":0}],"is_beta":false,"boss_relics":[{"not_picked":["Snecko Eye","Sozu"],"picked":"SacredBark"},{"not_picked":["Runic Dome","Black Star"],"picked":"VioletLotus"}],"items_purged_floors":[14,45],"is_endless":false,"potions_floor_spawned":[3,8,10,11,16,22,23,25,28,29,30,33,35,36,41,42,46],"killed_by":"Time Eater","ascension_level":8}}