{"host":"3ek78t4i81ecmdy1","time":1609897430,"event":{"mods":["2.2 Compatiblity","AchievementEnabler","BaseMod","Colored Map","DeckTracker","Filter the Spire","Keyboard Shortcuts","Minty Spire (QoL Compilation)","Permanent Neow","Quick Restart","SuperFastMode","everything is the same but u backflip on backflip"],"gold_per_floor":[363,44,77,132,169,258,258,310,310,310,342,361,0,75,75,177,177,212,3,102,102,117,117,117],"floor_reached":23,"playtime":900,"items_purged":["Strike_R","Battle Trance"],"score":209,"play_id":"2ddeb5c0-9ef9-413d-a74d-3f5b1e8c6d41","local_time":"20210106104350","is_ascension_mode":false,"campfire_choices":[{"data":"Infernal Blade","floor":7,"key":"SMITH"},{"data":"Flex","floor":10,"key":"SMITH"},{"data":"True Grit","floor":15,"key":"SMITH"}],"circlet_count":0,"master_deck":["Bash","Infernal Blade+1","HandOfGreed","Flex+1","Flex","Rage","Heavy Blade","Rupture","Feel No Pain","Iron Wave","True Grit+1","Warcry","Trip","Shrug It Off","Armaments","Good Instincts","Juggernaut","Spot Weakness","Barricade","Disarm","Heavy Blade","Flame Barrier","Burning Pact","Cleave","Armaments+1","Reaper"],"relics":["Burning Blood","ClockworkSouvenir","Magic Flower","The Courier","Meat on the Bone","White Beast Statue","Membership Card","Juzu Bracelet","Pandora\u0027s Box","Self Forming Clay","MutagenicStrength"],"acts_visited":["Exordium","TheCity"],"potions_floor_usage":[16,16,18,18],"damage_taken":[{"damage":1,"enemies":"Jaw Worm","floor":1,"turns":3},{"damage":1,"enemies":"Cultist","floor":3,"turns":4},{"damage":5,"enemies":"Small Slimes","floor":4,"turns":4},{"damage":2,"enemies":"Blue Slaver","floor":5,"turns":2},{"damage":26,"enemies":"3 Sentries","floor":6,"turns":10},{"damage":12,"enemies":"Lagavulin","floor":8,"turns":5},{"damage":10,"enemies":"Gremlin Nob","floor":11,"turns":3},{"damage":10,"enemies":"Red Slaver","floor":12,"turns":4},{"damage":37,"enemies":"The Guardian","floor":16,"turns":12},{"damage":10,"enemies":"2 Thieves","floor":18,"turns":3},{"damage":21,"enemies":"Chosen","floor":22,"turns":7},{"damage":63,"enemies":"Slavers","floor":23,"turns":7}],"seed_played":"-1800511809804980417","potions_obtained":[{"floor":1,"key":"Energy Potion"},{"floor":6,"key":"GamblersBrew"},{"floor":8,"key":"GamblersBrew"},{"floor":11,"key":"DistilledChaos"},{"floor":16,"key":"Swift Potion"},{"floor":18,"key":"SkillPotion"},{"floor":22,"key":"Fire Potion"}],"is_trial":false,"path_per_floor":["M","$","M","M","M","E","R","E","T","R","E","M","$","?","R","B",null,"M","$","?","?","M","E"],"character_chosen":"IRONCLAD","items_purchased":["ClockworkSouvenir","HandOfGreed","Membership Card","True Grit","Warcry","Trip","Shrug It Off","Juzu Bracelet","Armaments","Good Instincts","Reaper","Self Forming Clay"],"campfire_rested":0,"item_purchase_floors":[2,2,13,13,13,13,13,13,13,13,19,19],"current_hp_per_floor":[72,72,72,72,72,52,52,49,49,49,48,47,47,40,40,30,72,71,71,71,71,70,7,7],"gold":117,"neow_bonus":"TWO_FIFTY_GOLD","is_daily":false,"chose_seed":false,"campfire_upgraded":3,"win_rate":0.0,"timestamp":1609897430,"path_taken":["M","$","M","M","M","E","R","E","T","R","E","M","$","?","R","BOSS","M","$","?","?","M","E"],"items_purchased_type":["Relic","Card","Relic","Card","Card","Card","Card","Relic","Card","Card","Card","Relic"],"build_version":"2020-12-22","purchased_purges":2,"victory":false,"max_hp_per_floor":[72,72,72,72,72,72,72,72,72,72,72,72,72,72,72,72,72,72,72,72,72,72,72,72],"card_choices":[{"not_picked":["Evolve","Havoc"],"picked":"Infernal Blade","floor":1},{"not_picked":["Rampage","Thunderclap"],"picked":"Flex","floor":3},{"not_picked":["Dual Wield","Sever Soul"],"picked":"Flex","floor":4},{"not_picked":["Combust","Perfected Strike"],"picked":"Rage","floor":5},{"not_picked":["Juggernaut","Sword Boomerang"],"picked":"Heavy Blade","floor":6},{"not_picked":["Pommel Strike","Thunderclap"],"picked":"Rupture","floor":8},{"not_picked":["Pommel Strike","Sever Soul"],"picked":"Feel No Pain","floor":11},{"not_picked":["Hemokinesis","Second Wind"],"picked":"Iron Wave","floor":12},{"not_picked":["Immolate","Double Tap"],"picked":"Juggernaut","floor":16},{"not_picked":["Clash","Second Wind"],"picked":"Armaments+1","floor":18},{"not_picked":["True Grit","Anger","Power Through"],"picked":"SKIP","floor":22}],"player_experience":47461,"relics_obtained":[{"floor":6,"key":"Magic Flower"},{"floor":8,"key":"The Courier"},{"floor":9,"key":"Meat on the Bone"},{"floor":11,"key":"White Beast Statue"}],"event_choices":[{"damage_healed":0,"gold_gain":75,"player_choice":"Touch","damage_taken":7,"max_hp_gain":0,"max_hp_loss":0,"event_name":"FaceTrader","floor":14,"gold_loss":0},{"damage_healed":0,"gold_gain":99,"player_choice":"Stole From Cult","damage_taken":0,"max_hp_gain":0,"max_hp_loss":0,"event_name":"Nest","floor":20,"gold_loss":0},{"damage_healed":0,"gold_gain":0,"player_choice":"Inject Mutagens","damage_taken":0,"relics_obtained":["MutagenicStrength"],"max_hp_gain":0,"max_hp_loss":0,"event_name":"Drug Dealer","floor":21,"gold_loss":0}],"is_beta":false,"boss_relics":[{"not_picked":["Empty Cage","Ectoplasm"],"picked":"Pandora\u0027s Box"}],"items_purged_floors":[13,19],"is_endless":false,"potions_floor_spawned":[1,6,8,11,12,16,18,22],"killed_by":"Slavers","ascension_level":0}}