{"host":"1a3cjta80tad0aqj","time":1609919882,"event":{"mods":["2.2 Compatiblity","AchievementEnabler","BaseMod","Colored Map","DeckTracker","KOR Keyword Fix","Keyboard Shortcuts","Minty Spire (QoL Compilation)","Permanent Neow","Quick Restart","Random Character Button","StSLib","SuperFastMode","everything is the same but u backflip on backflip"],"gold_per_floor":[111,121,121,6,81,116,116,129,200,200,215,242,255,286,286,390,390,400,99,114,124,24,24,49,61,96,108,220,247,259,286,298,310,310],"floor_reached":33,"playtime":2043,"items_purged":["Defend_B","Strike_B"],"score":310,"play_id":"64f2d6e3-2cdd-40b4-9e72-9356aa5e83fa","local_time":"20210106165802","is_ascension_mode":false,"campfire_choices":[{"floor":7.0,"key":"REST"},{"floor":15,"key":"REST"},{"data":"Dualcast","floor":23,"key":"SMITH"},{"data":"Melter","floor":25,"key":"SMITH"},{"data":"Ball Lightning","floor":27,"key":"SMITH"},{"data":"Seek","floor":32,"key":"SMITH"}],"circlet_count":0,"master_deck":["Strike_B","Strike_B","Strike_B","Defend_B+1","Defend_B","Defend_B","Zap","Dualcast+1","Turbo","Steam","Genetic Algorithm+1","Melter+1","Aggregate","Lockon","Cold Snap","Ball Lightning+1","Hologram","Auto Shields+1","FTL","Chill","Seek+1","CurseOfTheBell","Beam Cell","Sweeping Beam","Leap","FTL+1","Reboot","Darkness+1"],"relics":["Cracked Core","Centennial Puzzle","Dream Catcher","Ornamental Fan","Blue Candle","HornCleat","Calling Bell","War Paint","Singing Bowl","Emotion Chip","Akabeko","MawBank","MealTicket","Girya","Symbiotic Virus","Nloth\u0027s Gift"],"acts_visited":["Exordium","TheCity"],"potions_floor_usage":[12,14,14,24,24,28],"damage_taken":[{"damage":0.0,"enemies":"Small Slimes","floor":1.0,"turns":1.0},{"damage":0.0,"enemies":"Jaw Worm","floor":2.0,"turns":1.0},{"damage":0.0,"enemies":"Gremlin Nob","floor":6.0,"turns":1.0},{"damage":9.0,"enemies":"Cultist","floor":8.0,"turns":4.0},{"damage":6.0,"enemies":"Red Slaver","floor":11.0,"turns":2.0},{"damage":12,"enemies":"3 Sentries","floor":12,"turns":7},{"damage":12,"enemies":"3 Louse","floor":13,"turns":3},{"damage":1,"enemies":"Lagavulin","floor":14,"turns":6},{"damage":33,"enemies":"Hexaghost","floor":16,"turns":13},{"damage":0,"enemies":"Spheric Guardian","floor":18,"turns":2},{"damage":2,"enemies":"Chosen","floor":20,"turns":4},{"damage":0,"enemies":"Sentry and Sphere","floor":21,"turns":3},{"damage":4,"enemies":"Slavers","floor":24,"turns":5},{"damage":4,"enemies":"Colosseum Slavers","floor":28,"turns":3},{"damage":0,"enemies":"Colosseum Nobs","floor":28,"turns":5},{"damage":0,"enemies":"Shelled Parasite and Fungi","floor":29,"turns":6},{"damage":11,"enemies":"Centurion and Healer","floor":31,"turns":4},{"damage":60,"enemies":"Collector","floor":33,"turns":8}],"seed_played":"762872007349257405","potions_obtained":[{"floor":2.0,"key":"PowerPotion"},{"floor":8.0,"key":"SpeedPotion"},{"floor":11.0,"key":"Strength Potion"},{"floor":13,"key":"Strength Potion"},{"floor":16,"key":"LiquidBronze"},{"floor":18,"key":"EssenceOfSteel"},{"floor":29,"key":"SpeedPotion"}],"is_trial":false,"path_per_floor":["M","M","?","$","?","E","R","M","T","?","M","E","M","E","R","B",null,"M","$","M","M","$","R","E","R","T","R","?","M","?","M","R","B"],"character_chosen":"DEFECT","items_purchased":["Genetic Algorithm","Melter","Akabeko","Sweeping Beam","SteroidPotion"],"campfire_rested":2,"item_purchase_floors":[4,4,19,19,19],"current_hp_per_floor":[75,75,57,57,46,46,68,59,59,59,53,41,29,28,50,17,75,75,75,73,73,73,73,69,69,69,69,67,69,69,58,58,0,0],"gold":310,"neow_bonus":"THREE_ENEMY_KILL","is_daily":false,"chose_seed":false,"campfire_upgraded":4,"win_rate":0.0,"timestamp":1609919882,"path_taken":["M","M","?","$","?","E","R","M","T","?","M","E","?","E","R","BOSS","M","$","M","M","$","R","E","R","T","R","?","M","?","M","R","BOSS"],"items_purchased_type":["Card","Card","Relic","Card","Potion"],"build_version":"2020-12-22","purchased_purges":2,"victory":false,"max_hp_per_floor":[75,75,75,75,75,75,75,75,75,75,75,75,75,75,75,75,75,75,75,75,75,75,75,75,75,75,75,77,79,79,79,79,79,79],"card_choices":[{"not_picked":["Scrape","Gash"],"picked":"Turbo","floor":1.0},{"not_picked":["Stack","Go for the Eyes"],"picked":"Steam","floor":2.0},{"not_picked":["Fusion","Scrape"],"picked":"Aggregate","floor":6.0},{"not_picked":["Darkness","Turbo"],"picked":"Lockon","floor":7.0},{"not_picked":["Go for the Eyes","Glacier"],"picked":"Cold Snap","floor":8.0},{"not_picked":["Sweeping Beam","Storm"],"picked":"Ball Lightning","floor":11.0},{"not_picked":["Turbo","Tempest"],"picked":"Hologram","floor":12},{"not_picked":["Steam Power","Reprogram"],"picked":"Auto Shields","floor":13},{"not_picked":["Recycle","Reprogram"],"picked":"FTL","floor":14},{"not_picked":["Stack","Steam"],"picked":"Chill","floor":15},{"not_picked":["All For One","Multi-Cast"],"picked":"Seek","floor":16},{"not_picked":["Gash","White Noise"],"picked":"Beam Cell","floor":18},{"not_picked":["Barrage","Aggregate"],"picked":"Leap","floor":20},{"not_picked":["Loop+1","Go for the Eyes+1"],"picked":"FTL+1","floor":21},{"not_picked":["Chill","Sweeping Beam"],"picked":"Reboot","floor":24},{"not_picked":["Cold Snap","Heatsinks","Beam Cell"],"picked":"Singing Bowl","floor":28},{"not_picked":["Leap+1","Aggregate","Turbo"],"picked":"Singing Bowl","floor":29},{"not_picked":["Beam Cell","Streamline"],"picked":"Darkness+1","floor":31}],"player_experience":135016,"relics_obtained":[{"floor":6.0,"key":"Dream Catcher"},{"floor":9.0,"key":"Ornamental Fan"},{"floor":12,"key":"Blue Candle"},{"floor":14,"key":"HornCleat"},{"floor":17,"key":"War Paint"},{"floor":17,"key":"Singing Bowl"},{"floor":17,"key":"Emotion Chip"},{"floor":24,"key":"MawBank"},{"floor":26,"key":"MealTicket"},{"floor":28,"key":"Girya"},{"floor":28,"key":"Symbiotic Virus"}],"event_choices":[{"damage_healed":0.0,"max_hp_gain":0.0,"max_hp_loss":0.0,"gold_gain":0.0,"event_name":"Scrap Ooze","player_choice":"Success","floor":3.0,"gold_loss":0.0,"damage_taken":18.0,"relics_obtained":["Centennial Puzzle"]},{"damage_healed":0.0,"max_hp_gain":0.0,"max_hp_loss":0.0,"gold_gain":75.0,"event_name":"World of Goop","player_choice":"Gather Gold","floor":5.0,"gold_loss":0.0,"damage_taken":11.0},{"damage_healed":0.0,"max_hp_gain":0.0,"max_hp_loss":0.0,"gold_gain":0.0,"event_name":"Accursed Blacksmith","player_choice":"Forge","floor":10.0,"gold_loss":0.0,"damage_taken":0.0,"cards_upgraded":["Genetic Algorithm"]},{"damage_healed":0,"gold_gain":0,"player_choice":"Fight","damage_taken":0,"max_hp_gain":0,"max_hp_loss":0,"event_name":"Colosseum","floor":28,"gold_loss":0},{"damage_healed":0,"gold_gain":0,"player_choice":"Fought Nobs","damage_taken":0,"max_hp_gain":0,"max_hp_loss":0,"event_name":"Colosseum","floor":28,"gold_loss":0},{"damage_healed":0,"gold_gain":0,"player_choice":"Traded Relic","damage_taken":0,"relics_obtained":["Nloth\u0027s Gift"],"max_hp_gain":0,"max_hp_loss":0,"event_name":"N\u0027loth","floor":30,"relics_lost":["NeowsBlessing"],"gold_loss":0}],"is_beta":false,"boss_relics":[{"not_picked":["Fusion Hammer","Velvet Choker"],"picked":"Calling Bell"}],"items_purged_floors":[19,22],"is_endless":false,"potions_floor_spawned":[2,8,11,13,16,18,20,21,29],"killed_by":"Collector","ascension_level":0}}