{"host":"q9szs7qndgdlcq24","time":1609974750,"event":{"mods":["AchievementEnabler","BaseMod","Bestiary","Colored Powertips","DeckTracker","Minty Spire (QoL Compilation)","Random Character Button","StSLib"],"gold_per_floor":[113,188,188,203,173,203,219,219,219,219,235,246,274,290,290,391,391,408,428,448,218,237,237,255,255,255],"floor_reached":25,"playtime":1858,"items_purged":["Defend_R"],"score":242,"play_id":"989ccaf9-dad2-4a63-aefa-b859b9299087","local_time":"20210107021230","is_ascension_mode":false,"campfire_choices":[{"data":"1","floor":8.0,"key":"LIFT"},{"data":"2","floor":10.0,"key":"LIFT"},{"floor":15,"key":"REST"},{"floor":23,"key":"REST"}],"circlet_count":0,"master_deck":["Strike_R","Strike_R","Strike_R","Strike_R","Defend_R","Defend_R","Defend_R","Bash","Carnage","Rampage","Shrug It Off","Armaments","Uppercut","Thunderclap","Pommel Strike","Clash","Berserk","Whirlwind","Sword Boomerang+1","Heavy Blade"],"relics":["Burning Blood","NeowsBlessing","Girya","Unceasing Top","TungstenRod","SlaversCollar","Red Skull"],"acts_visited":["Exordium","TheCity"],"potions_floor_usage":[18,18,20],"damage_taken":[{"damage":0.0,"enemies":"2 Louse","floor":1.0,"turns":1.0},{"damage":0.0,"enemies":"Jaw Worm","floor":4.0,"turns":1.0},{"damage":0.0,"enemies":"Gremlin Nob","floor":6.0,"turns":1.0},{"damage":2.0,"enemies":"Small Slimes","floor":7.0,"turns":3.0},{"damage":22.0,"enemies":"Gremlin Gang","floor":11.0,"turns":4.0},{"damage":7.0,"enemies":"Looter","floor":12.0,"turns":3.0},{"damage":23,"enemies":"3 Sentries","floor":13,"turns":7},{"damage":8,"enemies":"2 Fungi Beasts","floor":14,"turns":3},{"damage":20,"enemies":"Hexaghost","floor":16,"turns":9},{"damage":0,"enemies":"Spheric Guardian","floor":18,"turns":3},{"damage":54,"enemies":"3 Byrds","floor":19,"turns":7},{"damage":29,"enemies":"Snake Plant","floor":20,"turns":3},{"damage":0,"enemies":"Cultist and Chosen","floor":22,"turns":4},{"damage":35,"enemies":"Shelled Parasite and Fungi","floor":24,"turns":4},{"damage":16,"enemies":"Snecko","floor":25,"turns":2}],"seed_played":"3070302718204453507","potions_obtained":[{"floor":1.0,"key":"EssenceOfSteel"},{"floor":5.0,"key":"Explosive Potion"},{"floor":5.0,"key":"BlessingOfTheForge"},{"floor":14,"key":"SteroidPotion"},{"floor":19,"key":"PowerPotion"},{"floor":24,"key":"Strength Potion"}],"is_trial":false,"path_per_floor":["M","?","?","M","?","E","M","R","T","R","M","M","E","M","R","B",null,"M","M","M","$","M","R","M","M"],"character_chosen":"IRONCLAD","items_purchased":["Red Skull"],"campfire_rested":2,"item_purchase_floors":[21],"current_hp_per_floor":[80,69,62,68,68,74,78,78,78,78,62,61,44,42,66,52,80,80,32,9,9,15,39,10,0,0],"gold":255,"neow_bonus":"THREE_ENEMY_KILL","is_daily":false,"chose_seed":false,"campfire_upgraded":0,"win_rate":0.0,"timestamp":1609974750,"path_taken":["M","?","?","M","?","E","M","R","T","R","M","M","E","M","R","BOSS","M","M","M","$","M","R","M","M"],"items_purchased_type":["Relic"],"build_version":"2020-12-22","purchased_purges":1,"victory":false,"max_hp_per_floor":[80,80,80,80,80,80,80,80,80,80,80,80,80,80,80,80,80,80,80,80,80,80,80,80,80,80],"card_choices":[{"not_picked":["Bloodletting","Pommel Strike"],"picked":"Carnage","floor":1.0},{"not_picked":["Shrug It Off","Sword Boomerang"],"picked":"Rampage","floor":4.0},{"not_picked":["Dual Wield","Headbutt"],"picked":"Shrug It Off","floor":6.0},{"not_picked":["Body Slam","Reaper"],"picked":"Armaments","floor":7.0},{"not_picked":["Reckless Charge","Warcry"],"picked":"Uppercut","floor":11.0},{"not_picked":["Clothesline","Shrug It Off"],"picked":"Thunderclap","floor":12.0},{"not_picked":["Warcry","Shockwave"],"picked":"Pommel Strike","floor":13},{"not_picked":["Armaments","Twin Strike"],"picked":"Clash","floor":14},{"not_picked":["Barricade","Brutality"],"picked":"Berserk","floor":16},{"not_picked":["Burning Pact","Searing Blow","Iron Wave"],"picked":"SKIP","floor":18},{"not_picked":["Body Slam","Entrench","Iron Wave"],"picked":"SKIP","floor":19},{"not_picked":["Iron Wave+1","Uppercut+1"],"picked":"Whirlwind","floor":20},{"not_picked":["Perfected Strike","Warcry+1"],"picked":"Sword Boomerang+1","floor":22},{"not_picked":["Twin Strike","True Grit"],"picked":"Heavy Blade","floor":24}],"player_experience":33077,"relics_obtained":[{"floor":6.0,"key":"Girya"},{"floor":9.0,"key":"Unceasing Top"},{"floor":13,"key":"TungstenRod"}],"event_choices":[{"damage_healed":0.0,"max_hp_gain":0.0,"max_hp_loss":0.0,"gold_gain":75.0,"event_name":"World of Goop","player_choice":"Gather Gold","floor":2.0,"gold_loss":0.0,"damage_taken":11.0},{"cards_removed":["Strike_R"],"damage_healed":0.0,"max_hp_gain":0.0,"max_hp_loss":0.0,"gold_gain":0.0,"event_name":"Golden Wing","player_choice":"Card Removal","floor":3.0,"gold_loss":0.0,"damage_taken":7.0},{"damage_healed":0.0,"max_hp_gain":0.0,"max_hp_loss":0.0,"gold_gain":0.0,"event_name":"The Woman in Blue","player_choice":"Bought 2 Potions","floor":5.0,"gold_loss":0.0,"damage_taken":0.0}],"is_beta":false,"boss_relics":[{"not_picked":["Ectoplasm","Sozu"],"picked":"SlaversCollar"}],"items_purged_floors":[21],"is_endless":false,"potions_floor_spawned":[1,12,13,14,19,24],"killed_by":"Snecko","ascension_level":0}}