{"host":"49c2zf0lajbcs427","time":1609922460,"event":{"mods":["AchievementEnabler","BaseMod","Colored Map","Colored Powertips","Highlight Path","Key Reminder","Minty Spire (QoL Compilation)","Relic Stats","StSLib"],"gold_per_floor":[114,126,126,137,212,212,242,242,242,260,280,308,308,320,320,423,423,436,436,436,454,464,493,493,526,526,191,191,217,217,217,217,317,317,330,330,341,354,354,382,398,448,448,464,492,512,174,194,194,194,194,194,25,58,58],"floor_reached":56,"playtime":4519,"items_purged":["Strike_G+1","Strike_G+1"],"score":1431,"play_id":"4c960a5e-7108-4eb4-b50b-6df0f6ee19f3","local_time":"20210106214100","is_ascension_mode":true,"campfire_choices":[{"data":"Skewer","floor":6,"key":"SMITH"},{"data":"Neutralize","floor":8,"key":"SMITH"},{"data":"Noxious Fumes","floor":15,"key":"SMITH"},{"floor":24,"key":"RECALL"},{"floor":28,"key":"REST"},{"floor":30,"key":"REST"},{"floor":32,"key":"REST"},{"floor":49,"key":"REST"},{"floor":52,"key":"REST"}],"circlet_count":0,"master_deck":["Strike_G+1","Strike_G+1","Defend_G+1","Defend_G+1","Defend_G+1","Survivor","Neutralize+1","Backflip+1","Setup+1","Escape Plan+1","Skewer+1","Dagger Throw","Dagger Spray","Dash","Noxious Fumes+1","Corpse Explosion","Poisoned Stab","Malaise","PiercingWail","Well Laid Plans+1","Bullet Time","Necronomicurse","Night Terror","Deflect+1","Wraith Form v2","Catalyst","Noxious Fumes"],"relics":["Astrolabe","Bottled Flame","Bag of Marbles","Ice Cream","Fusion Hammer","TungstenRod","InkBottle","Lantern","Meat on the Bone","Orichalcum","Necronomicon","SlaversCollar","Omamori","Ginger","Thread and Needle","Oddly Smooth Stone","Shuriken","Mercury Hourglass"],"acts_visited":["Exordium","TheCity","TheBeyond","TheEnding"],"potions_floor_usage":[7,12,16,29,33,41,41,41,50,55,55],"damage_taken":[{"damage":6,"enemies":"2 Louse","floor":1,"turns":3},{"damage":0,"enemies":"Cultist","floor":2,"turns":4},{"damage":0,"enemies":"Jaw Worm","floor":4,"turns":3},{"damage":12,"enemies":"3 Sentries","floor":7,"turns":9},{"damage":0,"enemies":"Exordium Thugs","floor":10,"turns":3},{"damage":1,"enemies":"2 Fungi Beasts","floor":11,"turns":2},{"damage":22,"enemies":"Gremlin Nob","floor":12,"turns":5},{"damage":0,"enemies":"Exordium Wildlife","floor":14,"turns":3},{"damage":2,"enemies":"Hexaghost","floor":16,"turns":9},{"damage":0,"enemies":"2 Thieves","floor":18,"turns":3},{"damage":0,"enemies":"Chosen","floor":21,"turns":4},{"damage":0,"enemies":"Shelled Parasite and Fungi","floor":22,"turns":5},{"damage":4,"enemies":"Gremlin Leader","floor":23,"turns":7},{"damage":0,"enemies":"Book of Stabbing","floor":25,"turns":7},{"damage":5,"enemies":"Slavers","floor":29,"turns":3},{"damage":46,"enemies":"Collector","floor":33,"turns":7},{"damage":0,"enemies":"3 Shapes","floor":35,"turns":3},{"damage":0,"enemies":"Orb Walker","floor":37,"turns":4},{"damage":0,"enemies":"3 Darklings","floor":38,"turns":3},{"damage":0,"enemies":"Reptomancer","floor":40,"turns":1},{"damage":62,"enemies":"Transient","floor":41,"turns":5},{"damage":0,"enemies":"Mind Bloom Boss Battle","floor":42,"turns":1},{"damage":0,"enemies":"Writhing Mass","floor":44,"turns":6},{"damage":15,"enemies":"Nemesis","floor":45,"turns":9},{"damage":0,"enemies":"Maw","floor":46,"turns":8},{"damage":5,"enemies":"4 Shapes","floor":48,"turns":6},{"damage":12,"enemies":"Awakened One","floor":50,"turns":17},{"damage":13,"enemies":"Shield and Spear","floor":54,"turns":2},{"damage":27,"enemies":"The Heart","floor":55,"turns":11}],"seed_played":"-1929897174654281835","potions_obtained":[{"floor":2,"key":"SkillPotion"},{"floor":11,"key":"Block Potion"},{"floor":13,"key":"FearPotion"},{"floor":13,"key":"LiquidMemories"},{"floor":13,"key":"Regen Potion"},{"floor":14,"key":"AttackPotion"},{"floor":23,"key":"Block Potion"},{"floor":25,"key":"Strength Potion"},{"floor":33,"key":"DistilledChaos"},{"floor":37,"key":"BlessingOfTheForge"},{"floor":38,"key":"Weak Potion"},{"floor":45,"key":"PowerPotion"},{"floor":48,"key":"Block Potion"},{"floor":54,"key":"Poison Potion"}],"is_trial":false,"path_per_floor":["M","M","?","M","?","R","E","R","T","M","M","E","?","M","R","B",null,"M","?","?","M","M","E","R","E","T","$","R","E","R","?","R","B",null,"M","?","M","M","?","E","M","?","T","M","E","M","$","M","R","B",null,"R","$","E","B",null],"character_chosen":"THE_SILENT","items_purchased":["Meat on the Bone","Catalyst","Shuriken","Noxious Fumes"],"campfire_rested":5,"item_purchase_floors":[27,47,47,53],"current_hp_per_floor":[64,64,70,70,59,59,47,47,47,47,46,24,24,24,24,22,70,70,70,70,70,70,66,66,66,66,66,70,65,70,58,70,36,70,70,70,70,70,66,66,21,33,33,45,42,42,42,37,56,44,66,66,66,53,38],"gold":58,"neow_bonus":"BOSS_RELIC","is_daily":false,"chose_seed":false,"campfire_upgraded":3,"win_rate":0.0,"timestamp":1609922460,"path_taken":["M","M","?","?","?","R","E","R","T","M","M","E","?","M","R","BOSS","M","?","?","?","M","E","R","E","T","?","R","E","R","?","R","BOSS","M","?","M","?","?","E","M","?","T","M","E","M","$","M","R","BOSS","R","$","E","BOSS"],"items_purchased_type":["Relic","Card","Relic","Card"],"build_version":"2020-12-22","purchased_purges":2,"victory":true,"max_hp_per_floor":[70,70,70,70,70,70,70,70,70,70,70,70,70,70,70,70,70,70,70,70,70,70,70,70,70,70,70,70,70,70,70,70,70,70,70,70,70,70,66,66,66,66,66,66,66,66,66,66,66,66,66,66,66,66,66],"relic_stats":{"counters":[29,153],"Shuriken":[9],"Astrolabe":["Backflip","Setup","Escape Plan"],"Necronomicon":[26],"Ginger":[7],"Orichalcum":[156],"obtain_stats":[{"Ice Cream":12,"Lantern":26,"Astrolabe":0,"Oddly Smooth Stone":45,"Thread and Needle":42,"Omamori":36,"Ginger":40,"Orichalcum":29,"Mercury Hourglass":54,"keyreminder:keyreminder":12,"SlaversCollar":34,"Bottled Flame":7,"Shuriken":47,"Fusion Hammer":17,"Bag of Marbles":9,"Necronomicon":31,"TungstenRod":23,"InkBottle":25,"Ring of the Snake":0,"Meat on the Bone":27},{"Ice Cream":7,"Lantern":14,"Astrolabe":0,"Oddly Smooth Stone":24,"Thread and Needle":22,"Omamori":17,"Ginger":20,"Orichalcum":15,"Mercury Hourglass":28,"keyreminder:keyreminder":7,"SlaversCollar":16,"Bottled Flame":4,"Shuriken":25,"Fusion Hammer":9,"Bag of Marbles":4,"Necronomicon":15,"TungstenRod":13,"InkBottle":14,"Ring of the Snake":0,"Meat on the Bone":14},{"Ice Cream":29,"Lantern":67,"Astrolabe":0,"Oddly Smooth Stone":109,"Thread and Needle":94,"Omamori":80,"Ginger":88,"Orichalcum":70,"Mercury Hourglass":142,"keyreminder:keyreminder":29,"SlaversCollar":77,"Bottled Flame":19,"Shuriken":117,"Fusion Hammer":41,"Bag of Marbles":19,"Necronomicon":70,"TungstenRod":60,"InkBottle":67,"Ring of the Snake":0,"Meat on the Bone":67}],"TungstenRod":56,"InkBottle":[27],"Meat on the Bone":72,"Mercury Hourglass":[33]},"card_choices":[{"not_picked":["Flying Knee","Masterful Stab"],"picked":"Skewer","floor":1},{"not_picked":["Tactician","Outmaneuver"],"picked":"Dagger Throw","floor":2},{"not_picked":["Calculated Gamble","Acrobatics"],"picked":"Dagger Spray","floor":4},{"not_picked":["Eviscerate","Heel Hook"],"picked":"Dash","floor":7},{"not_picked":["Blur","Outmaneuver","Quick Slash"],"picked":"SKIP","floor":10},{"not_picked":["Acrobatics","Masterful Stab"],"picked":"Noxious Fumes","floor":11},{"not_picked":["Blade Dance","Riddle With Holes"],"picked":"Corpse Explosion","floor":12},{"not_picked":["Footwork","Sucker Punch"],"picked":"Poisoned Stab","floor":14},{"not_picked":["Night Terror","A Thousand Cuts"],"picked":"Malaise","floor":16},{"not_picked":["Poisoned Stab+1","Endless Agony"],"picked":"PiercingWail","floor":18},{"not_picked":["Flying Knee+1","Deadly Poison","Dagger Spray"],"picked":"SKIP","floor":21},{"not_picked":["Dash","Night Terror"],"picked":"Well Laid Plans+1","floor":22},{"not_picked":["Reflex","Sucker Punch","Endless Agony"],"picked":"SKIP","floor":23},{"not_picked":["Infinite Blades+1","Unload"],"picked":"Bullet Time","floor":25},{"not_picked":["Well Laid Plans+1","Endless Agony","Bane+1"],"picked":"SKIP","floor":29},{"not_picked":["Glass Knife","Phantasmal Killer"],"picked":"Night Terror","floor":33},{"not_picked":["Finisher+1","Dagger Spray+1","Blade Dance+1"],"picked":"SKIP","floor":35},{"not_picked":["Prepared","Deflect","Quick Slash"],"picked":"SKIP","floor":37},{"not_picked":["Slice+1","Cloak And Dagger+1","Dagger Throw"],"picked":"SKIP","floor":38},{"not_picked":["Infinite Blades","Poisoned Stab","Setup+1"],"picked":"SKIP","floor":40},{"not_picked":["Well Laid Plans","Setup+1"],"picked":"Deflect+1","floor":41},{"not_picked":["Masterful Stab+1","Sucker Punch","PiercingWail"],"picked":"SKIP","floor":44},{"not_picked":["Riddle With Holes+1","Concentrate+1"],"picked":"Wraith Form v2","floor":45},{"not_picked":["Flying Knee+1","Underhanded Strike","Acrobatics"],"picked":"SKIP","floor":46},{"not_picked":["Underhanded Strike","Bane+1","PiercingWail"],"picked":"SKIP","floor":48},{"not_picked":["Backstab+1","Predator","Expertise+1"],"picked":"SKIP","floor":54}],"player_experience":2243115,"relics_obtained":[{"floor":7,"key":"Bottled Flame"},{"floor":9,"key":"Bag of Marbles"},{"floor":12,"key":"Ice Cream"},{"floor":23,"key":"TungstenRod"},{"floor":25,"key":"InkBottle"},{"floor":26,"key":"Lantern"},{"floor":29,"key":"Orichalcum"},{"floor":31,"key":"Necronomicon"},{"floor":40,"key":"Ginger"},{"floor":42,"key":"Thread and Needle"},{"floor":45,"key":"Oddly Smooth Stone"},{"floor":54,"key":"Mercury Hourglass"}],"event_choices":[{"damage_healed":6,"gold_gain":0,"player_choice":"Full Heal","damage_taken":0,"max_hp_gain":0,"max_hp_loss":0,"event_name":"Wheel of Change","floor":3,"gold_loss":0},{"damage_healed":0,"gold_gain":75,"player_choice":"Gather Gold","damage_taken":11,"max_hp_gain":0,"max_hp_loss":0,"event_name":"World of Goop","floor":5,"gold_loss":0},{"damage_healed":0,"gold_gain":0,"player_choice":"Got Potions","damage_taken":0,"max_hp_gain":0,"max_hp_loss":0,"event_name":"Lab","floor":13,"gold_loss":0},{"damage_healed":0,"gold_gain":0,"player_choice":"Simplicity","damage_taken":0,"max_hp_gain":0,"max_hp_loss":0,"event_name":"Back to Basics","floor":19,"gold_loss":0,"cards_upgraded":["Strike_G","Strike_G","Strike_G","Strike_G","Defend_G","Defend_G","Defend_G"]},{"damage_healed":0,"gold_gain":0,"player_choice":"Ignored","damage_taken":0,"max_hp_gain":0,"max_hp_loss":0,"event_name":"Vampires","floor":20,"gold_loss":0},{"damage_healed":0,"gold_gain":0,"player_choice":"Obtained Book","damage_taken":16,"max_hp_gain":0,"max_hp_loss":0,"event_name":"Cursed Tome","floor":31,"gold_loss":0},{"damage_healed":0,"gold_gain":0,"player_choice":"Gave Potion","damage_taken":0,"relics_obtained":["Omamori"],"max_hp_gain":0,"max_hp_loss":0,"event_name":"WeMeetAgain","floor":36,"gold_loss":0},{"damage_healed":0,"gold_gain":0,"player_choice":"Max HP","damage_taken":0,"max_hp_gain":0,"max_hp_loss":4,"event_name":"Winding Halls","floor":39,"gold_loss":0},{"damage_healed":0,"gold_gain":0,"player_choice":"Fight","damage_taken":0,"max_hp_gain":0,"max_hp_loss":0,"event_name":"MindBloom","floor":42,"gold_loss":0}],"is_beta":false,"boss_relics":[{"not_picked":["Ectoplasm","Velvet Choker"],"picked":"Fusion Hammer"},{"not_picked":["SacredBark","Runic Dome"],"picked":"SlaversCollar"}],"items_purged_floors":[27,53],"is_endless":false,"potions_floor_spawned":[2,11,14,23,25,33,37,38,45,48,54],"ascension_level":3}}