{"host":"kdt6w7ix8lwe69i9","time":1609908097,"event":{"mods":["100% Spire Juice","Bartender","BaseMod","ChefMod","Downfall","Fiend Mod","Jorbs\u0027s Wanderer Trilogy","Minty Spire (QoL Compilation)","Reimu（博丽灵梦）","Robot Space Explorer","StSLib","The Caster","The Cursed","The Disciple","The Dragon Tamer","The Druid","The Elementalist","The Forsaken","The Gatherer","The Marked","TheBandit"],"gold_per_floor":[118,118,118,35,35,35,51,51,74,74,74,99,118,141,141,262,262,278,278,8,8,8,33,33,80,80,80,66,66,66,66,66],"floor_reached":31,"playtime":2208,"items_purged":[],"score":239,"play_id":"1b3c9330-bd8a-4d49-92e0-652f4e91c961","local_time":"20210105234137","is_ascension_mode":false,"campfire_choices":[{"floor":6,"key":"REST"},{"floor":10,"key":"RECALL"},{"data":"caster:QuickCast","floor":15,"key":"SMITH"},{"data":"caster:GlacialShield","floor":24,"key":"SMITH"},{"floor":27,"key":"REST"},{"floor":29,"key":"REST"}],"circlet_count":0,"master_deck":["caster:Meteor","caster:DivertFocus","caster:strike","caster:strike","caster:strike","caster:strike","caster:defend","caster:defend","caster:defend","caster:defend","caster:defend","Jack Of All Trades","caster:Tundra","expansioncontent:DefensiveMode","Injury","caster:FrostDriver","caster:Slick+1","caster:WallOfThorns","caster:FireWall","caster:QuickCast+1","caster:PhoenixFlare","caster:GlacialShield+1","Slimebound:CheckThePlaybook","Slimebound:Icky","caster:Grimoire","caster:GlacialShield+1","Writhe","caster:MagicBarrier","caster:MagicAttunement","caster:QuickCast"],"relics":["caster:MagicBook","TungstenRod","Bloody Idol","MealTicket","Silver_Glasses","Boot","Enchiridion","InkBottle","CeramicFish","Torii"],"acts_visited":["Exordium","TheCity"],"potions_floor_usage":[25,25,25],"damage_taken":[{"damage":7,"enemies":"2 Louse","floor":1,"turns":4},{"damage":0,"enemies":"Cultist","floor":7,"turns":5},{"damage":1,"enemies":"Small Slimes","floor":12,"turns":4},{"damage":0,"enemies":"Looter","floor":13,"turns":4},{"damage":0,"enemies":"Blue Slaver","floor":14,"turns":6},{"damage":20,"enemies":"The Guardian","floor":16,"turns":11},{"damage":3,"enemies":"Shell Parasite","floor":18,"turns":6},{"damage":10,"enemies":"3 Byrds","floor":23,"turns":5},{"damage":31,"enemies":"Slavers","floor":25,"turns":5},{"damage":29,"enemies":"Colosseum Slavers","floor":31,"turns":5},{"damage":42,"enemies":"Colosseum Nobs","floor":31,"turns":5}],"seed_played":"330818049799063557","potions_obtained":[{"floor":7,"key":"Swift Potion"},{"floor":16,"key":"PowerPotion"},{"floor":23,"key":"Swift Potion"}],"is_trial":false,"path_per_floor":["M","?","?","$","?","R","M","?","T","R","T","M","M","M","R","B",null,"M","?","$","?","?","M","R","E","T","R","$","R","?","?"],"character_chosen":"THE_CASTER","items_purchased":["expansioncontent:DefensiveMode","Boot","caster:Grimoire","caster:GlacialShield","caster:QuickCast"],"campfire_rested":3,"item_purchase_floors":[4,20,20,20,28],"current_hp_per_floor":[57,57,39,39,39,58,58,58,58,58,58,57,57,57,57,37,64,61,61,64,52,52,42,42,11,11,30,45,64,64,0,0],"gold":66,"neow_bonus":"RANDOM_COLORLESS","is_daily":false,"chose_seed":false,"campfire_upgraded":2,"win_rate":0.0,"timestamp":1609908097,"path_taken":["M","?","?","$","?","R","M","?","T","R","?","M","?","M","R","BOSS","M","?","$","?","?","M","R","E","T","R","?","R","?","?"],"items_purchased_type":["Card","Relic","Card","Card","Card"],"build_version":"2020-12-22","purchased_purges":0,"victory":false,"max_hp_per_floor":[64,64,64,64,64,64,64,64,64,64,64,64,64,64,64,64,64,64,64,64,64,64,64,64,64,64,64,64,64,64,64,64],"card_choices":[{"not_picked":["expansioncontent:ChargeUp","expansioncontent:HyperBeam"],"picked":"Jack Of All Trades","floor":0},{"not_picked":["caster:DiablosFlame","caster:Accumulation"],"picked":"caster:Tundra","floor":1},{"not_picked":["caster:MagicBarrier","caster:DiamondDust"],"picked":"caster:FrostDriver","floor":7},{"not_picked":["caster:DiablosFlame","caster:Sandstorm"],"picked":"caster:WallOfThorns","floor":12},{"not_picked":["caster:BookThrow","caster:DiablosFlame"],"picked":"caster:FireWall","floor":13},{"not_picked":["caster:Conflagrate","caster:Fireball"],"picked":"caster:QuickCast","floor":14},{"not_picked":["caster:Inferno","caster:EchoingVoice"],"picked":"caster:PhoenixFlare","floor":16},{"not_picked":["caster:FlashFrost+1","caster:Charge"],"picked":"caster:GlacialShield+1","floor":18},{"not_picked":["caster:Incinerate","caster:Unearth"],"picked":"caster:MagicBarrier","floor":23},{"not_picked":["caster:StaticField","caster:MegaloSpark"],"picked":"caster:MagicAttunement","floor":25}],"player_experience":1691298,"relics_obtained":[{"floor":9,"key":"MealTicket"},{"floor":21,"key":"Enchiridion"},{"floor":25,"key":"CeramicFish"},{"floor":26,"key":"Torii"}],"event_choices":[{"damage_healed":0,"gold_gain":0,"player_choice":"Ignored","damage_taken":0,"max_hp_gain":0,"max_hp_loss":0,"event_name":"Golden Wing","floor":2,"gold_loss":0},{"damage_healed":0,"gold_gain":0,"player_choice":"Success","damage_taken":18,"relics_obtained":["TungstenRod"],"max_hp_gain":0,"max_hp_loss":0,"event_name":"Scrap Ooze","floor":3,"gold_loss":0},{"damage_healed":0,"gold_gain":0,"player_choice":"Take Wound","damage_taken":0,"relics_obtained":["Golden Idol"],"max_hp_gain":0,"max_hp_loss":0,"event_name":"Golden Idol","floor":5,"gold_loss":0,"cards_obtained":["Injury"]},{"damage_healed":0,"gold_gain":0,"player_choice":"Obtained Book","damage_taken":16,"max_hp_gain":0,"max_hp_loss":0,"event_name":"Cursed Tome","floor":21,"gold_loss":0},{"damage_healed":0,"gold_gain":0,"player_choice":"Opened","damage_taken":0,"relics_obtained":["InkBottle"],"max_hp_gain":0,"max_hp_loss":0,"event_name":"The Mausoleum","floor":22,"gold_loss":0,"cards_obtained":["Writhe"]},{"damage_healed":0,"gold_gain":0,"player_choice":"Gave Idol","damage_taken":0,"relics_obtained":["Bloody Idol"],"max_hp_gain":0,"max_hp_loss":0,"event_name":"Forgotten Altar","floor":30,"relics_lost":["Golden Idol"],"gold_loss":0},{"damage_healed":0,"gold_gain":0,"player_choice":"Fight","damage_taken":0,"max_hp_gain":0,"max_hp_loss":0,"event_name":"Colosseum","floor":31,"gold_loss":0},{"damage_healed":0,"gold_gain":0,"player_choice":"Fought Nobs","damage_taken":0,"max_hp_gain":0,"max_hp_loss":0,"event_name":"Colosseum","floor":31,"gold_loss":0}],"is_beta":false,"boss_relics":[{"not_picked":["Fiend:Scarf","Ectoplasm"],"picked":"Silver_Glasses"}],"items_purged_floors":[],"is_endless":false,"potions_floor_spawned":[7,16,23,31],"killed_by":"Colosseum Nobs","ascension_level":0}}