{"host":"c3lc60y5x60jlt1y","time":1609929615,"event":{"mods":["AchievementEnabler","BaseMod","Bestiary","Colored Map","Minty Spire (QoL Compilation)","Quick Restart","StSLib","ojb\u0027s Info Mod"],"gold_per_floor":[117,117,43,60,60,92,92,108,184,184,212,52,70,81,81,156,156,166,441,421,433,98,98,133,133,133],"floor_reached":25,"playtime":3302,"items_purged":["Regret"],"score":512,"play_id":"066000cb-2c57-46ad-b850-e8459c9de521","local_time":"20210106124015","is_ascension_mode":true,"campfire_choices":[{"data":"Predator","floor":7,"key":"SMITH"},{"data":"After Image","floor":10,"key":"SMITH"},{"data":"Bullet Time","floor":15,"key":"SMITH"},{"data":"Reflex","floor":23,"key":"SMITH"}],"circlet_count":0,"master_deck":["AscendersBane","Strike_G","Strike_G","Strike_G","Strike_G","Strike_G","Defend_G+1","Defend_G+1","Defend_G","Defend_G","Defend_G","Survivor","Neutralize","Noxious Fumes","Predator+1","Dagger Throw","Flying Knee","After Image+1","Dagger Spray","Bullet Time+1","Dash","Acrobatics","Venomology","Acrobatics","Footwork","Reflex+1","Deadly Poison","Adrenaline"],"relics":["Ring of the Snake","NeowsBlessing","War Paint","Akabeko","Ninja Scroll","Snake Skull","SlaversCollar","Blood Vial","Question Card"],"acts_visited":["Exordium","TheCity"],"potions_floor_usage":[11,16,18,21,24,24,25,25],"damage_taken":[{"damage":0,"enemies":"Small Slimes","floor":1,"turns":1},{"damage":0,"enemies":"Cultist","floor":4,"turns":1},{"damage":0,"enemies":"Gremlin Nob","floor":6,"turns":1},{"damage":1,"enemies":"Jaw Worm","floor":8,"turns":3},{"damage":15,"enemies":"Lagavulin","floor":11,"turns":6},{"damage":4,"enemies":"3 Louse","floor":13,"turns":3},{"damage":0,"enemies":"Lots of Slimes","floor":14,"turns":3},{"damage":22,"enemies":"Slime Boss","floor":16,"turns":9},{"damage":7,"enemies":"Shell Parasite","floor":18,"turns":9},{"damage":1,"enemies":"2 Thieves","floor":20,"turns":4},{"damage":27,"enemies":"Shelled Parasite and Fungi","floor":21,"turns":13},{"damage":38,"enemies":"Book of Stabbing","floor":24,"turns":6},{"damage":4,"enemies":"Chosen and Byrds","floor":25,"turns":5}],"seed_played":"1596592194258237263","potions_obtained":[{"floor":1,"key":"Fire Potion"},{"floor":8,"key":"Energy Potion"},{"floor":14,"key":"CunningPotion"},{"floor":20,"key":"Explosive Potion"},{"floor":24,"key":"PowerPotion"}],"is_trial":false,"path_per_floor":["M","?","$","M","?","E","R","M","T","R","E","$","M","M","R","B",null,"M","?","M","M","$","R","E","M"],"character_chosen":"THE_SILENT","items_purchased":["Predator","Bullet Time","Reflex","Blood Vial","Deadly Poison"],"campfire_rested":0,"item_purchase_floors":[3,12,22,22,22],"current_hp_per_floor":[59,59,59,59,64,64,64,63,63,63,48,48,44,44,44,22,59,66,66,65,38,38,38,2,0,0],"gold":133,"neow_bonus":"THREE_ENEMY_KILL","is_daily":false,"chose_seed":false,"campfire_upgraded":4,"win_rate":0.0,"timestamp":1609929615,"path_taken":["M","?","$","?","?","E","R","M","T","R","E","$","M","M","R","BOSS","M","?","M","M","$","R","E","?"],"items_purchased_type":["Card","Card","Card","Relic","Card"],"build_version":"2020-12-22","purchased_purges":1,"victory":false,"max_hp_per_floor":[66,66,66,66,71,71,71,71,71,71,71,71,71,71,71,71,71,71,71,71,71,71,71,71,71,71],"card_choices":[{"not_picked":["Acrobatics","Sucker Punch"],"picked":"Noxious Fumes","floor":1},{"not_picked":["Underhanded Strike","PiercingWail"],"picked":"Dagger Throw","floor":4},{"not_picked":["Outmaneuver","Quick Slash"],"picked":"Flying Knee","floor":6},{"not_picked":["Sucker Punch","Underhanded Strike"],"picked":"After Image","floor":8},{"not_picked":["Flying Knee","Backflip"],"picked":"Dagger Spray","floor":11},{"not_picked":["Setup","Poisoned Stab"],"picked":"Dash","floor":13},{"not_picked":["Dodge and Roll","Slice"],"picked":"Acrobatics","floor":14},{"not_picked":["Storm of Steel","Glass Knife"],"picked":"Venomology","floor":16},{"not_picked":["PiercingWail","Dagger Throw"],"picked":"Acrobatics","floor":18},{"not_picked":["Acrobatics","Underhanded Strike"],"picked":"Footwork","floor":20},{"not_picked":["Dagger Throw","Flying Knee","Prepared"],"picked":"SKIP","floor":21},{"not_picked":["PiercingWail","Deflect"],"picked":"Adrenaline","floor":24}],"player_experience":7522848,"relics_obtained":[{"floor":6,"key":"Akabeko"},{"floor":9,"key":"Ninja Scroll"},{"floor":11,"key":"Snake Skull"},{"floor":24,"key":"Question Card"}],"event_choices":[{"damage_healed":0,"gold_gain":0,"player_choice":"Gave Potion","damage_taken":0,"relics_obtained":["War Paint"],"max_hp_gain":0,"max_hp_loss":0,"event_name":"WeMeetAgain","floor":2,"gold_loss":0},{"damage_healed":0,"gold_gain":0,"player_choice":"Donut","damage_taken":0,"max_hp_gain":5,"max_hp_loss":0,"event_name":"Big Fish","floor":5,"gold_loss":0},{"damage_healed":0,"gold_gain":275,"player_choice":"Desecrate","damage_taken":0,"max_hp_gain":0,"max_hp_loss":0,"event_name":"Golden Shrine","floor":19,"gold_loss":0,"cards_obtained":["Regret"]}],"is_beta":false,"boss_relics":[{"not_picked":["Runic Pyramid","Calling Bell"],"picked":"SlaversCollar"}],"items_purged_floors":[22],"is_endless":false,"potions_floor_spawned":[1,8,14,20,24],"killed_by":"Chosen and Byrds","ascension_level":20}}