{"host":"jq8d8epkoknfq6em","time":1609936258,"event":{"mods":["AchievementEnabler","BaseMod","Colored Map","Colored Powertips","Highlight Path","Minty Spire (QoL Compilation)","Quick Restart","StSLib"],"gold_per_floor":[116,133,151,166,166,166,196,207,259,279,279,335,335,300,300,401,401,421,433,450,450,450],"floor_reached":21,"playtime":1362,"items_purged":[],"score":284,"play_id":"ce852b87-74f9-4865-888c-3a0ead4a0a42","local_time":"20210106133058","is_ascension_mode":true,"campfire_choices":[{"data":"Bash","floor":6,"key":"SMITH"},{"data":"Clothesline","floor":11,"key":"SMITH"},{"floor":13,"key":"REST"},{"data":"Heavy Blade","floor":15,"key":"SMITH"}],"circlet_count":0,"master_deck":["AscendersBane","Strike_R","Strike_R","Strike_R","Strike_R","Strike_R+1","Defend_R","Defend_R","Defend_R","Defend_R","Bash+1","Pommel Strike","Twin Strike","Cleave","Headbutt+1","Demon Form+1","Clothesline+1","Fire Breathing+1","Heavy Blade+1","Brutality+1","Sword Boomerang+1","True Grit"],"relics":["Burning Blood","Frozen Egg 2","Sundial","Whetstone","Potion Belt","Sozu"],"acts_visited":["Exordium","TheCity"],"potions_floor_usage":[4,7,10,20],"damage_taken":[{"damage":5,"enemies":"2 Louse","floor":1,"turns":3},{"damage":7,"enemies":"Small Slimes","floor":2,"turns":4},{"damage":6,"enemies":"Cultist","floor":3,"turns":3},{"damage":10,"enemies":"Lots of Slimes","floor":4,"turns":3},{"damage":45,"enemies":"3 Sentries","floor":7,"turns":7},{"damage":11,"enemies":"Gremlin Gang","floor":8,"turns":3},{"damage":12,"enemies":"Large Slime","floor":10,"turns":4},{"damage":28,"enemies":"Lagavulin Event","floor":12,"turns":5},{"damage":25,"enemies":"Hexaghost","floor":16,"turns":7},{"damage":24,"enemies":"Shell Parasite","floor":18,"turns":5},{"damage":27,"enemies":"3 Byrds","floor":19,"turns":5},{"damage":27,"enemies":"Centurion and Healer","floor":20,"turns":4},{"damage":8,"enemies":"Snecko","floor":21,"turns":4}],"seed_played":"-6240233429231951590","potions_obtained":[{"floor":0,"key":"Fire Potion"},{"floor":0,"key":"Regen Potion"},{"floor":7,"key":"DistilledChaos"},{"floor":8,"key":"SteroidPotion"}],"is_trial":false,"path_per_floor":["M","M","M","M","?","R","E","M","T","M","R","?","R","?","R","B",null,"M","M","M","M"],"character_chosen":"IRONCLAD","items_purchased":[],"campfire_rested":1,"item_purchase_floors":[],"current_hp_per_floor":[73,72,72,68,65,65,41,36,36,30,30,8,32,52,52,33,68,50,29,8,0,0],"gold":450,"neow_bonus":"THREE_SMALL_POTIONS","is_daily":false,"chose_seed":false,"campfire_upgraded":3,"win_rate":0.0,"timestamp":1609936258,"path_taken":["M","M","M","M","?","R","E","M","T","M","R","?","R","?","R","BOSS","M","M","M","M"],"items_purchased_type":[],"build_version":"2020-12-22","purchased_purges":0,"victory":false,"max_hp_per_floor":[80,80,80,80,80,80,80,80,80,80,80,80,80,80,80,80,80,80,80,80,80,80],"card_choices":[{"not_picked":["Infernal Blade","Rage"],"picked":"Pommel Strike","floor":1},{"not_picked":["Ghostly Armor","Havoc"],"picked":"Twin Strike","floor":2},{"not_picked":["Metallicize","Body Slam"],"picked":"Cleave","floor":3},{"not_picked":["Cleave","Body Slam"],"picked":"Headbutt","floor":4},{"not_picked":["Wild Strike","Power Through"],"picked":"Demon Form+1","floor":7},{"not_picked":["Clash","Sword Boomerang"],"picked":"Clothesline","floor":8},{"not_picked":["Whirlwind","Reckless Charge"],"picked":"Fire Breathing+1","floor":10},{"not_picked":["Clash","Wild Strike"],"picked":"Heavy Blade","floor":12},{"not_picked":["Offering","Immolate"],"picked":"Brutality+1","floor":16},{"not_picked":["Perfected Strike","Clothesline"],"picked":"Sword Boomerang+1","floor":18},{"not_picked":["Body Slam","Rampage","Thunderclap+1"],"picked":"SKIP","floor":19},{"not_picked":["Body Slam","Headbutt+1"],"picked":"True Grit","floor":20}],"player_experience":954223,"relics_obtained":[{"floor":7,"key":"Sundial"},{"floor":9,"key":"Whetstone"},{"floor":12,"key":"Potion Belt"}],"event_choices":[{"damage_healed":0,"gold_gain":0,"player_choice":"Success","damage_taken":3,"relics_obtained":["Frozen Egg 2"],"max_hp_gain":0,"max_hp_loss":0,"event_name":"Scrap Ooze","floor":5,"gold_loss":0},{"damage_healed":0,"gold_gain":0,"player_choice":"Searched \u00272\u0027 times","damage_taken":0,"max_hp_gain":0,"max_hp_loss":0,"event_name":"Dead Adventurer","floor":12,"gold_loss":0},{"damage_healed":20,"gold_gain":0,"player_choice":"Healed","damage_taken":0,"max_hp_gain":0,"max_hp_loss":0,"event_name":"The Cleric","floor":14,"gold_loss":35}],"is_beta":false,"boss_relics":[{"not_picked":["Astrolabe","Runic Pyramid"],"picked":"Sozu"}],"items_purged_floors":[],"is_endless":false,"potions_floor_spawned":[1,2,7,8,19],"killed_by":"Snecko","ascension_level":11}}