{"host":"omsykib0woddca32","time":1609921651,"event":{"mods":["Ascension Reborn","BaseMod","Colored Map","Colored Powertips","Lobotomy","Minty Spire (QoL Compilation)","Random Character Button","Shop Mod","StSLib"],"gold_per_floor":[111,122,197,211,57,92,109,126,151,170,190,190,200,200,200,299,299,299,299],"floor_reached":18,"playtime":1521,"items_purged":[],"score":174,"play_id":"a9764301-64dd-4be0-ab65-b6aaa7c70de6","local_time":"20210106162731","is_ascension_mode":true,"campfire_choices":[{"data":"Armaments","floor":12.0,"key":"SMITH"},{"data":"Second Wind","floor":15.0,"key":"SMITH"}],"circlet_count":0,"master_deck":["Strike_R","Strike_R","Strike_R","Strike_R","Strike_R","Defend_R","Defend_R","Defend_R+1","Defend_R","Bash","Bloodbath","Dark Embrace+1","Havoc","Fire Breathing","Second Wind+1","Sever Soul","Carnage","Battle Trance","Armaments+1","Impervious","CurseOfTheBell"],"relics":["Burning Blood","CogitoBucket","Bottled Tornado","Calling Bell","Blood Vial","Mercury Hourglass","Mango"],"acts_visited":["Exordium","TheCity"],"potions_floor_usage":[],"damage_taken":[{"damage":9.0,"enemies":"Jaw Worm","floor":1.0,"turns":4.0},{"damage":6.0,"enemies":"Small Slimes","floor":2.0,"turns":3.0},{"damage":0.0,"enemies":"2 Louse","floor":4.0,"turns":3.0},{"damage":49.0,"enemies":"Gremlin Nob","floor":6.0,"turns":5.0},{"damage":11.0,"enemies":"Red Slaver","floor":7.0,"turns":5.0},{"damage":30.0,"enemies":"Exordium Thugs","floor":8.0,"turns":6.0},{"damage":8.0,"enemies":"2 Fungi Beasts","floor":10.0,"turns":5.0},{"damage":5.0,"enemies":"Looter","floor":11.0,"turns":3.0},{"damage":21.0,"enemies":"Exordium Wildlife","floor":13.0,"turns":4.0},{"damage":34.0,"enemies":"Hexaghost","floor":16.0,"turns":10.0},{"damage":44,"enemies":"Shell Parasite","floor":18,"turns":7}],"seed_played":"7144048019973559801","potions_obtained":[{"floor":1.0,"key":"Ancient Potion"},{"floor":2.0,"key":"BloodPotion"},{"floor":6.0,"key":"Fire Potion"},{"floor":11.0,"key":"Block Potion"},{"floor":13.0,"key":"CultistPotion"},{"floor":16.0,"key":"ElixirPotion"}],"is_trial":false,"path_per_floor":["M","M","?","M","$","E","M","M","T","M","M","R","M","?","R","B",null,"M"],"character_chosen":"IRONCLAD","items_purchased":["Second Wind","Sever Soul"],"campfire_rested":0,"item_purchase_floors":[5,5],"current_hp_per_floor":[77,77,66,73,73,30,26,64,64,63,64,64,50,34,34,8,94,50,50],"gold":299,"neow_bonus":"","is_daily":false,"chose_seed":false,"campfire_upgraded":2,"win_rate":0.0,"timestamp":1609921651,"path_taken":["M","M","?","M","$","E","M","M","T","M","M","R","M","?","R","BOSS","M"],"items_purchased_type":["Card","Card"],"build_version":"2020-12-22","purchased_purges":0,"victory":false,"max_hp_per_floor":[80,80,80,80,80,80,80,80,80,80,80,80,80,80,80,80,94,94,94],"card_choices":[{"not_picked":["WallGazer","LittleHelper"],"picked":"Bloodbath","floor":1.0},{"not_picked":["Rupture","Wild Strike"],"picked":"Dark Embrace","floor":1.0},{"not_picked":["Flex","Iron Wave"],"picked":"Havoc","floor":2.0},{"not_picked":["HeroicMonk","BigBadWolf"],"picked":"Yin","floor":4.0},{"not_picked":["Heavy Blade","Havoc"],"picked":"Fire Breathing","floor":4.0},{"not_picked":["True Grit","Corruption","Clash"],"picked":"SKIP","floor":6.0},{"not_picked":["Havoc","Warcry"],"picked":"Carnage","floor":7.0},{"not_picked":["Reaper","Inflame"],"picked":"Battle Trance","floor":8.0},{"not_picked":["Disarm","Inflame","Cleave"],"picked":"SKIP","floor":10.0},{"not_picked":["Dual Wield","Wild Strike"],"picked":"Armaments","floor":11.0},{"not_picked":["Second Wind","Anger","Blood for Blood"],"picked":"SKIP","floor":13.0},{"not_picked":["Berserk","Bludgeon"],"picked":"Impervious","floor":16.0}],"player_experience":65642,"relics_obtained":[{"floor":6.0,"key":"Bottled Tornado"},{"floor":17.0,"key":"Blood Vial"},{"floor":17.0,"key":"Mercury Hourglass"},{"floor":17.0,"key":"Mango"}],"event_choices":[{"damage_healed":0.0,"max_hp_gain":0.0,"max_hp_loss":0.0,"gold_gain":75.0,"event_name":"World of Goop","player_choice":"Gather Gold","floor":3.0,"gold_loss":0.0,"damage_taken":11.0},{"damage_healed":0.0,"max_hp_gain":0.0,"max_hp_loss":0.0,"gold_gain":0.0,"event_name":"Shining Light","player_choice":"Entered Light","floor":14.0,"gold_loss":0.0,"damage_taken":16.0,"cards_upgraded":["Defend_R","Dark Embrace"]}],"is_beta":false,"boss_relics":[{"not_picked":["Cursed Key","Ectoplasm"],"picked":"Calling Bell"}],"items_purged_floors":[],"is_endless":false,"potions_floor_spawned":[1,2,6,11,13,16],"killed_by":"Shell Parasite","ascension_level":1}}