{"host":"1q1wpq6df472foxy","time":1609930751,"event":{"mods":["BaseMod","DeckTracker","Highlight Path","Minty Spire (QoL Compilation)","Quick Restart","StSLib","SuperFastMode"],"gold_per_floor":[114,39,55,55,55,55,85,85,110,137,137,151,167,183,183,183,183],"floor_reached":16,"playtime":1440,"items_purged":["Defend_R"],"score":209,"play_id":"fd14c20f-9661-4ee1-b0b6-911dbab9feb8","local_time":"20210106195911","is_ascension_mode":true,"campfire_choices":[{"floor":6,"key":"RECALL"},{"data":"Bash","floor":8,"key":"SMITH"},{"floor":15,"key":"REST"}],"circlet_count":0,"master_deck":["AscendersBane","Strike_R","Strike_R","Strike_R","Strike_R","Strike_R","Defend_R","Defend_R","Defend_R","Bash+1","Armaments"],"relics":["Burning Blood","NeowsBlessing","The Courier","Juzu Bracelet","SsserpentHead"],"acts_visited":["Exordium"],"potions_floor_usage":[16],"damage_taken":[{"damage":0,"enemies":"Small Slimes","floor":1,"turns":1},{"damage":0,"enemies":"Jaw Worm","floor":3,"turns":1},{"damage":0,"enemies":"3 Sentries","floor":7,"turns":1},{"damage":24,"enemies":"Gremlin Nob","floor":10,"turns":4},{"damage":6,"enemies":"Cultist","floor":12,"turns":3},{"damage":17,"enemies":"Exordium Thugs","floor":13,"turns":4},{"damage":24,"enemies":"Blue Slaver","floor":14,"turns":4},{"damage":45,"enemies":"Hexaghost","floor":16,"turns":6}],"seed_played":"-1843722669696523956","potions_obtained":[{"floor":7,"key":"SkillPotion"},{"floor":10,"key":"CultistPotion"}],"is_trial":false,"path_per_floor":["M","$","M","$","?","R","E","R","T","E","?","M","M","M","R","B"],"character_chosen":"IRONCLAD","items_purchased":[],"campfire_rested":1,"item_purchase_floors":[],"current_hp_per_floor":[78,78,80,80,85,85,85,85,85,67,67,67,56,38,63,18,18],"gold":183,"neow_bonus":"THREE_ENEMY_KILL","is_daily":false,"chose_seed":false,"campfire_upgraded":1,"win_rate":0.0,"timestamp":1609930751,"path_taken":["M","$","M","$","?","R","E","R","T","E","?","M","M","M","R","BOSS"],"items_purchased_type":[],"build_version":"2020-12-22","purchased_purges":1,"victory":false,"max_hp_per_floor":[80,80,80,80,85,85,85,85,85,85,85,85,85,85,85,85,85],"card_choices":[{"not_picked":["Havoc","Iron Wave","Rage"],"picked":"SKIP","floor":1},{"not_picked":["Pummel","Uppercut","Dark Embrace"],"picked":"SKIP","floor":3},{"not_picked":["Sword Boomerang","Twin Strike","Havoc"],"picked":"SKIP","floor":7},{"not_picked":["Perfected Strike","Heavy Blade","Cleave"],"picked":"SKIP","floor":10},{"not_picked":["Twin Strike","Warcry"],"picked":"Armaments","floor":12},{"not_picked":["Carnage","Clothesline","Clash"],"picked":"SKIP","floor":13},{"not_picked":["Fire Breathing","Wild Strike","Berserk"],"picked":"SKIP","floor":14}],"player_experience":379287,"relics_obtained":[{"floor":7,"key":"The Courier"},{"floor":10,"key":"Juzu Bracelet"}],"event_choices":[{"damage_healed":0,"gold_gain":0,"player_choice":"Donut","damage_taken":0,"max_hp_gain":5,"max_hp_loss":0,"event_name":"Big Fish","floor":5,"gold_loss":0},{"damage_healed":0,"gold_gain":0,"player_choice":"Trade","damage_taken":0,"relics_obtained":["SsserpentHead"],"max_hp_gain":0,"max_hp_loss":0,"event_name":"FaceTrader","floor":11,"gold_loss":0}],"is_beta":false,"boss_relics":[],"items_purged_floors":[2],"is_endless":false,"potions_floor_spawned":[7,10,14],"killed_by":"Hexaghost","ascension_level":11}}