{"host":"wj90f2q0h2omert0","time":1609976955,"event":{"mods":["BaseMod","Beaked The Cultist","Better Third Choice","ChefMod","Clawfect","Colored Map","DeckTracker","Downfall","Hubris","JesterMod","Minty Spire (QoL Compilation)","Relic Stats","Robot Space Explorer","Shade Mod","StSLib","The Blackbeard","The Caster","The Dragon Tamer","The Druid"],"gold_per_floor":[116,116,134,134,134,177,177,28,28,28,62,62,102,137,137,246,246,267,61,61,105,27,27,27,27,27],"floor_reached":25,"playtime":890,"items_purged":[],"score":371,"play_id":"eba4261f-15b6-4653-9e2b-3316574a74f7","local_time":"20210106184915","daily_mods":["SealedDeck","Heirloom","Time Dilation","Flight","downfall:Lament","DeadlyEvents","Elite Swarm"],"is_ascension_mode":false,"campfire_choices":[{"data":"jesterMod:Momentum","floor":7,"key":"SMITH"},{"data":"jesterMod:Precipitation","floor":10,"key":"SMITH"},{"data":"jesterMod:Precipitation","floor":12,"key":"SMITH"},{"data":"jesterMod:Momentum","floor":15,"key":"SMITH"},{"floor":23,"key":"REST"},{"floor":24,"key":"REST"}],"circlet_count":0,"master_deck":["jesterMod:Precipitation","jesterMod:Prankster","jesterMod:Swiftness","jesterMod:Flee+1","jesterMod:Prankster","jesterMod:BouncingKnife+1","jesterMod:Mending","jesterMod:Precipitation+1","jesterMod:DancingMad+1","jesterMod:BouncingKnife+1","jesterMod:Exasperation","jesterMod:Precipitation+1","jesterMod:Momentum+1","jesterMod:Momentum+1","jesterMod:Placebo","jesterMod:LightTheWick+1","jesterMod:Momentum","jesterMod:Contradiction"],"relics":["jesterMod:JesterCap","NeowsBlessing","Torii","CultistMask","hubris:Towel","Gremlin Horn","CeramicFish","Lee\u0027s Waffle","Letter Opener","Mango","War Paint","Darkstone Periapt","expansioncontent:StudyCardRelic","Membership Card","betterThird:NestCultRelic","Red Mask","Whetstone"],"acts_visited":["Exordium","TheCity"],"potions_floor_usage":[13,13,14],"damage_taken":[{"damage":8,"enemies":"2 Louse","floor":1,"turns":2},{"damage":0,"enemies":"Cultist","floor":3,"turns":2},{"damage":1,"enemies":"3 Sentries","floor":6,"turns":3},{"damage":1,"enemies":"Gremlin Nob","floor":11,"turns":3},{"damage":19,"enemies":"3 Sentries","floor":13,"turns":4},{"damage":0,"enemies":"Lagavulin","floor":14,"turns":4},{"damage":28,"enemies":"The Guardian","floor":16,"turns":5},{"damage":13,"enemies":"Shell Parasite","floor":18,"turns":3},{"damage":76,"enemies":"Masked Bandits","floor":21,"turns":7},{"damage":59,"enemies":"Book of Stabbing","floor":25,"turns":4}],"seed_played":"2551822665930116150","potions_obtained":[{"floor":1,"key":"Strength Potion"},{"floor":11,"key":"ColorlessPotion"},{"floor":13,"key":"Energy Potion"}],"is_trial":true,"path_per_floor":["M","?","M","?","T","E","R","$","T","R","E","R","E","E","R","B",null,"M","$","?","?","$","R","R","E"],"character_chosen":"THE_JESTER","items_purchased":["Lee\u0027s Waffle","Membership Card","jesterMod:Momentum","Whetstone"],"campfire_rested":2,"item_purchase_floors":[8,19,19,22],"current_hp_per_floor":[62,62,62,62,62,61,61,77,77,77,90,90,71,71,71,43,91,78,78,78,2,2,29,56,0,0],"gold":27,"neow_bonus":"","is_daily":false,"chose_seed":false,"campfire_upgraded":4,"win_rate":0.0,"timestamp":1609976955,"path_taken":["M","?","?","?","?","E","R","$","T","R","?","R","E","E","R","BOSS","M","$","?","?","$","R","R","E"],"items_purchased_type":["Relic","Relic","Card","Relic"],"build_version":"2020-12-22","purchased_purges":0,"victory":false,"max_hp_per_floor":[70,70,70,70,70,70,70,77,77,77,91,91,91,91,91,91,91,91,91,91,91,91,91,91,91,91],"relic_stats":{"Darkstone Periapt":0,"Lee\u0027s Waffle":16,"Torii":38,"Gremlin Horn":[5,5],"counters":[10,37],"CeramicFish":54,"Letter Opener":[15],"Whetstone":["jesterMod:BouncingKnife","jesterMod:BouncingKnife"],"War Paint":["jesterMod:DancingMad","jesterMod:Flee"],"obtain_stats":[{"Darkstone Periapt":14,"Lee\u0027s Waffle":8,"NeowsBlessing":0,"Torii":0,"Gremlin Horn":5,"CeramicFish":6,"Mango":11,"jesterMod:JesterCap":0,"betterThird:NestCultRelic":20,"expansioncontent:StudyCardRelic":17,"Letter Opener":9,"Whetstone":22,"hubris:Towel":4,"War Paint":13,"CultistMask":2,"Red Mask":21,"Membership Card":19},{"Darkstone Periapt":6,"Lee\u0027s Waffle":3,"NeowsBlessing":0,"Torii":0,"Gremlin Horn":2,"CeramicFish":3,"Mango":4,"jesterMod:JesterCap":0,"betterThird:NestCultRelic":8,"expansioncontent:StudyCardRelic":7,"Letter Opener":3,"Whetstone":9,"hubris:Towel":2,"War Paint":5,"CultistMask":1,"Red Mask":9,"Membership Card":8},{"Darkstone Periapt":18,"Lee\u0027s Waffle":7,"NeowsBlessing":0,"Torii":0,"Gremlin Horn":4,"CeramicFish":7,"Mango":10,"jesterMod:JesterCap":0,"betterThird:NestCultRelic":26,"expansioncontent:StudyCardRelic":23,"Letter Opener":7,"Whetstone":33,"hubris:Towel":4,"War Paint":14,"CultistMask":2,"Red Mask":33,"Membership Card":26}]},"card_choices":[{"not_picked":["jesterMod:DesperateStrike","jesterMod:Frenzy"],"picked":"jesterMod:Exasperation","floor":1},{"not_picked":["jesterMod:BouncingKnife","jesterMod:OblivionStrike"],"picked":"jesterMod:Precipitation","floor":3},{"not_picked":["jesterMod:Finale","jesterMod:ExperimentalTreatment"],"picked":"jesterMod:Momentum","floor":6},{"not_picked":["jesterMod:Trance","jesterMod:Juggler","jesterMod:Drunkenness"],"picked":"SKIP","floor":11},{"not_picked":["jesterMod:Drunkenness","jesterMod:ButterflyDance"],"picked":"jesterMod:Momentum","floor":13},{"not_picked":["jesterMod:Overthink","jesterMod:Trance","jesterMod:HedgehogForm"],"picked":"SKIP","floor":14},{"not_picked":["jesterMod:Juggle","jesterMod:Overthink"],"picked":"jesterMod:Placebo","floor":16},{"not_picked":["jesterMod:Contradiction","jesterMod:SmokeScreen"],"picked":"jesterMod:LightTheWick+1","floor":18},{"not_picked":["jesterMod:Talion","jesterMod:Patience"],"picked":"jesterMod:Contradiction","floor":21}],"player_experience":675442,"relics_obtained":[{"floor":5,"key":"Gremlin Horn"},{"floor":6,"key":"CeramicFish"},{"floor":9,"key":"Letter Opener"},{"floor":11,"key":"Mango"},{"floor":13,"key":"War Paint"},{"floor":14,"key":"Darkstone Periapt"},{"floor":21,"key":"Red Mask"}],"event_choices":[{"damage_healed":0,"gold_gain":0,"player_choice":"Trade","damage_taken":0,"relics_obtained":["CultistMask"],"max_hp_gain":0,"max_hp_loss":0,"event_name":"FaceTrader","floor":2,"gold_loss":0},{"damage_healed":0,"gold_gain":0,"player_choice":"Madness","damage_taken":0,"relics_obtained":["betterThird:NestCultRelic"],"max_hp_gain":0,"max_hp_loss":0,"event_name":"betterThird:BetterNest","floor":20,"gold_loss":0},{"damage_healed":0,"gold_gain":0,"player_choice":"Fought Bandits","damage_taken":0,"max_hp_gain":0,"max_hp_loss":0,"event_name":"Masked Bandits","floor":21,"gold_loss":0}],"is_beta":false,"boss_relics":[{"not_picked":["hubris:BlackHole","hubris:GrandSneckoEye"],"picked":"expansioncontent:StudyCardRelic"}],"items_purged_floors":[],"is_endless":true,"potions_floor_spawned":[1,11,13],"killed_by":"Book of Stabbing","ascension_level":0}}