{"host":"xurz8oye0j2lsa2k","time":1609956898,"event":{"mods":["AchievementEnabler","BaseMod","BetterRewards","Colored Map","Hubris","Marisa????????","Minty Spire (QoL Compilation)","Permanent Neow","Replay The Spire","Spicy Shops","StSLib","UnlockEverythingMod"],"gold_per_floor":[113,132,58,75,75,109,124,124,148,148,148],"floor_reached":10,"playtime":568,"items_purged":[],"score":68,"play_id":"9d877f07-b2e5-43f5-a41f-78de5a90da30","local_time":"20210106131458","is_ascension_mode":false,"campfire_choices":[],"circlet_count":0,"master_deck":["Strike_G","Strike_G","Strike_G","Strike_G","Strike_G+1","Defend_G","Defend_G","Defend_G","Defend_G","Defend_G","Survivor+1","Neutralize","Dagger Spray","Deadly Poison","Dodge and Roll","Regret","Bouncing Flask"],"relics":["Ring of the Snake","StoneCalendar","hubris:TenFootPole","Oddly Smooth Stone","Membership Card","Lantern","ReplayTheSpireMod:TigerMarble","Pet Ghost","hubris:TinFlute","MealTicket","Tiny Chest"],"acts_visited":["Exordium"],"potions_floor_usage":[4,6,6],"damage_taken":[{"damage":0,"enemies":"Cultist","floor":1,"turns":5},{"damage":0,"enemies":"Jaw Worm","floor":2,"turns":5},{"damage":0,"enemies":"Small Slimes","floor":4,"turns":2},{"damage":9,"enemies":"Lagavulin","floor":6,"turns":6},{"damage":7,"enemies":"2 Fungi Beasts","floor":7,"turns":3},{"damage":19,"enemies":"3 Sentries","floor":10,"turns":4}],"seed_played":"4370043542159810533","potions_obtained":[{"floor":1,"key":"Poison Potion"},{"floor":4,"key":"DistilledChaos"}],"is_trial":false,"path_per_floor":["M","M","$","M","?","E","M","?","T","E"],"character_chosen":"THE_SILENT","items_purchased":["hubris:TenFootPole","Oddly Smooth Stone","Membership Card","Lantern","Pet Ghost"],"campfire_rested":0,"item_purchase_floors":[0,0,0,0,3],"current_hp_per_floor":[38,38,38,38,38,29,22,15,15,0,0],"gold":148,"neow_bonus":"","is_daily":false,"chose_seed":false,"campfire_upgraded":0,"win_rate":0.0,"timestamp":1609956898,"path_taken":["M","M","$","?","?","E","M","?","T","E"],"items_purchased_type":["Relic","Relic","Relic","Relic","Relic"],"build_version":"2020-12-22","purchased_purges":0,"victory":false,"max_hp_per_floor":[70,70,70,70,70,70,70,70,70,70,70],"card_choices":[{"not_picked":["Concentrate","Poisoned Stab"],"picked":"Dagger Spray","floor":1},{"not_picked":["Blade Dance","Poisoned Stab"],"picked":"Deadly Poison","floor":2},{"not_picked":["Blade Dance","Prepared"],"picked":"Dodge and Roll","floor":4},{"not_picked":["Deflect","Eviscerate"],"picked":"Bouncing Flask","floor":6},{"not_picked":["Outmaneuver","Grand Finale","Slice"],"picked":"SKIP","floor":7}],"player_experience":508063,"relics_obtained":[{"floor":6,"key":"MealTicket"},{"floor":9,"key":"Tiny Chest"}],"event_choices":[{"damage_healed":0,"gold_gain":0,"player_choice":"Box","damage_taken":0,"relics_obtained":["hubris:TinFlute"],"max_hp_gain":0,"max_hp_loss":0,"event_name":"Big Fish","floor":5,"gold_loss":0,"cards_obtained":["Regret"]},{"damage_healed":0,"gold_gain":0,"player_choice":"Entered Light","damage_taken":14,"max_hp_gain":0,"max_hp_loss":0,"event_name":"Shining Light","floor":8,"gold_loss":0,"cards_upgraded":["Survivor","Strike_G"]}],"is_beta":false,"boss_relics":[],"items_purged_floors":[],"is_endless":false,"potions_floor_spawned":[1,4],"killed_by":"3 Sentries","ascension_level":0}}