{"host":"yecadp3kwkksam5a","time":1609936507,"event":{"mods":["BaseMod","Minty Spire (QoL Compilation)","Replay The Spire","StSLib","The Jungle"],"gold_per_floor":[118,128,138,63,75,75,101,150,150,164,189,189,205,231,231,333,333,353,218,63,63,81,112,112,130,176,209,3,28,28,28,28,124,124,137,19,19,35,0,27,75,109,109,134,16,35,53,83,83,83,83,83,83,115,115],"floor_reached":56,"playtime":2036,"items_purged":["Glacier","Rebound"],"score":2474,"play_id":"a2041691-8a7d-437b-baad-bd87c142ec52","local_time":"20210106213507","is_ascension_mode":true,"campfire_choices":[{"data":"Genetic Algorithm","floor":6.0,"key":"PURGE"},{"data":"Hologram+1","floor":12.0,"key":"PURGE"},{"floor":24.0,"key":"RECALL"},{"data":"Scrape","floor":30.0,"key":"SMITH"},{"floor":32.0,"key":"DIG"},{"data":"All For One","floor":49,"key":"PURGE"},{"floor":52,"key":"DIG"}],"circlet_count":0,"master_deck":["Beam Cell+1","Go for the Eyes","Gash","All For One+1","Go for the Eyes","Self Repair+1","Scrape+1","Panache+1","Hologram+1","FTL+1","Scrape+1","Gash","ReplayGash","White Noise+1","White Noise+1","Beam Cell","All For One","Beam Cell+1","Sweeping Beam","All For One"],"relics":["Mercury Hourglass","Peace Pipe","Torii","Anchor","Sozu","HandDrill","InkBottle","TungstenRod","Shuriken","White Beast Statue","Nilry\u0027s Codex","Mummified Hand","Boot","Blue Candle","SlaversCollar","Iron Hammer","Toxic Egg 2","Shuriken","Replay:Mystery Machine","SacredBark","theJungle:Flamango","Omamori","Question Card","The Courier","Lee\u0027s Waffle","Blue Doll","Shovel","ReplayTheSpireMod:Shallot","Ring of Chaos","Medical Kit","Prayer Wheel","Red Mask","Pocketwatch","Replay:Multitool","Dream Catcher","Gremlin Food","Potion Belt","Membership Card","Replay:Accelerometer","InkBottle","Toy Ornithopter"],"acts_visited":["Exordium","theJungle:Jungle","TheBeyond","TheEnding"],"potions_floor_usage":[],"damage_taken":[{"damage":0.0,"enemies":"Small Slimes","floor":1.0,"turns":1.0},{"damage":0.0,"enemies":"2 Louse","floor":2.0,"turns":1.0},{"damage":0.0,"enemies":"Cultist","floor":3.0,"turns":2.0},{"damage":0.0,"enemies":"Looter","floor":5.0,"turns":1.0},{"damage":0.0,"enemies":"Lagavulin","floor":7.0,"turns":1.0},{"damage":0.0,"enemies":"3 Louse","floor":10.0,"turns":1.0},{"damage":0.0,"enemies":"3 Sentries","floor":11.0,"turns":1.0},{"damage":0.0,"enemies":"Exordium Wildlife","floor":13.0,"turns":1.0},{"damage":0.0,"enemies":"Gremlin Nob","floor":14.0,"turns":1.0},{"damage":0.0,"enemies":"Fading Forest","floor":16.0,"turns":3.0},{"damage":0.0,"enemies":"theJungle:5_Spyders","floor":18.0,"turns":1.0},{"damage":0.0,"enemies":"Shell Parasite","floor":22.0,"turns":1.0},{"damage":0.0,"enemies":"theJungle:Cassacara","floor":23.0,"turns":2.0},{"damage":1.0,"enemies":"theJungle:Snecko_Cultist_And_Trap","floor":25.0,"turns":1.0},{"damage":0.0,"enemies":"theJungle:2_Phrogs","floor":27.0,"turns":1.0},{"damage":0.0,"enemies":"theJungle:Cassacara","floor":29.0,"turns":1.0},{"damage":0.0,"enemies":"theJungle:QueenSpyder","floor":33.0,"turns":1.0},{"damage":0.0,"enemies":"3 Darklings","floor":35.0,"turns":2.0},{"damage":7.0,"enemies":"Orb Walker","floor":38.0,"turns":3.0},{"damage":0.0,"enemies":"R_Hoarder","floor":40.0,"turns":3.0},{"damage":0.0,"enemies":"2 Orb Walkers","floor":41.0,"turns":2.0},{"damage":0.0,"enemies":"Giant Head","floor":42.0,"turns":1.0},{"damage":0.0,"enemies":"R_Hoarder","floor":44.0,"turns":3.0},{"damage":0,"enemies":"3 Darklings","floor":46,"turns":1},{"damage":0,"enemies":"Maw","floor":47,"turns":2},{"damage":0,"enemies":"Nemesis","floor":48,"turns":1},{"damage":10,"enemies":"Donu and Deca","floor":50,"turns":2},{"damage":0,"enemies":"Shield and Spear","floor":54,"turns":1},{"damage":47,"enemies":"The Heart","floor":55,"turns":3}],"seed_played":"-4923717696817636724","potions_obtained":[],"is_trial":false,"path_per_floor":["M","M","M","$","M","R","E","?","T","M","E","R","M","E","R","B",null,"M","?","$","?","M","E","R","M","T","E","$","E","R","?","R","B",null,"M","$","?","M","?","E","?","E","T","E","$","M","M","E","R","B",null,"R","$","E","B",null],"character_chosen":"DEFECT","items_purchased":["Omamori","Lee\u0027s Waffle","Medical Kit","Membership Card"],"campfire_rested":0,"item_purchase_floors":[20,28,36,45],"current_hp_per_floor":[68,68,68,68,68,68,68,68,68,68,68,68,68,68,68,68,68,68,68,68,68,68,68,68,67,67,67,75,75,75,24,24,24,62,72,72,72,75,75,75,75,75,75,75,75,75,75,75,75,65,73,73,73,75,38],"gold":115,"neow_bonus":"BOSS_RELIC","is_daily":false,"chose_seed":false,"campfire_upgraded":1,"win_rate":0.0,"timestamp":1609936507,"path_taken":["M","M","M","$","M","R","E","?","T","M","E","R","?","E","R","BOSS","M","?","$","?","?","E","R","M","T","E","$","E","R","?","R","BOSS","M","$","?","M","?","E","?","E","T","E","$","M","M","E","R","BOSS","R","$","E","BOSS"],"items_purchased_type":["Relic","Relic","Relic","Relic"],"build_version":"2020-12-22","purchased_purges":2,"victory":true,"max_hp_per_floor":[68,68,68,68,68,68,68,68,68,68,68,68,68,68,68,68,68,68,68,68,68,68,68,68,68,68,68,75,75,75,75,75,75,75,75,75,75,75,75,75,75,75,75,75,75,75,75,75,75,75,75,75,75,75,75],"card_choices":[{"not_picked":["Chill","Glacier","Hologram"],"picked":"SKIP","floor":1.0},{"not_picked":["Sweeping Beam","Conserve Battery","ReplaySolidLightProjector"],"picked":"SKIP","floor":2.0},{"not_picked":["Sweeping Beam","Reprogram","Stack"],"picked":"SKIP","floor":3.0},{"not_picked":["Panic Button","Fusion","Stack"],"picked":"SKIP","floor":5.0},{"not_picked":["Panic Button","Fusion","Stack"],"picked":"SKIP","floor":5.0},{"not_picked":["Core Surge","Barrage","ReplayTheSpireMod:Repulse"],"picked":"SKIP","floor":7.0},{"not_picked":["Beam Cell","Stack+1","Time Bomb+1"],"picked":"SKIP","floor":10.0},{"not_picked":["Defragment","Beam Cell"],"picked":"Scrape","floor":11.0},{"not_picked":["Redo+1","Streamline"],"picked":"Gash","floor":13.0},{"not_picked":["Coolheaded+1","Amplify+1","Self Repair"],"picked":"SKIP","floor":14.0},{"not_picked":["Panic Button+1","Cold Snap"],"picked":"ReplayGash","floor":18.0},{"not_picked":["Cold Snap","Go for the Eyes","ReplayGash"],"picked":"SKIP","floor":22.0},{"not_picked":["Hologram+1","Cold Snap","Amplify+1"],"picked":"SKIP","floor":23.0},{"not_picked":["Hello World","Loop+1","Leap+1","Streamline"],"picked":"SKIP","floor":25.0},{"not_picked":["Glacier+1","Reprogram+1","Sunder+1"],"picked":"White Noise+1","floor":27.0},{"not_picked":["Hello World+1","Aggregate+1","Hologram+1","BasicCrystalCard+1"],"picked":"SKIP","floor":29.0},{"not_picked":["Multi-Cast+1","Buffer","Fission+1"],"picked":"ReplayTheSpireMod:Fabricate Wheel+1","floor":33.0},{"not_picked":["Steam+1","Sweeping Beam+1","Undo+1"],"picked":"Beam Cell","floor":35.0},{"not_picked":["Barrage","Coolheaded+1","Steam+1","Ball Lightning+1"],"picked":"SKIP","floor":38.0},{"not_picked":["Ball Lightning","Steam+1","Seek+1","Panic Button+1"],"picked":"SKIP","floor":38.0},{"not_picked":["Steam+1","Reinforced Body+1","Turbo+1","Crystallizer"],"picked":"SKIP","floor":40.0},{"not_picked":["Crystallizer+1","Recycle+1","Rebound"],"picked":"Beam Cell+1","floor":41.0},{"not_picked":["Gash","Darkness+1","Core Surge","Coolheaded+1"],"picked":"SKIP","floor":42.0},{"not_picked":["Redo+1","Cold Snap+1","ReplayTheSpireMod:Repulse+1","Rebound"],"picked":"SKIP","floor":44.0},{"not_picked":["Glacier+1","Chaos+1","ReplaySolidLightProjector+1"],"picked":"Sweeping Beam","floor":46},{"not_picked":["ReplaySort+1","Doom and Gloom","Leap+1"],"picked":"All For One","floor":46},{"not_picked":["Consume+1","Steam+1","Leap+1","Lockon"],"picked":"SKIP","floor":47},{"not_picked":["Ball Lightning+1","Go for the Eyes","Stack+1","Hologram+1"],"picked":"SKIP","floor":47},{"not_picked":["Panic Button+1","Skim+1","Capacitor+1","Tempest+1"],"picked":"SKIP","floor":48},{"not_picked":["Stack+1","Tempest+1","Ball Lightning","Aggregate+1"],"picked":"SKIP","floor":54}],"player_experience":399224,"relics_obtained":[{"floor":7.0,"key":"Iron Hammer"},{"floor":8.0,"key":"Toxic Egg 2"},{"floor":9.0,"key":"Shuriken"},{"floor":11.0,"key":"Replay:Mystery Machine"},{"floor":23.0,"key":"Question Card"},{"floor":27.0,"key":"The Courier"},{"floor":29.0,"key":"Blue Doll"},{"floor":32.0,"key":"ReplayTheSpireMod:Shallot"},{"floor":40.0,"key":"Pocketwatch"},{"floor":41.0,"key":"Replay:Multitool"},{"floor":42.0,"key":"Dream Catcher"},{"floor":43.0,"key":"Gremlin Food"},{"floor":44.0,"key":"Potion Belt"},{"floor":48,"key":"Replay:Accelerometer"},{"floor":52,"key":"InkBottle"},{"floor":54,"key":"Toy Ornithopter"}],"event_choices":[{"damage_healed":0.0,"max_hp_gain":0.0,"max_hp_loss":0.0,"gold_gain":0.0,"event_name":"Liars Game","player_choice":"Ignored","floor":15.0,"gold_loss":0.0,"damage_taken":0.0},{"damage_healed":0.0,"max_hp_gain":0.0,"max_hp_loss":0.0,"gold_gain":0.0,"event_name":"Match and Keep!","player_choice":"1 cards matched","floor":21.0,"gold_loss":0.0,"damage_taken":0.0,"cards_obtained":["White Noise"]},{"damage_healed":0.0,"max_hp_gain":0.0,"max_hp_loss":0.0,"gold_gain":0.0,"event_name":"Tomb of Lord Red Mask","player_choice":"Paid","floor":39.0,"gold_loss":35.0,"damage_taken":0.0,"relics_obtained":["Red Mask"]},{"damage_healed":0.0,"max_hp_gain":0.0,"max_hp_loss":0.0,"gold_gain":0.0,"event_name":"Mysterious Sphere","player_choice":"Fight","floor":41.0,"gold_loss":0.0,"damage_taken":0.0}],"is_beta":false,"boss_relics":[{"not_picked":["Honey Jar","Velvet Choker"],"picked":"SacredBark"},{"not_picked":["Runic Dome","Coffee Dripper"],"picked":"Ring of Chaos"}],"items_purged_floors":[4,28],"is_endless":false,"potions_floor_spawned":[1,2,3,5,7,10,11,13,14,16,18,22,23,25,27,29,33,35,38,40,41,42,44,46,47,48,54],"ascension_level":10}}