{"host":"g01l53quoe6lrer0","time":1609946884,"event":{"mods":["2.2 Compatiblity","AchievementEnabler","BaseMod","Colored Map","Highlight Path","Keyboard Shortcuts","Minty Spire (QoL Compilation)","Permanent Neow","StSLib","SuperFastMode","everything is the same but u backflip on backflip"],"gold_per_floor":[360,88,102,120,120,134,134,134,159,159,183,183,258,272,272,392,392,417,433,446,465,465,465,486,486,532,217,316,330,344,362,362,362,362],"floor_reached":33,"playtime":810,"items_purged":["Injury","Defragment+1"],"score":243,"play_id":"d30e1197-74f1-4cd1-8661-e433ff72d61c","local_time":"20210107002804","is_ascension_mode":false,"campfire_choices":[{"data":"Defragment","floor":7,"key":"SMITH"},{"data":"Loop","floor":10,"key":"SMITH"},{"data":"Zap","floor":12,"key":"SMITH"},{"floor":15,"key":"REST"},{"floor":23,"key":"REST"},{"data":"Hologram","floor":25,"key":"SMITH"},{"floor":32,"key":"REST"}],"circlet_count":0,"master_deck":["Strike_B+1","Strike_B+1","Strike_B+1","Defend_B+1","Defend_B+1","Defend_B+1","Defend_B+1","Zap+1","Dualcast","Loop+1","Hologram","Thunder Strike","Rebound","Biased Cognition","Hologram+1","Turbo","Consume","Reboot","Undo+1","Tempest","Defragment+1","Self Repair","Rainbow","Coolheaded+1","Capacitor"],"relics":["Cracked Core","Golden Idol","DataDisk","Sozu","Omamori","DollysMirror"],"acts_visited":["Exordium","TheCity"],"potions_floor_usage":[16,21],"damage_taken":[{"damage":2,"enemies":"2 Louse","floor":1,"turns":3},{"damage":1,"enemies":"Cultist","floor":3,"turns":5},{"damage":12,"enemies":"Small Slimes","floor":4,"turns":2},{"damage":10,"enemies":"Looter","floor":6,"turns":3},{"damage":11,"enemies":"3 Louse","floor":11,"turns":2},{"damage":1,"enemies":"Exordium Wildlife","floor":14,"turns":2},{"damage":7,"enemies":"Slime Boss","floor":16,"turns":6},{"damage":18,"enemies":"3 Byrds","floor":18,"turns":4},{"damage":10,"enemies":"Chosen","floor":19,"turns":4},{"damage":10,"enemies":"Snecko","floor":20,"turns":5},{"damage":5,"enemies":"Centurion and Healer","floor":21,"turns":5},{"damage":10,"enemies":"Snake Plant","floor":24,"turns":3},{"damage":0,"enemies":"Snecko","floor":29,"turns":4},{"damage":2,"enemies":"Cultist and Chosen","floor":30,"turns":4},{"damage":15,"enemies":"Centurion and Healer","floor":31,"turns":4},{"damage":59,"enemies":"Collector","floor":33,"turns":7}],"seed_played":"-1353548532575647971","potions_obtained":[{"floor":4,"key":"Explosive Potion"},{"floor":6,"key":"EssenceOfSteel"},{"floor":11,"key":"DistilledChaos"}],"is_trial":false,"path_per_floor":["M","$","M","M","?","M","R","?","T","R","M","R","?","M","R","B",null,"M","M","M","M","?","R","M","R","T","$","?","M","M","M","R","B"],"character_chosen":"DEFECT","items_purchased":["Defragment","Hologram","Thunder Strike","DollysMirror","Self Repair"],"campfire_rested":3,"item_purchase_floors":[2,2,2,27,27],"current_hp_per_floor":[73,73,72,60,60,50,50,50,50,50,39,39,28,27,47,40,69,51,41,31,26,26,46,36,36,36,36,36,36,41,33,53,0,0],"gold":362,"neow_bonus":"TWO_FIFTY_GOLD","is_daily":false,"chose_seed":false,"campfire_upgraded":4,"win_rate":0.0,"timestamp":1609946884,"path_taken":["M","$","M","M","?","M","R","?","T","R","?","R","?","M","R","BOSS","M","M","M","M","?","R","M","R","T","$","?","M","M","M","R","BOSS"],"items_purchased_type":["Card","Card","Card","Relic","Card"],"build_version":"2020-12-22","purchased_purges":2,"victory":false,"max_hp_per_floor":[75,75,75,75,69,69,69,69,69,69,69,69,69,69,69,69,69,69,69,69,69,69,69,69,69,69,69,69,69,69,69,69,69,69],"card_choices":[{"not_picked":["Streamline","Heatsinks"],"picked":"Loop","floor":1},{"not_picked":["Stack","Go for the Eyes"],"picked":"Rebound","floor":3},{"not_picked":["Stack","Go for the Eyes"],"picked":"Biased Cognition","floor":4},{"not_picked":["Leap","Compile Driver"],"picked":"Hologram","floor":6},{"not_picked":["Static Discharge","Leap"],"picked":"Turbo","floor":11},{"not_picked":["Redo","Beam Cell"],"picked":"Consume","floor":14},{"not_picked":["Buffer","Biased Cognition"],"picked":"Reboot","floor":16},{"not_picked":["Recycle","Beam Cell"],"picked":"Undo+1","floor":18},{"not_picked":["Consume","Chill+1"],"picked":"Tempest","floor":19},{"not_picked":["Hologram","Compile Driver","Barrage"],"picked":"SKIP","floor":20},{"not_picked":["Steam","Streamline","Leap"],"picked":"SKIP","floor":21},{"not_picked":["Fusion+1","Go for the Eyes","Redo"],"picked":"SKIP","floor":24},{"not_picked":["Conserve Battery","Go for the Eyes"],"picked":"Rainbow","floor":29},{"not_picked":["Heatsinks","Gash+1"],"picked":"Coolheaded+1","floor":30},{"not_picked":["Ball Lightning","Compile Driver"],"picked":"Capacitor","floor":31}],"player_experience":30575,"relics_obtained":[{"floor":9,"key":"DataDisk"},{"floor":26,"key":"Omamori"}],"event_choices":[{"damage_healed":0,"gold_gain":0,"player_choice":"Lose Max HP","damage_taken":0,"relics_obtained":["Golden Idol"],"max_hp_gain":0,"max_hp_loss":6,"event_name":"Golden Idol","floor":5,"gold_loss":0},{"cards_removed":["Strike_B"],"damage_healed":0,"gold_gain":0,"player_choice":"Offered Basic","damage_taken":0,"max_hp_gain":0,"max_hp_loss":0,"event_name":"Bonfire Elementals","floor":8,"gold_loss":0},{"damage_healed":0,"gold_gain":75,"player_choice":"Gather Gold","damage_taken":11,"max_hp_gain":0,"max_hp_loss":0,"event_name":"World of Goop","floor":13,"gold_loss":0},{"damage_healed":0,"gold_gain":0,"player_choice":"Simplicity","damage_taken":0,"max_hp_gain":0,"max_hp_loss":0,"event_name":"Back to Basics","floor":22,"gold_loss":0,"cards_upgraded":["Strike_B","Strike_B","Strike_B","Defend_B","Defend_B","Defend_B","Defend_B"]},{"damage_healed":0,"gold_gain":99,"player_choice":"Stole From Cult","damage_taken":0,"max_hp_gain":0,"max_hp_loss":0,"event_name":"Nest","floor":28,"gold_loss":0}],"is_beta":false,"boss_relics":[{"not_picked":["Astrolabe","Black Star"],"picked":"Sozu"}],"items_purged_floors":[2,27],"is_endless":false,"potions_floor_spawned":[4,6,11,18,19,30,31],"killed_by":"Collector","ascension_level":0}}