{"host":"mdbnki27vzqujy5q","time":1609920784,"event":{"mods":["BaseMod","Colored Powertips","Minty Spire (QoL Compilation)","Quick Restart"],"gold_per_floor":[363,381,394,469,469,469,489,516,587,604,615,615,615],"floor_reached":12,"playtime":441,"items_purged":[],"score":112,"play_id":"a4d2b501-6d15-4103-b4ed-c2912a9397c6","local_time":"20210106001304","is_ascension_mode":true,"campfire_choices":[{"floor":6,"key":"REST"}],"circlet_count":0,"master_deck":["Strike_G","Strike_G","Strike_G","Strike_G","Strike_G","Defend_G","Defend_G","Defend_G","Defend_G","Defend_G","Survivor","Neutralize","Blade Dance","Outmaneuver","Infinite Blades","Escape Plan","Bane","Poisoned Stab","Poisoned Stab"],"relics":["Ring of the Snake","StoneCalendar"],"acts_visited":["Exordium"],"potions_floor_usage":[8,8,11,12],"damage_taken":[{"damage":1,"enemies":"Cultist","floor":1,"turns":4},{"damage":5,"enemies":"2 Louse","floor":2,"turns":2},{"damage":10,"enemies":"Jaw Worm","floor":3,"turns":3},{"damage":11,"enemies":"Red Slaver","floor":7,"turns":4},{"damage":0,"enemies":"Gremlin Nob","floor":8,"turns":2},{"damage":7,"enemies":"Looter","floor":10,"turns":3},{"damage":17,"enemies":"Exordium Thugs","floor":11,"turns":4},{"damage":9,"enemies":"3 Sentries","floor":12,"turns":2}],"seed_played":"-70015036412176920","potions_obtained":[{"floor":3,"key":"Fire Potion"},{"floor":5,"key":"CunningPotion"},{"floor":5,"key":"SteroidPotion"},{"floor":7,"key":"Explosive Potion"},{"floor":11,"key":"PowerPotion"}],"is_trial":false,"path_per_floor":["M","M","M","?","?","R","M","E","T","M","M","E"],"character_chosen":"THE_SILENT","items_purchased":[],"campfire_rested":1,"item_purchase_floors":[],"current_hp_per_floor":[48,43,33,22,22,43,32,32,32,25,8,0,0],"gold":615,"neow_bonus":"TWO_FIFTY_GOLD","is_daily":false,"chose_seed":false,"campfire_upgraded":0,"win_rate":0.0,"timestamp":1609920784,"path_taken":["M","M","?","?","?","R","M","E","T","M","?","E"],"items_purchased_type":[],"build_version":"2020-12-22","purchased_purges":0,"victory":false,"max_hp_per_floor":[70,70,70,70,70,70,70,70,70,70,70,70,70],"card_choices":[{"not_picked":["Dagger Spray","Expertise"],"picked":"Blade Dance","floor":1},{"not_picked":["Poisoned Stab","Acrobatics"],"picked":"Outmaneuver","floor":2},{"not_picked":["Flechettes","Deadly Poison"],"picked":"Infinite Blades","floor":3},{"not_picked":["Outmaneuver","Quick Slash"],"picked":"Escape Plan","floor":7},{"not_picked":["Dodge and Roll","Reflex"],"picked":"Bane","floor":8},{"not_picked":["Outmaneuver","Bullet Time"],"picked":"Poisoned Stab","floor":10},{"not_picked":["Slice","Blur"],"picked":"Poisoned Stab","floor":11}],"player_experience":29394,"relics_obtained":[{"floor":8,"key":"StoneCalendar"}],"event_choices":[{"damage_healed":0,"gold_gain":75,"player_choice":"Gather Gold","damage_taken":11,"max_hp_gain":0,"max_hp_loss":0,"event_name":"World of Goop","floor":4,"gold_loss":0},{"damage_healed":0,"gold_gain":0,"player_choice":"Got Potions","damage_taken":0,"max_hp_gain":0,"max_hp_loss":0,"event_name":"Lab","floor":5,"gold_loss":0}],"is_beta":false,"boss_relics":[],"items_purged_floors":[],"is_endless":false,"potions_floor_spawned":[3,7,11],"killed_by":"3 Sentries","ascension_level":1}}