{"host":"6gnv7me3tk2udb7q","time":1609946110,"event":{"mods":["BaseMod","Bestiary","Colored Map","Minty Spire (QoL Compilation)"],"gold_per_floor":[112,287,237,237,237,237,237,237,237,237,237,271,295,319,319,438,438,461,43,4,4,23,56,80,80,80],"floor_reached":25,"playtime":1018,"items_purged":["Strike_B"],"score":304,"play_id":"c305343f-ca8a-4be0-ad45-e5f3e25016b1","local_time":"20210106101510","is_ascension_mode":true,"campfire_choices":[{"data":"Rebound","floor":6,"key":"SMITH"},{"data":"Zap","floor":8,"key":"SMITH"},{"data":"Strike_B","floor":10,"key":"SMITH"},{"data":"Sunder","floor":15,"key":"SMITH"}],"circlet_count":0,"master_deck":["Strike_B","Strike_B+1","Defend_B","Defend_B","Defend_B","Zap+1","Dualcast+1","Rebound+1","Undo","Cold Snap","Sunder+1","Fission","Coolheaded","Barrage","Fusion","Steam+1","Steam Power"],"relics":["Cracked Core","Blood Vial","Golden Idol","Toy Ornithopter","Pen Nib","Philosopher\u0027s Stone","Bag of Preparation","Sling","Akabeko"],"acts_visited":["Exordium","TheCity"],"potions_floor_usage":[16,16,18,18,18,24,25],"damage_taken":[{"damage":0,"enemies":"Cultist","floor":1,"turns":4},{"damage":25,"enemies":"3 Sentries","floor":12,"turns":5},{"damage":1,"enemies":"2 Louse","floor":13,"turns":3},{"damage":0,"enemies":"Jaw Worm","floor":14,"turns":2},{"damage":39,"enemies":"The Guardian","floor":16,"turns":11},{"damage":0,"enemies":"Shell Parasite","floor":18,"turns":2},{"damage":0,"enemies":"3 Byrds","floor":22,"turns":3},{"damage":22,"enemies":"Gremlin Leader","floor":23,"turns":7},{"damage":1,"enemies":"Cultist and Chosen","floor":24,"turns":4},{"damage":66,"enemies":"Book of Stabbing","floor":25,"turns":4}],"seed_played":"-5582725797981375962","potions_obtained":[{"floor":12,"key":"FocusPotion"},{"floor":14,"key":"Swift Potion"},{"floor":16,"key":"EntropicBrew"},{"floor":22,"key":"Energy Potion"}],"is_trial":false,"path_per_floor":["M","?","?","?","?","R","?","R","T","R","T","E","M","M","R","B",null,"M","$","$","?","M","E","M","E"],"character_chosen":"DEFECT","items_purchased":["Bag of Preparation","Sling","Barrage","Fusion"],"campfire_rested":0,"item_purchase_floors":[19,19,19,20],"current_hp_per_floor":[70,70,70,70,63,63,63,63,63,63,63,40,41,43,43,16,56,69,69,69,69,69,47,53,0,0],"gold":80,"neow_bonus":"RANDOM_COMMON_RELIC","is_daily":false,"chose_seed":false,"campfire_upgraded":4,"win_rate":0.0,"timestamp":1609946110,"path_taken":["M","?","?","?","?","R","?","R","T","R","?","E","M","M","R","BOSS","M","?","$","?","?","E","M","E"],"items_purchased_type":["Relic","Relic","Card","Card"],"build_version":"2020-12-22","purchased_purges":1,"victory":false,"max_hp_per_floor":[75,75,75,75,75,75,69,69,69,69,69,69,69,69,69,69,69,69,69,69,69,69,69,69,69,69],"card_choices":[{"not_picked":["Leap","Gash"],"picked":"Rebound","floor":1},{"not_picked":["Compile Driver","Steam"],"picked":"Undo","floor":12},{"not_picked":["Heatsinks","Gash"],"picked":"Cold Snap","floor":13},{"not_picked":["Double Energy","Skim"],"picked":"Sunder","floor":14},{"not_picked":["Buffer","Meteor Strike"],"picked":"Fission","floor":16},{"not_picked":["Conserve Battery+1","Darkness"],"picked":"Coolheaded","floor":18},{"not_picked":["Rebound","Cold Snap","Streamline"],"picked":"SKIP","floor":22},{"not_picked":["Reprogram","Streamline"],"picked":"Steam+1","floor":23},{"not_picked":["Cold Snap","Rebound"],"picked":"Steam Power","floor":24}],"player_experience":611332,"relics_obtained":[{"floor":9,"key":"Toy Ornithopter"},{"floor":12,"key":"Pen Nib"},{"floor":23,"key":"Akabeko"}],"event_choices":[{"damage_healed":0,"gold_gain":175,"player_choice":"AGREE","damage_taken":0,"max_hp_gain":0,"max_hp_loss":0,"event_name":"Liars Game","floor":2,"gold_loss":0,"cards_obtained":["Doubt"]},{"cards_removed":["Doubt"],"damage_healed":0,"gold_gain":0,"player_choice":"Card Removal","damage_taken":0,"max_hp_gain":0,"max_hp_loss":0,"event_name":"The Cleric","floor":3,"gold_loss":50},{"damage_healed":0,"gold_gain":0,"player_choice":"Grow","damage_taken":0,"max_hp_gain":0,"max_hp_loss":0,"event_name":"Living Wall","floor":4,"gold_loss":0,"cards_upgraded":["Dualcast"]},{"cards_removed":["Defend_B"],"damage_healed":0,"gold_gain":0,"player_choice":"Card Removal","damage_taken":7,"max_hp_gain":0,"max_hp_loss":0,"event_name":"Golden Wing","floor":5,"gold_loss":0},{"damage_healed":0,"gold_gain":0,"player_choice":"Lose Max HP","damage_taken":0,"relics_obtained":["Golden Idol"],"max_hp_gain":0,"max_hp_loss":6,"event_name":"Golden Idol","floor":7,"gold_loss":0},{"cards_removed":["Strike_B"],"damage_healed":0,"gold_gain":0,"player_choice":"Purged","damage_taken":0,"max_hp_gain":0,"max_hp_loss":0,"event_name":"Purifier","floor":21,"gold_loss":0}],"is_beta":false,"boss_relics":[{"not_picked":["Runic Pyramid","Cursed Key"],"picked":"Philosopher\u0027s Stone"}],"items_purged_floors":[19],"is_endless":false,"potions_floor_spawned":[12,14,16,22],"killed_by":"Book of Stabbing","ascension_level":8}}