{"host":"qkbnayyek6fga752","time":1609938184,"event":{"mods":["100% Spire Juice","2.2 Compatiblity","Arknights The Spire","Aspiration","Astrologer","BaseMod","Beaked The Cultist","Better Altar","Better Match","Better Note","Better Sensory Stone","Better Skull","Better Third Choice","CCEM","CapriCore","ChefMod","Clockwork Mod","Conspire","Ekko","Energized Spire","Evolution","Glutton Mod","Hermit","Hubris","Humility","Jedi Mod","Koishi","Mad Scientist","Marisa????????","Minty Spire (QoL Compilation)","Quarter Circle Forward PUNCH!","Random Character Mod","Replay The Spire","Robot Space Explorer","SIMod","Spicy Shops","StSLib","The Administrix","The Alterego","The Animator","The Blackbeard","The Blue Laboratory","The Bug Knight","The Construct","The Cursed","The Death Knight","The Disciple","The Druid","The Exalted","The Forsaken","The Gatherer","The Hayseed","The Hierophant","The Immortal","The Juggle","The Marked","The Necromancer","The Problem Sleuth","The Runesmith","The Sage","The Senshi","The Vixen","TheArtist","TheLocksmith","TheSwordswoman","TheVacant","TheVelvet","Trackpad","Yuri Mod","thorton","vexMod"],"gold_per_floor":[122,7,7,7,32,65,65,109,180,180,216,247,247,397,397,518,518,543,543,564,585,637,637,637,671,694,717,717,757,790,790,790],"floor_reached":31,"playtime":3272,"items_purged":[],"score":412,"play_id":"83b46257-b56e-4546-9bcf-c2769544b86f","local_time":"20210106080304","daily_mods":["SealedDeck","Heirloom","Flight","DeadlyEvents","Elite Swarm"],"is_ascension_mode":false,"campfire_choices":[{"floor":7,"key":"REST"},{"floor":10,"key":"REST"},{"floor":13,"key":"REST"},{"floor":15,"key":"REST"},{"floor":23,"key":"REST"},{"floor":24,"key":"REST"},{"data":"animator:Darkness","floor":28,"key":"SMITH"}],"circlet_count":0,"master_deck":["animator:Shigure","animator:Caster","animator:Gillette","animator:Alexander","animator:MaesHughes","animator:EmiyaShirou","animator:NagisaMomoe","animator:Gillette","animator:MumenRider","animator:MetalKnight","animator:Megumin+8","animator:Darkness+1","animator:NarberalGamma","Pain","animator:MaesHughes","animator:AcuraShin","animator:EmiyaShirou","animator:Greed","animator:Hans","animator:Priestess","animator:Witch","animator:FeridBathory","animator:MetalKnight","Clockwork:Pluck+1","animator:Priestess","animator:Kyubey","animator:Boros","animator:SilverFang","animator:Boros","animator:Ainz"],"relics":["animator:LivingPicture","animator:TheMissingPiece","EVO:Axolotl","animator:PurgingStone","Lizard Tail","Golden Idol","WarpedTongs","DeathKnight:PutricidesVial","Ginger","CCEMRelics:SpiritsEdge","Ancient Tea Set","Black Star","jedi:arcanewood","conspire:Boomerang","Bromod:ArcaneTempo","InkBottle","theForsaken:Gavel","CCEMRelics:JestersCrown","Pet Ghost","hubris:64BitClover","vexMod:FocusSash"],"acts_visited":["Exordium","TheCity"],"potions_floor_usage":[8,21,22,27,29,30,30,30],"damage_taken":[{"damage":13,"enemies":"2 Louse","floor":1,"turns":2},{"damage":5,"enemies":"Small Slimes","floor":5,"turns":3},{"damage":17,"enemies":"Lagavulin","floor":6,"turns":5},{"damage":32,"enemies":"3 Sentries","floor":8,"turns":4},{"damage":23,"enemies":"Lagavulin","floor":11,"turns":5},{"damage":39,"enemies":"3 Sentries","floor":12,"turns":6},{"damage":5,"enemies":"Fading Forest","floor":16,"turns":11},{"damage":23,"enemies":"2 Thieves","floor":18,"turns":4},{"damage":7,"enemies":"Chosen","floor":20,"turns":6},{"damage":35,"enemies":"Sentry and Sphere","floor":21,"turns":7},{"damage":4,"enemies":"Book of Stabbing","floor":22,"turns":8},{"damage":0,"enemies":"animator:HornedBat","floor":25,"turns":1},{"damage":9,"enemies":"Snake Plant","floor":27,"turns":5},{"damage":18,"enemies":"Book of Stabbing","floor":29,"turns":6},{"damage":17,"enemies":"Gremlin Leader","floor":30,"turns":6},{"damage":21,"enemies":"Centurion and Healer","floor":31,"turns":3}],"seed_played":"-7748142870894051440","potions_obtained":[{"floor":1,"key":"Swift Potion"},{"floor":16,"key":"Swift Potion"},{"floor":21,"key":"blueLaboratory:SavagePotion"},{"floor":22,"key":"Explosive Potion"},{"floor":27,"key":"blueLaboratory:HorrorPotion"}],"is_trial":true,"path_per_floor":["M","$","?","?","M","E","R","E","T","R","E","E","R","?","R","B",null,"M","?","M","M","E","R","R","E","T","M","R","E","E","M"],"character_chosen":"THE_ANIMATOR","items_purchased":["animator:Darkness","animator:NarberalGamma"],"campfire_rested":6,"item_purchase_floors":[2,2],"current_hp_per_floor":[53,53,37,37,32,15,34,2,8,29,6,11,32,4,26,46,74,51,51,44,9,5,27,49,49,49,40,40,22,14,0,0],"gold":790,"neow_bonus":"","is_daily":false,"chose_seed":false,"campfire_upgraded":1,"win_rate":0.0,"timestamp":1609938184,"path_taken":["M","$","?","?","?","E","R","E","T","R","E","?","R","?","R","BOSS","M","?","M","?","?","R","R","E","T","?","R","E","?","M"],"items_purchased_type":["Card","Card"],"build_version":"2020-12-22","purchased_purges":0,"victory":false,"max_hp_per_floor":[66,66,66,66,66,66,66,66,72,72,72,73,73,74,74,74,74,74,74,74,74,74,74,74,74,74,74,74,74,74,74,74],"card_choices":[{"not_picked":["animator:Caster","animator:IrohaTamaki"],"picked":"animator:Megumin","floor":1},{"not_picked":["animator:OrikoMikuni","animator:CrowleyEusford"],"picked":"animator:MaesHughes","floor":5},{"not_picked":["animator:Albedo","animator:Wiz"],"picked":"animator:AcuraShin","floor":6},{"not_picked":["animator:Berserker","animator:Alexander"],"picked":"animator:EmiyaShirou","floor":8},{"not_picked":["animator:Kyubey","animator:Shigure"],"picked":"animator:Greed","floor":11},{"not_picked":["animator:Saber","animator:Kyubey"],"picked":"animator:Hans","floor":12},{"not_picked":["animator:CowGirl","animator:Demiurge"],"picked":"animator:Priestess","floor":14},{"not_picked":["animator:MamiTomoe","animator:HighElfArcher"],"picked":"animator:Witch","floor":14},{"not_picked":["animator:Guy","animator:YuiTsuruno"],"picked":"animator:Megumin","floor":14},{"not_picked":["animator:AcuraShin","animator:SwordMaiden"],"picked":"animator:FeridBathory","floor":16},{"not_picked":["animator:SuzuneAmano","animator:Rider"],"picked":"animator:MetalKnight","floor":18},{"not_picked":["animator:Spearman","animator:DwarfShaman"],"picked":"animator:Priestess","floor":20},{"not_picked":["animator:HomuraAkemi","animator:Spearman"],"picked":"animator:Megumin+1","floor":21},{"not_picked":["animator:Father","animator:AcuraShin"],"picked":"animator:Kyubey","floor":22},{"not_picked":["animator:AcuraShin","animator:Guren"],"picked":"animator:Boros","floor":25},{"not_picked":["animator:Melzalgald","animator:Tatsumaki"],"picked":"animator:SilverFang","floor":27},{"not_picked":["animator:Gilgamesh","animator:HomuraAkemi"],"picked":"animator:Boros","floor":29},{"not_picked":["animator:Albedo","animator:Boros"],"picked":"animator:Ainz","floor":30}],"player_experience":313157,"relics_obtained":[{"floor":6,"key":"DeathKnight:PutricidesVial"},{"floor":8,"key":"Ginger"},{"floor":9,"key":"vexMod:BerryBomb"},{"floor":11,"key":"CCEMRelics:SpiritsEdge"},{"floor":12,"key":"Ancient Tea Set"},{"floor":22,"key":"jedi:arcanewood"},{"floor":22,"key":"conspire:Boomerang"},{"floor":25,"key":"Bromod:ArcaneTempo"},{"floor":25,"key":"InkBottle"},{"floor":26,"key":"theForsaken:Gavel"},{"floor":29,"key":"CCEMRelics:JestersCrown"},{"floor":29,"key":"Pet Ghost"},{"floor":30,"key":"hubris:64BitClover"},{"floor":30,"key":"vexMod:FocusSash"}],"event_choices":[{"damage_healed":0,"gold_gain":0,"player_choice":"Take Damage","damage_taken":16,"relics_obtained":["Golden Idol"],"max_hp_gain":0,"max_hp_loss":0,"event_name":"Golden Idol","floor":3,"gold_loss":0},{"damage_healed":0,"gold_gain":0,"player_choice":"Rummage","damage_taken":0,"relics_obtained":["WarpedTongs"],"max_hp_gain":0,"max_hp_loss":0,"event_name":"Accursed Blacksmith","floor":4,"gold_loss":0,"cards_obtained":["Pain"]},{"cards_removed":["animator:Hans"],"damage_healed":0,"gold_gain":0,"player_choice":"Take \u0026 Give","damage_taken":0,"max_hp_gain":0,"max_hp_loss":0,"event_name":"betterNote:BetterNote","floor":19,"gold_loss":0,"cards_obtained":["Clockwork:Pluck"]}],"is_beta":false,"boss_relics":[{"not_picked":["energizedSpire:EnergizedDie","Kintsugi"],"picked":"Black Star"}],"items_purged_floors":[],"is_endless":false,"potions_floor_spawned":[1,16,21,22,25,27],"killed_by":"Centurion and Healer","ascension_level":0}}