{"host":"jm9833yuloeli2yd","time":1609903350,"event":{"mods":["BaseMod","Better Altar","Better Match","Better Note","Better Sensory Stone","Better Skull","Better Third Choice","Better Vampires","BetterRewards","Colored Map","Colored Powertips","DeckTracker","Minty Spire (QoL Compilation)","Permanent Neow","Quick Restart","StSLib","SuperFastMode"],"gold_per_floor":[114,114,133,26,46,46,77,106,132,282,46,107,139,153,153,153,153],"floor_reached":16,"playtime":373,"items_purged":["Doubt"],"score":316,"play_id":"637ef33a-3cff-45e9-85a0-a81fb8501e46","local_time":"20210105222230","is_ascension_mode":true,"campfire_choices":[{"data":"Loop","floor":6,"key":"SMITH"},{"floor":15,"key":"REST"}],"circlet_count":0,"master_deck":["AscendersBane","Strike_B","Strike_B","Strike_B","Strike_B","Defend_B","Defend_B","Defend_B","Defend_B","Zap","Dualcast","Loop+1","Melter","Turbo","Ball Lightning","Compile Driver","Steam","Conserve Battery","Machine Learning","Loop+1","Self Repair"],"relics":["Cracked Core","Du-Vu Doll","OrangePellets","Lizard Tail","Lantern","Odd Mushroom","Juzu Bracelet","DollysMirror","Regal Pillow"],"acts_visited":["Exordium"],"potions_floor_usage":[13,16],"damage_taken":[{"damage":2.0,"enemies":"Cultist","floor":1.0,"turns":4.0},{"damage":0,"enemies":"Small Slimes","floor":3,"turns":2},{"damage":9,"enemies":"2 Louse","floor":5,"turns":2},{"damage":24,"enemies":"Lagavulin","floor":7,"turns":6},{"damage":8,"enemies":"The Mushroom Lair","floor":8,"turns":3},{"damage":28,"enemies":"Gremlin Nob","floor":13,"turns":4},{"damage":33,"enemies":"Exordium Wildlife","floor":14,"turns":5},{"damage":53,"enemies":"Slime Boss","floor":16,"turns":8}],"seed_played":"-1625895369898835387","potions_obtained":[{"floor":5,"key":"ColorlessPotion"},{"floor":7,"key":"Strength Potion"},{"floor":14,"key":"GamblersBrew"}],"is_trial":false,"path_per_floor":["M","T","M","$","M","R","E","?","T","?","$","?","E","M","R","B"],"character_chosen":"DEFECT","items_purchased":["OrangePellets","Loop","Ball Lightning","Compile Driver","DollysMirror"],"campfire_rested":1,"item_purchase_floors":[0,0,4,4,11],"current_hp_per_floor":[55,55,55,55,46,46,22,14,14,14,14,14,35,9,45,0,0],"gold":153,"neow_bonus":"","is_daily":false,"chose_seed":false,"campfire_upgraded":1,"win_rate":0.0,"timestamp":1609903350,"path_taken":["M","?","M","$","?","R","E","?","T","?","?","?","E","M","R","BOSS"],"items_purchased_type":["Relic","Card","Card","Card","Relic"],"build_version":"2020-12-22","purchased_purges":1,"victory":false,"max_hp_per_floor":[71,71,71,71,71,71,71,71,71,71,71,71,71,71,71,71,71],"card_choices":[{"not_picked":["Double Energy","Coolheaded"],"picked":"Melter","floor":1.0},{"not_picked":["Rebound","Beam Cell"],"picked":"Turbo","floor":3},{"not_picked":["Ball Lightning","Go for the Eyes"],"picked":"Steam","floor":5},{"not_picked":["Steam Power","Turbo"],"picked":"Conserve Battery","floor":7},{"not_picked":["Go for the Eyes","Lockon"],"picked":"Machine Learning","floor":8},{"not_picked":["Reinforced Body","Gash"],"picked":"Self Repair","floor":13},{"not_picked":["Hello World","Go for the Eyes","Doom and Gloom"],"picked":"SKIP","floor":14}],"player_experience":1260850,"relics_obtained":[{"floor":2.0,"key":"Lizard Tail"},{"floor":7,"key":"Lantern"},{"floor":8,"key":"Odd Mushroom"},{"floor":9,"key":"Juzu Bracelet"},{"floor":13,"key":"Regal Pillow"}],"event_choices":[{"damage_healed":0,"gold_gain":0,"player_choice":"Fought Mushrooms","damage_taken":0,"max_hp_gain":0,"max_hp_loss":0,"event_name":"Mushrooms","floor":8,"gold_loss":0},{"damage_healed":0,"gold_gain":150,"player_choice":"AGREE","damage_taken":132,"max_hp_gain":0,"max_hp_loss":0,"event_name":"betterThird:BetterSerpent","floor":10,"gold_loss":0},{"damage_healed":0,"gold_gain":61,"player_choice":"Gained Gold","damage_taken":0,"max_hp_gain":0,"max_hp_loss":0,"event_name":"Golden Wing","floor":12,"gold_loss":0}],"is_beta":false,"boss_relics":[],"items_purged_floors":[11],"is_endless":false,"potions_floor_spawned":[5,7,14],"killed_by":"Slime Boss","ascension_level":20}}