{"host":"ktoxvvst1mwxww91","time":1609928463,"event":{"mods":["BaseMod","Hermit","Minty Spire (QoL Compilation)","StSLib","The Hierophant","The Mystic","The Necromancer"],"gold_per_floor":[112,112,187,204,218,218,368,380,407,14,31,47,67,101,101,175,175,195,206,206,222,222,222],"floor_reached":22,"playtime":786,"items_purged":["Doubt"],"score":352,"play_id":"487732be-9318-43e3-957b-9e0398767427","local_time":"20210106112103","is_ascension_mode":true,"campfire_choices":[{"data":"Beam Cell","floor":6,"key":"SMITH"},{"floor":15,"key":"REST"}],"circlet_count":0,"master_deck":["AscendersBane","Strike_B","Strike_B","Defend_B","Defend_B","Defend_B","Defend_B","Zap","Dualcast","Sweeping Beam","Beam Cell+1","Go for the Eyes","Gash","Glacier","Go for the Eyes","White Noise","Skim","Melter","Buffer","Go for the Eyes","Conserve Battery"],"relics":["Cracked Core","Potion Belt","Shuriken","Anchor","SacredBark"],"acts_visited":["Exordium","TheCity"],"potions_floor_usage":[13,13,18,21,22],"damage_taken":[{"damage":5,"enemies":"Small Slimes","floor":1,"turns":4},{"damage":3,"enemies":"2 Louse","floor":4,"turns":3},{"damage":0,"enemies":"Jaw Worm","floor":5,"turns":3},{"damage":6,"enemies":"Looter","floor":8,"turns":3},{"damage":3,"enemies":"Blue Slaver","floor":11,"turns":3},{"damage":2,"enemies":"2 Fungi Beasts","floor":12,"turns":3},{"damage":5,"enemies":"Gremlin Gang","floor":13,"turns":4},{"damage":11,"enemies":"Lagavulin","floor":14,"turns":6},{"damage":28,"enemies":"Hexaghost","floor":16,"turns":11},{"damage":19,"enemies":"2 Thieves","floor":18,"turns":3},{"damage":22,"enemies":"3 Byrds","floor":19,"turns":6},{"damage":14,"enemies":"Shelled Parasite and Fungi","floor":21,"turns":7},{"damage":18,"enemies":"Snecko","floor":22,"turns":9}],"seed_played":"5260245031894601530","potions_obtained":[{"floor":4,"key":"PotionOfCapacity"},{"floor":12,"key":"EssenceOfDarkness"},{"floor":13,"key":"Ancient Potion"},{"floor":16,"key":"EssenceOfDarkness"},{"floor":19,"key":"Block Potion"}],"is_trial":false,"path_per_floor":["M","?","?","M","M","R","?","M","T","$","M","M","M","E","R","B",null,"M","M","?","M","M"],"character_chosen":"DEFECT","items_purchased":["Glacier","Shuriken"],"campfire_rested":1,"item_purchase_floors":[10,10],"current_hp_per_floor":[59,59,48,45,45,45,45,39,39,39,36,34,29,18,39,11,56,37,15,29,15,0,0],"gold":222,"neow_bonus":"REMOVE_CARD","is_daily":false,"chose_seed":false,"campfire_upgraded":1,"win_rate":0.0,"timestamp":1609928463,"path_taken":["M","?","?","M","M","R","?","M","T","$","?","M","M","E","R","BOSS","M","M","?","M","M"],"items_purchased_type":["Card","Relic"],"build_version":"2020-12-22","purchased_purges":1,"victory":false,"max_hp_per_floor":[71,71,71,71,71,71,71,71,71,71,71,71,71,71,71,71,71,71,71,71,71,71,71],"card_choices":[{"not_picked":["Go for the Eyes","Stack"],"picked":"Sweeping Beam","floor":1},{"not_picked":["Rebound","Rip and Tear"],"picked":"Beam Cell","floor":4},{"not_picked":["Genetic Algorithm","Stack"],"picked":"Go for the Eyes","floor":5},{"not_picked":["Stack","Sweeping Beam"],"picked":"Gash","floor":8},{"not_picked":["White Noise","Lockon"],"picked":"Go for the Eyes","floor":11},{"not_picked":["Rebound","Turbo"],"picked":"White Noise","floor":12},{"not_picked":["Redo","Turbo"],"picked":"Skim","floor":13},{"not_picked":["Redo","Self Repair"],"picked":"Melter","floor":14},{"not_picked":["Seek","Biased Cognition"],"picked":"Buffer","floor":16},{"not_picked":["Recycle","Rebound"],"picked":"Go for the Eyes","floor":18},{"not_picked":["Chill","Seek"],"picked":"Conserve Battery","floor":19},{"not_picked":["Turbo","Coolheaded","Sweeping Beam"],"picked":"SKIP","floor":21}],"player_experience":977323,"relics_obtained":[{"floor":9,"key":"Potion Belt"},{"floor":14,"key":"Anchor"}],"event_choices":[{"cards_removed":["Strike_B"],"damage_healed":0,"gold_gain":0,"player_choice":"Forget","damage_taken":0,"max_hp_gain":0,"max_hp_loss":0,"event_name":"Living Wall","floor":2,"gold_loss":0},{"damage_healed":0,"gold_gain":75,"player_choice":"Gather Gold","damage_taken":11,"max_hp_gain":0,"max_hp_loss":0,"event_name":"World of Goop","floor":3,"gold_loss":0},{"damage_healed":0,"gold_gain":150,"player_choice":"AGREE","damage_taken":0,"max_hp_gain":0,"max_hp_loss":0,"event_name":"Liars Game","floor":7,"gold_loss":0,"cards_obtained":["Doubt"]},{"damage_healed":14,"gold_gain":0,"player_choice":"Heal","damage_taken":0,"max_hp_gain":0,"max_hp_loss":0,"event_name":"The Library","floor":20,"gold_loss":0}],"is_beta":false,"boss_relics":[{"not_picked":["Nuclear Battery","Pandora\u0027s Box"],"picked":"SacredBark"}],"items_purged_floors":[10],"is_endless":false,"potions_floor_spawned":[4,12,13,16,19],"killed_by":"Snecko","ascension_level":17}}