{"host":"v0dnu0zs4qo0v13s","time":1609959346,"event":{"mods":["BaseMod","Colored Map","Colored Powertips","Minty Spire (QoL Compilation)","Relic Stats","StSLib","SuperFastMode","everything is the same but u backflip on backflip"],"gold_per_floor":[109,126,126,150,174,174,212,212,236,277,277,26,39,59,59,59,59],"floor_reached":16,"playtime":604,"items_purged":[],"score":151,"play_id":"a9637154-dc32-4b58-b002-e078885abe2b","local_time":"20210106135546","is_ascension_mode":true,"campfire_choices":[{"data":"Hologram","floor":6.0,"key":"SMITH"},{"floor":8.0,"key":"REST"},{"floor":15.0,"key":"REST"}],"circlet_count":0,"master_deck":["Strike_B","Strike_B","Strike_B","Strike_B","Defend_B","Defend_B","Defend_B","Zap","Dualcast","White Noise","Hologram+1","Ball Lightning","Melter","Genetic Algorithm","Rainbow","Loop","Loop"],"relics":["Cracked Core","Golden Idol","Bag of Marbles","Art of War","Cables","Toxic Egg 2"],"acts_visited":["Exordium"],"potions_floor_usage":[],"damage_taken":[{"damage":6.0,"enemies":"Jaw Worm","floor":1.0,"turns":4.0},{"damage":9.0,"enemies":"Small Slimes","floor":2.0,"turns":4.0},{"damage":5.0,"enemies":"2 Louse","floor":4.0,"turns":3.0},{"damage":5.0,"enemies":"2 Fungi Beasts","floor":5.0,"turns":3.0},{"damage":25.0,"enemies":"Lagavulin","floor":7.0,"turns":6.0},{"damage":5.0,"enemies":"Gremlin Nob","floor":10.0,"turns":3.0},{"damage":22.0,"enemies":"Exordium Thugs","floor":13.0,"turns":3.0},{"damage":4.0,"enemies":"Blue Slaver","floor":14.0,"turns":3.0},{"damage":19,"enemies":"The Guardian","floor":16,"turns":6}],"seed_played":"-4891281399257765748","potions_obtained":[{"floor":2.0,"key":"Ancient Potion"},{"floor":4.0,"key":"Block Potion"},{"floor":10.0,"key":"Ancient Potion"}],"is_trial":false,"path_per_floor":["M","M","?","M","M","R","E","R","T","E","T","$","M","M","R","B"],"character_chosen":"DEFECT","items_purchased":["Toxic Egg 2"],"campfire_rested":2,"item_purchase_floors":[12],"current_hp_per_floor":[62,53,53,48,43,43,18,38,38,33,33,33,11,7,27,8,8],"gold":59,"neow_bonus":"REMOVE_CARD","is_daily":false,"chose_seed":false,"campfire_upgraded":1,"win_rate":0.0,"timestamp":1609959346,"path_taken":["M","M","?","M","M","R","E","R","T","E","?","$","M","?","R","BOSS"],"items_purchased_type":["Relic"],"build_version":"2020-12-22","purchased_purges":0,"victory":false,"max_hp_per_floor":[75,75,69,69,69,69,69,69,69,69,69,69,69,69,69,69,69],"relic_stats":{"counters":[9,35],"Golden Idol":33,"Art of War":[5],"obtain_stats":[{"Golden Idol":3,"Bag of Marbles":7,"Art of War":10,"Toxic Egg 2":12,"Cracked Core":0,"Cables":11},{"Golden Idol":2,"Bag of Marbles":5,"Art of War":6,"Toxic Egg 2":6,"Cracked Core":0,"Cables":6},{"Golden Idol":8,"Bag of Marbles":20,"Art of War":23,"Toxic Egg 2":23,"Cracked Core":0,"Cables":23}],"Cables":[11,9,0,2,0]},"card_choices":[{"not_picked":["Stack","Gash"],"picked":"White Noise","floor":1.0},{"not_picked":["Sweeping Beam","Leap"],"picked":"Hologram","floor":2.0},{"not_picked":["Recycle","Go for the Eyes"],"picked":"Ball Lightning","floor":4.0},{"not_picked":["Barrage","Steam Power"],"picked":"Melter","floor":5.0},{"not_picked":["Go for the Eyes","Gash"],"picked":"Genetic Algorithm","floor":7.0},{"not_picked":["Reinforced Body","Reprogram"],"picked":"Rainbow","floor":10.0},{"not_picked":["Gash","Blizzard"],"picked":"Loop","floor":13.0},{"not_picked":["Beam Cell","Cold Snap"],"picked":"Loop","floor":14.0}],"player_experience":685224,"relics_obtained":[{"floor":7.0,"key":"Bag of Marbles"},{"floor":10.0,"key":"Art of War"},{"floor":11.0,"key":"Cables"}],"event_choices":[{"damage_healed":0.0,"max_hp_gain":0.0,"max_hp_loss":6.0,"gold_gain":0.0,"event_name":"Golden Idol","player_choice":"Lose Max HP","floor":3.0,"gold_loss":0.0,"damage_taken":0.0,"relics_obtained":["Golden Idol"]}],"is_beta":false,"boss_relics":[],"items_purged_floors":[],"is_endless":false,"potions_floor_spawned":[2,4,10],"killed_by":"The Guardian","ascension_level":7}}