{"host":"5fasz840ryq7obdf","time":1609938093,"event":{"mods":["2.2 Compatiblity","AchievementEnabler","BaseMod","Bestiary","Better Altar","Better Skull","Better Third Choice","BetterRewards","Block Reminder","Colored Powertips","Curses Come First","Downfall","Minty Spire (QoL Compilation)","Quick Restart","Relic Sorter","Relic Stats","Shop Mod","Spicy Shops","StSLib","SuperFastMode","ojb\u0027s Better Paths Mod","ojb\u0027s Info Mod"],"gold_per_floor":[99,119,137,137,312,22,22,84,109,121,153,153,185,196,216,216,216,216],"floor_reached":16,"playtime":1763,"items_purged":["Regret"],"score":132,"play_id":"5fe4bb4e-44ba-495d-9c19-16bf7f97012d","local_time":"20210106130133","is_ascension_mode":true,"campfire_choices":[{"data":"hexamod:Float","floor":1.0,"key":"SMITH"}],"circlet_count":0,"master_deck":["hexamod:Strike+1","hexamod:Strike","hexamod:Strike+1","hexamod:Strike","hexamod:Defend","hexamod:Defend+1","hexamod:Defend+1","hexamod:Defend+1","hexamod:Sear","hexamod:Float+1","hexamod:Hexaguard","hexamod:PowerFromBeyond","hexamod:GhostOfSpirePresent","hexamod:RadiantFlame","hexamod:SixthSeal","hexamod:TimeOfNeed","hexamod:FastForward","hexamod:SkipABeat"],"relics":["hexamod:SpiritBrand","Whetstone","MealTicket","Membership Card","ClockworkSouvenir","Singing Bowl","Sundial","Potion Belt","Ancient Tea Set","Nunchaku"],"acts_visited":["Exordium"],"potions_floor_usage":[15,15],"damage_taken":[{"damage":1.0,"enemies":"Jaw Worm","floor":2.0,"turns":3.0},{"damage":0.0,"enemies":"Small Slimes","floor":3.0,"turns":3.0},{"damage":10.0,"enemies":"downfall:FleeingMerchant","floor":6.0,"turns":4.0},{"damage":8.0,"enemies":"Gremlin Nob","floor":8.0,"turns":5.0},{"damage":17.0,"enemies":"3 Sentries","floor":9.0,"turns":7.0},{"damage":0.0,"enemies":"Cultist","floor":10.0,"turns":3.0},{"damage":6.0,"enemies":"Gremlin Nob","floor":11.0,"turns":3.0},{"damage":16.0,"enemies":"3 Sentries","floor":13.0,"turns":10.0},{"damage":11.0,"enemies":"Blue Slaver","floor":14.0,"turns":5.0},{"damage":3,"enemies":"Lots of Slimes","floor":15,"turns":4},{"damage":16,"enemies":"downfall:Defect","floor":16,"turns":4}],"seed_played":"446297917803663346","potions_obtained":[{"floor":3.0,"key":"hexamod:EctoCoolerPotion"},{"floor":8.0,"key":"Dexterity Potion"},{"floor":9.0,"key":"BlessingOfTheForge"},{"floor":13.0,"key":"DistilledChaos"}],"is_trial":false,"path_per_floor":["R","M","M","?","?","$","T","?","E","M","E","?","E","M","M","B"],"character_chosen":"THE_SPIRIT","items_purchased":["Membership Card","ClockworkSouvenir","hexamod:GhostOfSpirePresent"],"campfire_rested":0,"item_purchase_floors":[6,6,6],"current_hp_per_floor":[70,69,69,69,69,60,60,52,35,37,33,33,17,6,3,0,0,0],"gold":216,"neow_bonus":"RANDOM_COMMON_RELIC","is_daily":false,"chose_seed":false,"campfire_upgraded":1,"win_rate":0.0,"timestamp":1609938093,"path_taken":["R","M","M","?","?","$","T","?","E","M","E","?","E","M","M","BOSS"],"items_purchased_type":["Relic","Relic","Card"],"build_version":"2020-12-22","purchased_purges":1,"victory":false,"max_hp_per_floor":[70,70,70,70,70,70,70,70,70,72,74,74,74,74,74,74,74,74],"relic_stats":{"Nunchaku":[1],"Singing Bowl":4,"counters":[11,51],"Sundial":[8],"MealTicket":1,"Whetstone":["hexamod:Strike","hexamod:Strike"],"obtain_stats":[{"Potion Belt":9,"Nunchaku":13,"Singing Bowl":7,"Sundial":8,"MealTicket":4,"Whetstone":0,"Membership Card":6,"Ancient Tea Set":11,"hexamod:SpiritBrand":0,"ClockworkSouvenir":6},{"Potion Belt":5,"Nunchaku":8,"Singing Bowl":3,"Sundial":3,"MealTicket":2,"Whetstone":0,"Membership Card":3,"Ancient Tea Set":7,"hexamod:SpiritBrand":0,"ClockworkSouvenir":3},{"Potion Belt":22,"Nunchaku":38,"Singing Bowl":10,"Sundial":10,"MealTicket":6,"Whetstone":0,"Membership Card":10,"Ancient Tea Set":28,"hexamod:SpiritBrand":0,"ClockworkSouvenir":10}]},"card_choices":[{"not_picked":["hexamod:BacktrackSmack","hexamod:GhostLash"],"picked":"hexamod:Hexaguard","floor":2.0},{"not_picked":["hexamod:Firestarter","hexamod:ShieldOfDarkness","hexamod:GhostLash"],"picked":"SKIP","floor":3.0},{"not_picked":["hexamod:GhostLash","hexamod:GhostShield"],"picked":"hexamod:PowerFromBeyond","floor":6.0},{"not_picked":["hexamod:Hexaguard","hexamod:GhostflameBarrier"],"picked":"hexamod:RadiantFlame","floor":8.0},{"not_picked":["hexamod:Hexaguard","hexamod:ThirdSeal"],"picked":"hexamod:SixthSeal","floor":9.0},{"not_picked":["hexamod:BacktrackSmack","hexamod:ShieldOfDarkness","hexamod:RainOfEmbers"],"picked":"Singing Bowl","floor":10.0},{"not_picked":["hexamod:SwordOfDarkness","hexamod:BurningTouch","hexamod:HauntingEcho"],"picked":"Singing Bowl","floor":11.0},{"not_picked":["hexamod:NightmareStrike","hexamod:HauntingEcho"],"picked":"hexamod:TimeOfNeed","floor":13.0},{"not_picked":["hexamod:RainOfEmbers","hexamod:AdvancingGuard"],"picked":"hexamod:FastForward","floor":14.0},{"not_picked":["hexamod:SpectersWail","hexamod:Incineration"],"picked":"hexamod:SkipABeat","floor":15}],"player_experience":1561995,"relics_obtained":[{"floor":7.0,"key":"Singing Bowl"},{"floor":9.0,"key":"Potion Belt"},{"floor":11.0,"key":"Ancient Tea Set"},{"floor":13.0,"key":"Nunchaku"}],"event_choices":[{"damage_healed":0.0,"max_hp_gain":0.0,"max_hp_loss":0.0,"gold_gain":0.0,"event_name":"Big Fish","player_choice":"Box","floor":4.0,"gold_loss":0.0,"damage_taken":0.0,"relics_obtained":["MealTicket"],"cards_obtained":["Regret"]},{"cards_removed":["Doubt"],"damage_healed":0.0,"max_hp_gain":0.0,"max_hp_loss":0.0,"gold_gain":0.0,"event_name":"Wheel of Change","player_choice":"Card Removal","floor":12.0,"gold_loss":0.0,"damage_taken":0.0}],"is_beta":false,"boss_relics":[],"items_purged_floors":[6],"is_endless":false,"potions_floor_spawned":[3,8,9,13],"killed_by":"downfall:Defect","ascension_level":2}}