{"host":"jmdwsiegw2vwqzt1","time":1609962933,"event":{"mods":["2.2 Compatiblity","AchievementEnabler","BaseMod","Better Third Choice","Better Vampires","Colored Powertips","Custom Start","Dio Mod","Downfall","Hermit","Highlight Path","Jorbs\u0027s Wanderer Trilogy","Marisa????????","Minty Spire (QoL Compilation)","Permanent Neow","Quick Restart","Rare Cards Sparkle","Relic Stats","Spicy Shops","StSLib","SuperFastMode","The Bug Knight","The Cursed","The Disciple","The Hierophant","The Necromancer","The Servant 0.9.4","slay the spire mod where everything is the same but ironclad has a cowboy hat"],"gold_per_floor":[349,368,116,180,180,192,230,342,354,291,320,332,344,371,402,414,414,414],"floor_reached":16,"playtime":573,"items_purged":[],"score":88,"play_id":"dec4ef33-c46c-4451-9f1e-b7b6bec520bf","local_time":"20210106145533","is_ascension_mode":false,"campfire_choices":[{"floor":1,"key":"RECALL"},{"data":"Slimebound:Grow","floor":10,"key":"SMITH"},{"data":"Slimebound:Split","floor":13,"key":"SMITH"}],"circlet_count":0,"master_deck":["Slimebound:Strike_Slimebound","Slimebound:Strike_Slimebound","Slimebound:Strike_Slimebound","Slimebound:Tackle","Slimebound:Defend_Slimebound","Slimebound:Defend_Slimebound","Slimebound:Defend_Slimebound","Slimebound:Defend_Slimebound","Slimebound:Split+1","Slimebound:CorrosiveSpit","Slimebound:SlimeTap","Slimebound:LivingWall","Slimebound:Grow+1","Slimebound:LeechEnergy","Slimebound:RejuvenatingLick","Parasite","Slimebound:SplitLeeching","Slimebound:SpikyOuterGoop","Slimebound:GrowthPunch"],"relics":["Slimebound:AbsorbEndCombat","Membership Card","Smiling Mask","MawBank","Juzu Bracelet","downfall:HeartBlessingRed"],"acts_visited":["Exordium"],"potions_floor_usage":[4,16,16,16,16,16,16],"damage_taken":[{"damage":12,"enemies":"2 Louse","floor":2,"turns":2},{"damage":20,"enemies":"downfall:FleeingMerchant","floor":3,"turns":4},{"damage":22,"enemies":"Gremlin Nob","floor":4,"turns":4},{"damage":7,"enemies":"Jaw Worm","floor":11,"turns":3},{"damage":0,"enemies":"Cultist","floor":12,"turns":1},{"damage":17,"enemies":"3 Louse","floor":14,"turns":4},{"damage":34,"enemies":"Exordium Thugs","floor":15,"turns":6},{"damage":37,"enemies":"downfall:Defect","floor":16,"turns":6}],"seed_played":"6232862618165596502","potions_obtained":[{"floor":2,"key":"sneckomod:MuddlingPotion"},{"floor":4,"key":"AttackPotion"},{"floor":11,"key":"SkillPotion"},{"floor":15,"key":"EntropicBrew"}],"is_trial":false,"path_per_floor":["R","M","$","?","T","?","T","?","?","R","M","M","R","M","M","B"],"character_chosen":"SLIMEBOUND","items_purchased":["Membership Card","Slimebound:Grow","Slimebound:ThreeZeroPotion","Slimebound:LeechEnergy"],"campfire_rested":0,"item_purchase_floors":[3,3,3,3],"current_hp_per_floor":[54,48,36,28,28,28,28,28,41,41,42,42,42,39,21,0,0,0],"gold":414,"neow_bonus":"TWO_FIFTY_GOLD","is_daily":false,"chose_seed":false,"campfire_upgraded":2,"win_rate":0.0,"timestamp":1609962933,"path_taken":["R","M","$","?","?","?","T","?","?","R","M","M","R","M","M","BOSS"],"items_purchased_type":["Relic","Card","Potion","Card"],"build_version":"2020-12-22","purchased_purges":0,"victory":false,"max_hp_per_floor":[54,54,54,54,54,54,54,54,54,54,54,54,54,54,54,54,54,54],"relic_stats":{"counters":[8,30],"Juzu Bracelet":2,"Smiling Mask":0,"MawBank":132,"obtain_stats":[{"downfall:BrokenWingStatue":6,"downfall:HeartBlessingRed":10,"Slimebound:AbsorbEndCombat":0,"Juzu Bracelet":7,"Membership Card":3,"Smiling Mask":4,"MawBank":5},{"downfall:BrokenWingStatue":3,"downfall:HeartBlessingRed":3,"Slimebound:AbsorbEndCombat":0,"Juzu Bracelet":3,"Membership Card":2,"Smiling Mask":3,"MawBank":3},{"downfall:BrokenWingStatue":10,"downfall:HeartBlessingRed":10,"Slimebound:AbsorbEndCombat":0,"Juzu Bracelet":10,"Membership Card":6,"Smiling Mask":10,"MawBank":10}]},"card_choices":[{"not_picked":["Slimebound:PressTheAttack","Slimebound:Schlurp"],"picked":"Slimebound:SlimeTap","floor":2},{"not_picked":["Slimebound:SplitLeeching","Slimebound:SplitBruiser"],"picked":"Slimebound:LivingWall","floor":3},{"not_picked":["Slimebound:SlimeSpikes","Slimebound:SpikyOuterGoop"],"picked":"Slimebound:RejuvenatingLick","floor":4},{"not_picked":["Slimebound:SplitMire","Slimebound:SlimeBarrage"],"picked":"Slimebound:SplitLeeching","floor":11},{"not_picked":["Slimebound:Chomp","Slimebound:ComboTackle"],"picked":"Slimebound:SpikyOuterGoop","floor":12},{"not_picked":["Slimebound:LeechEnergy","Slimebound:SlimeSpikes"],"picked":"Slimebound:GrowthPunch","floor":14},{"not_picked":["Slimebound:SplitMire","Slimebound:Teamwork","Slimebound:SplitAcid"],"picked":"SKIP","floor":15}],"player_experience":311316,"relics_obtained":[{"floor":4,"key":"Smiling Mask"},{"floor":5,"key":"MawBank"},{"floor":7,"key":"Juzu Bracelet"}],"event_choices":[{"damage_healed":13,"gold_gain":0,"player_choice":"Healed and dodged fight","damage_taken":0,"max_hp_gain":0,"max_hp_loss":0,"event_name":"Mushrooms","floor":9,"gold_loss":0,"cards_obtained":["Parasite"]}],"is_beta":false,"boss_relics":[],"items_purged_floors":[],"is_endless":false,"potions_floor_spawned":[2,4,11,15],"killed_by":"downfall:Defect","ascension_level":0}}