{"host":"pf47v7h0307523iy","time":1609941781,"event":{"mods":["BaseMod","Minty Spire (QoL Compilation)"],"gold_per_floor":[10,10,29,43,63,63,86,86,133,133,58,58,89,104,104,181,181,201,219,67,78,88,88,88],"floor_reached":23,"playtime":1367,"items_purged":["Strike_B","Dualcast"],"score":386,"play_id":"2c570372-1aea-413e-9a9c-924738c4a122","local_time":"20210106160301","is_ascension_mode":true,"campfire_choices":[{"data":"Zap","floor":6.0,"key":"SMITH"},{"data":"Go for the Eyes","floor":8.0,"key":"SMITH"},{"floor":12.0,"key":"REST"},{"data":"Reprogram","floor":15.0,"key":"SMITH"}],"circlet_count":0,"master_deck":["AscendersBane","Defend_B","Defend_B+1","Defend_B+1","Defend_B","Zap+1","Streamline","Scrape","Compile Driver","Melter","Go for the Eyes+1","FTL","Reprogram+1","Hyperbeam","Fission","Leap","Leap","Beam Cell+1","White Noise"],"relics":["Cracked Core","Odd Mushroom","Pen Nib","War Paint","Mango","Sozu"],"acts_visited":["Exordium","TheCity"],"potions_floor_usage":[],"damage_taken":[{"damage":4.0,"enemies":"Small Slimes","floor":1.0,"turns":3.0},{"damage":9.0,"enemies":"Jaw Worm","floor":3.0,"turns":4.0},{"damage":4.0,"enemies":"2 Louse","floor":4.0,"turns":3.0},{"damage":3.0,"enemies":"Blue Slaver","floor":5.0,"turns":4.0},{"damage":9.0,"enemies":"The Mushroom Lair","floor":7.0,"turns":3.0},{"damage":24.0,"enemies":"3 Sentries","floor":13.0,"turns":6.0},{"damage":4.0,"enemies":"Lots of Slimes","floor":14.0,"turns":5.0},{"damage":22.0,"enemies":"Hexaghost","floor":16.0,"turns":8.0},{"damage":0.0,"enemies":"3 Byrds","floor":18.0,"turns":2.0},{"damage":14.0,"enemies":"Shell Parasite","floor":19.0,"turns":3.0},{"damage":13.0,"enemies":"Shelled Parasite and Fungi","floor":21.0,"turns":4.0},{"damage":4.0,"enemies":"Snecko","floor":22.0,"turns":4.0},{"damage":46,"enemies":"Slavers","floor":23,"turns":4}],"seed_played":"-2418426016511064518","potions_obtained":[{"floor":4.0,"key":"Fire Potion"},{"floor":5.0,"key":"PotionOfCapacity"},{"floor":14.0,"key":"Strength Potion"},{"floor":16.0,"key":"FocusPotion"}],"is_trial":false,"path_per_floor":["M","?","M","M","M","R","?","R","T","?","$","R","E","M","R","B",null,"M","M","$","M","M","E"],"character_chosen":"DEFECT","items_purchased":["Leap"],"campfire_rested":1,"item_purchase_floors":[20],"current_hp_per_floor":[60,60,51,47,44,44,35,35,35,30,30,51,41,37,37,15,68,68,54,54,41,37,0,0],"gold":88,"neow_bonus":"REMOVE_TWO","is_daily":false,"chose_seed":false,"campfire_upgraded":3,"win_rate":0.0,"timestamp":1609941781,"path_taken":["M","?","M","M","M","R","?","R","T","?","?","R","E","M","R","BOSS","M","?","?","M","?","E"],"items_purchased_type":["Card"],"build_version":"2020-12-22","purchased_purges":2,"victory":false,"max_hp_per_floor":[71,71,71,71,71,71,71,71,71,71,71,71,85,85,85,85,85,85,85,85,85,85,85,85],"card_choices":[{"not_picked":["Rebound","Gash"],"picked":"Streamline","floor":1.0},{"not_picked":["Turbo","Gash"],"picked":"Compile Driver","floor":3.0},{"not_picked":["Rebound","Barrage"],"picked":"Melter","floor":4.0},{"not_picked":["Sunder","Self Repair"],"picked":"Go for the Eyes","floor":5.0},{"not_picked":["Redo","Cold Snap"],"picked":"FTL","floor":7.0},{"not_picked":["Steam","Self Repair"],"picked":"Reprogram","floor":13.0},{"not_picked":["Tempest","Rebound"],"picked":"Hyperbeam","floor":14.0},{"not_picked":["Buffer","Machine Learning"],"picked":"Fission","floor":16.0},{"not_picked":["Barrage","Double Energy","Turbo"],"picked":"SKIP","floor":18.0},{"not_picked":["Sunder","Undo"],"picked":"Leap","floor":19.0},{"not_picked":["Tempest+1","Hello World"],"picked":"Beam Cell+1","floor":21.0},{"not_picked":["Leap","Sweeping Beam"],"picked":"White Noise","floor":22.0}],"player_experience":1588261,"relics_obtained":[{"floor":7.0,"key":"Odd Mushroom"},{"floor":9.0,"key":"Pen Nib"},{"floor":13.0,"key":"Mango"}],"event_choices":[{"damage_healed":0.0,"max_hp_gain":0.0,"max_hp_loss":0.0,"gold_gain":0.0,"cards_transformed":["Strike_B"],"event_name":"Living Wall","player_choice":"Change","floor":2.0,"gold_loss":0.0,"damage_taken":0.0,"cards_obtained":["Scrape"]},{"damage_healed":0.0,"max_hp_gain":0.0,"max_hp_loss":0.0,"gold_gain":0.0,"event_name":"Mushrooms","player_choice":"Fought Mushrooms","floor":7.0,"gold_loss":0.0,"damage_taken":0.0},{"damage_healed":0.0,"max_hp_gain":0.0,"max_hp_loss":0.0,"gold_gain":0.0,"event_name":"Scrap Ooze","player_choice":"Success","floor":10.0,"gold_loss":0.0,"damage_taken":5.0,"relics_obtained":["War Paint"]}],"is_beta":false,"boss_relics":[{"not_picked":["SlaversCollar","Pandora\u0027s Box"],"picked":"Sozu"}],"items_purged_floors":[11,20],"is_endless":false,"potions_floor_spawned":[4,5,14,16,19,22],"killed_by":"Slavers","ascension_level":20}}