{"host":"dk10vuzdqf3wivcv","time":1609891870,"event":{"mods":["Aspiration","Astrologer","BaseMod","Colored Map","Conspire","Friendly Minions","Hubris","Minty Spire (QoL Compilation)","Replay The Spire","StSLib","SuperFastMode","Td1madao Mod","The Animator","The Cursed","The Gatherer","The Hierophant","The Jungle","The Marked","The Servant 0.9.4"],"gold_per_floor":[125,105,66,84,35,74,39,39,39,39,65,76,117,117,117,242,242,255,255,180,203,235,235,276,276,276,276,276,276],"floor_reached":28,"playtime":1380,"items_purged":[],"score":291,"play_id":"63077f21-6fbf-4ec0-9dd2-5ea9c1e030d2","local_time":"20210106011110","is_ascension_mode":true,"campfire_choices":[{"floor":8,"key":"RECALL"},{"data":"animator:DolaSchwi","floor":10,"key":"SMITH"},{"floor":15,"key":"REST"},{"data":"animator:Jibril","floor":23,"key":"SMITH"},{"data":"animator:IzunaHatsuse","floor":27,"key":"SMITH"}],"circlet_count":0,"master_deck":["animator:Strike_NoGameNoLife","animator:Defend_NoGameNoLife","animator:Strike","animator:Strike","animator:Strike","animator:Defend","animator:Defend","animator:Defend","animator:DolaSchwi+1","animator:DolaCouronne","animator:ChlammyZell","animator:DwarfShaman","animator:DwarfShaman","animator:Jibril+1","animator:RoyMustang","animator:IzunaHatsuse+1","animator:Tet","animator:WinryRockbell","animator:Jibril","animator:ElricEdward","animator:FielNirvalen","animator:GuildGirl","animator:Priestess"],"relics":["animator:LivingPicture","animator:TheMissingPiece","animator:PurgingStone","Replay:Accelerometer","hubris:SphereOfDissonance","Potion Belt","Golden Idol","Coffee Dripper","Boot","hubris:Icosahedron","Meat on the Bone"],"acts_visited":["Exordium","TheCity"],"potions_floor_usage":[6,6,13,13,28],"damage_taken":[{"damage":0,"enemies":"Small Slimes","floor":1,"turns":5},{"damage":0,"enemies":"Cultist","floor":4,"turns":3},{"damage":14,"enemies":"Gremlin Nob","floor":6,"turns":3},{"damage":16,"enemies":"3 Sentries","floor":11,"turns":6},{"damage":9,"enemies":"Jaw Worm","floor":12,"turns":3},{"damage":0,"enemies":"Gremlin Nob","floor":13,"turns":2},{"damage":6,"enemies":"Slime Boss","floor":16,"turns":6},{"damage":26,"enemies":"2 Thieves","floor":18,"turns":3},{"damage":23,"enemies":"conspire:FuzzyDice","floor":21,"turns":4},{"damage":3,"enemies":"Cultist and Chosen","floor":22,"turns":4},{"damage":28,"enemies":"animator:HornedBat","floor":24,"turns":4},{"damage":7,"enemies":"Slavers","floor":28,"turns":2}],"seed_played":"1474435596267384140","potions_obtained":[{"floor":1,"key":"AttackPotion"},{"floor":2,"key":"CultistPotion"},{"floor":6,"key":"Adrenaline Potion"},{"floor":12,"key":"Fire Potion"},{"floor":18,"key":"ColorlessPotion"}],"is_trial":false,"path_per_floor":["M","?","$","M","$","E","?","R","T","R","E","M","E","?","R","B",null,"M","?","$","M","M","R","E","?","T","R","E"],"character_chosen":"THE_ANIMATOR","items_purchased":["animator:DwarfShaman","animator:Jibril","animator:Jibril","animator:ElricEdward"],"campfire_rested":1,"item_purchase_floors":[3,5,20,20],"current_hp_per_floor":[72,72,72,72,72,58,72,72,72,72,57,48,48,30,51,45,73,51,51,51,32,32,32,8,8,8,8,1,1],"gold":276,"neow_bonus":"TEN_PERCENT_HP_BONUS","is_daily":false,"chose_seed":false,"campfire_upgraded":3,"win_rate":0.0,"timestamp":1609891870,"path_taken":["M","?","$","?","?","E","?","R","T","R","E","M","E","?","R","BOSS","M","?","$","M","M","R","E","?","T","R","E"],"items_purchased_type":["Card","Card","Card","Card"],"build_version":"2020-12-22","purchased_purges":0,"victory":false,"max_hp_per_floor":[72,72,72,72,72,72,72,72,72,72,73,73,73,73,73,73,73,74,74,74,75,75,75,76,76,76,76,76,76],"card_choices":[{"not_picked":["animator:SayakaMiki","animator:Yoichi"],"picked":"animator:ChlammyZell","floor":1},{"not_picked":["animator:DwarfShaman","animator:IrohaTamaki","animator:KyokoSakura"],"picked":"SKIP","floor":4},{"not_picked":["animator:Pride","animator:DolaCouronne"],"picked":"animator:RoyMustang","floor":6},{"not_picked":["animator:DolaCouronne","animator:Tet"],"picked":"animator:IzunaHatsuse","floor":11},{"not_picked":["animator:Ara","animator:RoyMustang","animator:PandorasActor"],"picked":"SKIP","floor":12},{"not_picked":["animator:GuildGirl","animator:MaesHughes"],"picked":"animator:Tet","floor":13},{"not_picked":["animator:FeridBathory","animator:Elesis"],"picked":"animator:Eris","floor":16},{"not_picked":["animator:Spearman","animator:YunYun"],"picked":"animator:WinryRockbell","floor":18},{"not_picked":["animator:ChlammyZell","animator:IzunaHatsuse"],"picked":"animator:FielNirvalen","floor":21},{"not_picked":["animator:Megumin+1","animator:PandorasActor+1"],"picked":"animator:GuildGirl","floor":22},{"not_picked":["animator:DolaSchwi","animator:Tet"],"picked":"animator:Priestess","floor":24}],"player_experience":133879,"relics_obtained":[{"floor":6,"key":"Replay:Accelerometer"},{"floor":11,"key":"hubris:SphereOfDissonance"},{"floor":13,"key":"Potion Belt"},{"floor":24,"key":"Boot"},{"floor":26,"key":"Meat on the Bone"}],"event_choices":[{"damage_healed":0,"gold_gain":0,"player_choice":"Bought 1 Potion","damage_taken":0,"max_hp_gain":0,"max_hp_loss":0,"event_name":"The Woman in Blue","floor":2,"gold_loss":0},{"damage_healed":18,"gold_gain":0,"player_choice":"Healed","damage_taken":0,"max_hp_gain":0,"max_hp_loss":0,"event_name":"The Cleric","floor":7,"gold_loss":35},{"damage_healed":0,"gold_gain":0,"player_choice":"Take Damage","damage_taken":18,"relics_obtained":["Golden Idol"],"max_hp_gain":0,"max_hp_loss":0,"event_name":"Golden Idol","floor":14,"gold_loss":0}],"is_beta":false,"boss_relics":[{"not_picked":["Painkiller Herb","Replay:Drink Me"],"picked":"Coffee Dripper"}],"items_purged_floors":[],"is_endless":false,"potions_floor_spawned":[1,6,12,18],"killed_by":"Slavers","ascension_level":1}}