{"host":"armnliea5o2aqs4b","time":1609928624,"event":{"mods":["BaseMod","Hermit","Hubris","Infinite Spire","Minty Spire (QoL Compilation)","Quick Restart","StSLib","The Construct","The Disciple","The Forsaken"],"gold_per_floor":[109,184,184,111,123,123,86,111,188,208,219,245,420,431,431,529,529,546,556,471,471,471,471,471,487,511,546,636,636,636,636,636],"floor_reached":33,"playtime":1648,"items_purged":["Doubt"],"score":311,"play_id":"2c1e7aec-e4fa-49e3-96c3-5b26be800a8c","local_time":"20210106212344","is_ascension_mode":true,"campfire_choices":[{"data":"Double Energy","floor":6,"key":"SMITH"},{"floor":15,"key":"REST"},{"data":"Rainbow","floor":23,"key":"SMITH"},{"floor":30,"key":"REST"},{"data":"hubris:PowerSurge","floor":32,"key":"SMITH"}],"circlet_count":0,"master_deck":["Strike_B","Strike_B","Defend_B+1","Defend_B","Defend_B","Defend_B+1","Zap","Dualcast","Double Energy+1","Redo","hubris:PowerSurge+1","Cold Snap","Heatsinks","Rainbow+1","Skim","Self Repair","Reinforced Body"],"relics":["Cracked Core","NeowsBlessing","War Paint","hubris:OldNail","The Courier","hubris:BallOfYels","hubris:TerracottaHorce","hubris:SoftwareUpdate","theForsaken:PaleLantern","hubris:Teleporter","Boot","infinitespire:SolderingIron"],"acts_visited":["Exordium","TheCity"],"potions_floor_usage":[16,28],"damage_taken":[{"damage":0,"enemies":"Jaw Worm","floor":1,"turns":1},{"damage":0,"enemies":"2 Louse","floor":5,"turns":1},{"damage":0,"enemies":"Gremlin Nob","floor":8,"turns":1},{"damage":0,"enemies":"Small Slimes","floor":10,"turns":2},{"damage":6,"enemies":"Exordium Wildlife","floor":11,"turns":3},{"damage":25,"enemies":"Lagavulin","floor":12,"turns":6},{"damage":0,"enemies":"Large Slime","floor":14,"turns":3},{"damage":35,"enemies":"Slime Boss","floor":16,"turns":7},{"damage":7,"enemies":"Shell Parasite","floor":18,"turns":5},{"damage":3,"enemies":"Spheric Guardian","floor":19,"turns":3},{"damage":4,"enemies":"Snecko","floor":25,"turns":5},{"damage":31,"enemies":"Book of Stabbing","floor":28,"turns":5},{"damage":41,"enemies":"hubris:MusketHawk","floor":33,"turns":6}],"seed_played":"1927688448927707709","potions_obtained":[{"floor":5,"key":"BlessingOfTheForge"},{"floor":10,"key":"Fire Potion"},{"floor":12,"key":"PotionOfCapacity"},{"floor":19,"key":"infinitespire:BlackPotion"},{"floor":28,"key":"EssenceOfDarkness"}],"is_trial":false,"path_per_floor":["M","?","T","$","M","R","$","E","T","M","M","E","?","M","R","B",null,"M","M","?","AVR","?","R","?","M","T","E","?","R","R","B"],"character_chosen":"DEFECT","items_purchased":["Double Energy","hubris:PowerSurge"],"campfire_rested":2,"item_purchase_floors":[4,7],"current_hp_per_floor":[75,64,64,64,64,64,64,64,64,64,58,33,33,33,55,20,61,54,51,51,51,51,51,51,54,54,30,18,40,40,0,0],"gold":636,"neow_bonus":"THREE_ENEMY_KILL","is_daily":false,"chose_seed":false,"campfire_upgraded":3,"win_rate":0.0,"timestamp":1609928624,"path_taken":["M","?","?","$","M","R","$","E","T","M","M","E","?","M","R","BOSS","M","M","?","AVR","?","R","?","?","T","E","?","R","R","BOSS"],"items_purchased_type":["Card","Card"],"build_version":"2020-12-22","purchased_purges":1,"victory":false,"max_hp_per_floor":[75,75,75,75,75,75,75,75,75,75,75,75,75,75,75,75,75,75,75,75,75,75,75,75,75,75,75,75,75,75,75,75],"card_choices":[{"not_picked":["Streamline","Steam","Leap"],"picked":"SKIP","floor":1},{"not_picked":["Scrape","Barrage"],"picked":"Redo","floor":5},{"not_picked":["Reinforced Body","Go for the Eyes"],"picked":"Cold Snap","floor":8},{"not_picked":["Leap","Stack"],"picked":"Heatsinks","floor":10},{"not_picked":["Leap","Turbo","Streamline"],"picked":"SKIP","floor":11},{"not_picked":["Sweeping Beam","Darkness","Steam Power"],"picked":"SKIP","floor":12},{"not_picked":["Hologram","Chill","Steam"],"picked":"SKIP","floor":14},{"not_picked":["All For One","hubris:SpecializedCircuitry"],"picked":"Rainbow","floor":16},{"not_picked":["Go for the Eyes+1","Reprogram","Cold Snap"],"picked":"SKIP","floor":18},{"not_picked":["Turbo+1","Steam"],"picked":"Skim","floor":19},{"not_picked":["Skim+1","Turbo+1","Barrage"],"picked":"SKIP","floor":25},{"not_picked":["Compile Driver","Redo","Leap"],"picked":"SKIP","floor":28}],"player_experience":174152,"relics_obtained":[{"floor":3,"key":"War Paint"},{"floor":8,"key":"hubris:OldNail"},{"floor":9,"key":"The Courier"},{"floor":12,"key":"hubris:BallOfYels"},{"floor":26,"key":"Boot"},{"floor":28,"key":"infinitespire:SolderingIron"}],"event_choices":[{"damage_healed":0,"gold_gain":75,"player_choice":"Gather Gold","damage_taken":11,"max_hp_gain":0,"max_hp_loss":0,"event_name":"World of Goop","floor":2,"gold_loss":0},{"damage_healed":0,"gold_gain":175,"player_choice":"AGREE","damage_taken":0,"max_hp_gain":0,"max_hp_loss":0,"event_name":"Liars Game","floor":13,"gold_loss":0,"cards_obtained":["Doubt"]},{"damage_healed":0,"gold_gain":0,"player_choice":"Obtained Relic","damage_taken":0,"relics_obtained":["hubris:SoftwareUpdate"],"max_hp_gain":0,"max_hp_loss":0,"event_name":"Addict","floor":20,"gold_loss":85},{"damage_healed":0,"gold_gain":0,"cards_transformed":["Strike_B","Strike_B"],"player_choice":"Became Test Subject","damage_taken":0,"max_hp_gain":0,"max_hp_loss":0,"event_name":"Drug Dealer","floor":22,"gold_loss":0,"cards_obtained":["Self Repair","Reinforced Body"]},{"damage_healed":0,"gold_gain":0,"player_choice":"Ignored","damage_taken":0,"max_hp_gain":0,"max_hp_loss":0,"event_name":"Ghosts","floor":24,"gold_loss":0},{"damage_healed":0,"gold_gain":90,"player_choice":"GOLD ","damage_taken":12,"max_hp_gain":0,"max_hp_loss":0,"event_name":"Knowing Skull","floor":29,"potions_obtained":[],"gold_loss":0,"cards_obtained":[]}],"is_beta":false,"boss_relics":[{"not_picked":["infinitespire:Cupcake","SlaversCollar"],"picked":"hubris:TerracottaHorce"}],"items_purged_floors":[21],"is_endless":false,"potions_floor_spawned":[5,10,12,19,28],"killed_by":"hubris:MusketHawk","ascension_level":1}}