{"host":"0v07cr0k93jhgkpm","time":1609947711,"event":{"mods":["BaseMod","Colored Map","DeckTracker","Minty Spire (QoL Compilation)","Quick Restart","SuperFastMode"],"gold_per_floor":[118,134,134,151,167,167,167,184,184,212,223,223,223,255,255,255,255],"floor_reached":16,"playtime":484,"items_purged":[],"score":204,"play_id":"0ea9c871-e77c-4be0-954e-ec31e4486431","local_time":"20210107004151","is_ascension_mode":true,"campfire_choices":[{"data":"Zap","floor":6,"key":"SMITH"},{"floor":12,"key":"REST"},{"floor":15,"key":"REST"}],"circlet_count":0,"master_deck":["AscendersBane","Strike_B","Strike_B","Strike_B","Strike_B","Defend_B","Defend_B","Defend_B","Defend_B","Zap+1","Dualcast","Go for the Eyes+1","Genetic Algorithm","Machine Learning","Cold Snap","Ball Lightning","Sweeping Beam","Reboot","Blizzard"],"relics":["Cracked Core","NeowsBlessing","Emotion Chip","Matryoshka","Odd Mushroom","Strawberry","The Courier","White Beast Statue"],"acts_visited":["Exordium"],"potions_floor_usage":[10,13,14,14],"damage_taken":[{"damage":0.0,"enemies":"Cultist","floor":1.0,"turns":1.0},{"damage":0.0,"enemies":"Jaw Worm","floor":2.0,"turns":1.0},{"damage":0.0,"enemies":"Small Slimes","floor":4.0,"turns":1.0},{"damage":1,"enemies":"Looter","floor":5,"turns":4},{"damage":31,"enemies":"Exordium Thugs","floor":8,"turns":4},{"damage":19,"enemies":"The Mushroom Lair","floor":10,"turns":3},{"damage":5,"enemies":"Gremlin Gang","floor":11,"turns":3},{"damage":25,"enemies":"Lagavulin","floor":14,"turns":7},{"damage":39,"enemies":"Slime Boss","floor":16,"turns":7}],"seed_played":"-675030736590089640","potions_obtained":[{"floor":8,"key":"AttackPotion"},{"floor":11,"key":"EntropicBrew"}],"is_trial":false,"path_per_floor":["M","M","T","M","M","R","?","M","T","?","M","R","T","E","R","B"],"character_chosen":"DEFECT","items_purchased":[],"campfire_rested":2,"item_purchase_floors":[],"current_hp_per_floor":[64,64,64,64,63,63,63,32,32,13,8,29,36,11,34,0,0],"gold":255,"neow_bonus":"THREE_ENEMY_KILL","is_daily":false,"chose_seed":false,"campfire_upgraded":1,"win_rate":0.0,"timestamp":1609947711,"path_taken":["M","?","?","M","M","R","?","M","T","?","M","R","?","E","R","BOSS"],"items_purchased_type":[],"build_version":"2020-12-22","purchased_purges":0,"victory":false,"max_hp_per_floor":[71,71,71,71,71,71,71,71,71,71,71,71,78,78,78,78,78],"card_choices":[{"not_picked":["Rebound","Redo"],"picked":"Go for the Eyes","floor":1.0},{"not_picked":["Turbo","Rebound"],"picked":"Genetic Algorithm","floor":2.0},{"not_picked":["Heatsinks","Rebound"],"picked":"Machine Learning","floor":4.0},{"not_picked":["Beam Cell","Hologram"],"picked":"Cold Snap","floor":5},{"not_picked":["Steam","Storm"],"picked":"Ball Lightning","floor":8},{"not_picked":["Stack","Aggregate"],"picked":"Sweeping Beam","floor":10},{"not_picked":["Go for the Eyes","Reprogram"],"picked":"Reboot","floor":11},{"not_picked":["Cold Snap","Go for the Eyes"],"picked":"Blizzard","floor":14}],"player_experience":2481047,"relics_obtained":[{"floor":3.0,"key":"Emotion Chip"},{"floor":9,"key":"Matryoshka"},{"floor":10,"key":"Odd Mushroom"},{"floor":13,"key":"Strawberry"},{"floor":13,"key":"The Courier"},{"floor":14,"key":"White Beast Statue"}],"event_choices":[{"damage_healed":0,"gold_gain":0,"player_choice":"Grow","damage_taken":0,"max_hp_gain":0,"max_hp_loss":0,"event_name":"Living Wall","floor":7,"gold_loss":0,"cards_upgraded":["Go for the Eyes"]},{"damage_healed":0,"gold_gain":0,"player_choice":"Fought Mushrooms","damage_taken":0,"max_hp_gain":0,"max_hp_loss":0,"event_name":"Mushrooms","floor":10,"gold_loss":0}],"is_beta":false,"boss_relics":[],"items_purged_floors":[],"is_endless":false,"potions_floor_spawned":[8,11],"killed_by":"Slime Boss","ascension_level":20}}