{"host":"04aht2z7d1qbuefv","time":1609901859,"event":{"mods":["AchievementEnabler","BaseMod","Downfall","Minty Spire (QoL Compilation)","StSLib","The Cursed","The Necromancer"],"gold_per_floor":[199,212,225,245,420,455,500,350,375,391,241,258,258,102,114,219,219,219,234,250,22,7,7,7,7,0,100,132,57,84,102,113,211,211,211,229,248,52,71,103,103,103,53,80,132,132,432,432,444,444,444,476,105,105,105],"floor_reached":56,"playtime":2882,"items_purged":["Doubt","Strike_W","Defend_W","Strike_W"],"score":1952,"play_id":"36773cb9-aeb4-4b71-b555-02d50a068fb8","local_time":"20210105235739","is_ascension_mode":true,"campfire_choices":[{"floor":1,"key":"RECALL"},{"floor":11,"key":"DIG"},{"data":"Summon_Vampire_Lady","floor":18,"key":"SMITH"},{"data":"Summon_Undead","floor":23,"key":"SMITH"},{"floor":25,"key":"DIG"},{"data":"Summon_Vampire_Lady","floor":29,"key":"SMITH"},{"data":"Summon_Vampire_Lady","floor":35,"key":"SMITH"},{"floor":42,"key":"DIG"},{"floor":46,"key":"DIG"},{"floor":54,"key":"REST"}],"circlet_count":0,"master_deck":["Strike_W","Strike_W","Defend_W","Defend_W","Defend_W","Negative_Energy_Arrows","Bone_Wall","Scare","Negative_Energy_Sphere","Negative_Energy_Mist","Summon_Lich+1","Skeleton_Dragon","Bone_Armor","Purity","Spectral_Armor","Summon_Vampire_Lady+1","Vampiric_Strike","Summon_Undead+1","Shackles_Of_Pain+1","Summon_Vampire_Lady+1","Summon_Lich+1","Summon_Vampire_Lady+1","Summon_Undead_Army+1","Bone_Armory","Parasite","expansioncontent:LastStand","expansioncontent:CaCaw"],"relics":["Vampire_Amulet","Smiling Mask","Oddly Smooth Stone","Shovel","downfall:HeartBlessingRed","downfall:HeartBlessingGreen","Mercury Hourglass","SacredBark","Bag of Preparation","Akabeko","Mummified Hand","downfall:HeartBlessingBlue","Bag of Marbles","Busted Crown","Thread and Needle","Sling","Pen Nib","Dream Catcher","InkBottle","TungstenRod","Ginger","Eternal Feather","Old Coin","White Beast Statue","Vajra"],"acts_visited":["Exordium","TheCity","TheBeyond","TheEnding"],"potions_floor_usage":[4,16,20,28,37,40,44,44,50,55,55,55],"damage_taken":[{"damage":0,"enemies":"2 Louse","floor":2,"turns":2},{"damage":0,"enemies":"Cultist","floor":3,"turns":4},{"damage":6,"enemies":"Jaw Worm","floor":4,"turns":3},{"damage":51,"enemies":"Lagavulin","floor":6,"turns":12},{"damage":19,"enemies":"3 Sentries","floor":9,"turns":7},{"damage":8,"enemies":"Lots of Slimes","floor":10,"turns":2},{"damage":9,"enemies":"Exordium Wildlife","floor":12,"turns":4},{"damage":0,"enemies":"downfall:FleeingMerchant","floor":14,"turns":4},{"damage":4,"enemies":"Gremlin Gang","floor":15,"turns":2},{"damage":12,"enemies":"downfall:Silent","floor":16,"turns":13},{"damage":29,"enemies":"Shell Parasite","floor":19,"turns":7},{"damage":28,"enemies":"Spheric Guardian","floor":20,"turns":7},{"damage":10,"enemies":"downfall:FleeingMerchant","floor":21,"turns":4},{"damage":3,"enemies":"downfall:FleeingMerchant","floor":22,"turns":4},{"damage":0,"enemies":"downfall:FleeingMerchant","floor":26,"turns":4},{"damage":24,"enemies":"Gremlin Leader","floor":28,"turns":6},{"damage":28,"enemies":"Slavers","floor":30,"turns":3},{"damage":4,"enemies":"Snake Plant","floor":31,"turns":4},{"damage":0,"enemies":"Sentry and Sphere","floor":32,"turns":2},{"damage":60,"enemies":"downfall:Ironclad","floor":33,"turns":7},{"damage":9,"enemies":"3 Shapes","floor":36,"turns":3},{"damage":2,"enemies":"Orb Walker","floor":37,"turns":4},{"damage":15,"enemies":"downfall:FleeingMerchant","floor":38,"turns":4},{"damage":13,"enemies":"Writhing Mass","floor":39,"turns":6},{"damage":38,"enemies":"Giant Head","floor":40,"turns":8},{"damage":83,"enemies":"Nemesis","floor":44,"turns":9},{"damage":58,"enemies":"2 Orb Walkers","floor":45,"turns":5},{"damage":0,"enemies":"Sphere and 2 Shapes","floor":49,"turns":3},{"damage":39,"enemies":"downfall:Defect","floor":50,"turns":8},{"damage":151,"enemies":"downfall:CharBossMerchant","floor":52,"turns":7},{"damage":38,"enemies":"downfall:NeowBoss","floor":55,"turns":23}],"seed_played":"-480289539144745566","potions_obtained":[{"floor":3,"key":"SneckoOil"},{"floor":4,"key":"Fruit Juice"},{"floor":9,"key":"EssenceOfSteel"},{"floor":16,"key":"LiquidMemories"},{"floor":20,"key":"Fruit Juice"},{"floor":30,"key":"SpeedPotion"},{"floor":31,"key":"SteroidPotion"},{"floor":33,"key":"champ:CounterPotion"},{"floor":40,"key":"LiquidBronze"},{"floor":44,"key":"Fruit Juice"},{"floor":45,"key":"SteroidPotion"},{"floor":49,"key":"Guardian:BlockOnCardUsePotion"},{"floor":52,"key":"LiquidMemories"}],"is_trial":false,"path_per_floor":["R","M","M","M","?","E","T","?","E","M","R","M","?","$","M","B",null,"R","M","M","$","$","R","T","R","$","?","E","R","E","M","M","B",null,"R","M","M","$","M","E","T","R","$","E","?","R","?","?","M","B",null,"E","$","R","B",null],"character_chosen":"NECROMANCER","items_purchased":["Purity","Summon_Undead","Bag of Preparation","Thread and Needle","Sling","Bone_Armory","Vajra","EssenceOfSteel","expansioncontent:CaCaw"],"campfire_rested":1,"item_purchase_floors":[14,21,21,38,38,38,53,53,53],"current_hp_per_floor":[75,75,75,76,76,27,27,90,77,79,79,74,74,74,78,68,90,90,81,77,76,85,85,85,85,91,91,99,109,98,110,110,79,110,110,110,110,110,110,102,102,102,102,95,65,65,65,65,77,96,120,17,17,68,113],"gold":105,"neow_bonus":"HUNDRED_GOLD","is_daily":false,"chose_seed":false,"campfire_upgraded":4,"win_rate":0.0,"timestamp":1609901859,"path_taken":["R","M","M","M","?","E","T","?","E","M","R","?","?","$","M","BOSS","R","M","M","?","$","R","T","R","$","?","E","R","E","?","M","BOSS","R","M","M","$","M","E","T","R","$","E","?","R","?","?","M","BOSS","E","$","R","BOSS"],"items_purchased_type":["Card","Card","Relic","Relic","Relic","Card","Relic","Potion","Card"],"build_version":"2020-12-22","purchased_purges":4,"victory":true,"max_hp_per_floor":[75,75,75,80,80,80,80,90,90,90,90,90,90,90,90,90,90,90,90,100,100,100,100,100,100,100,100,100,110,110,110,110,110,110,110,110,110,110,110,110,110,110,110,120,120,120,120,120,120,120,120,120,120,120,120],"card_choices":[{"not_picked":["Shackles_Of_Pain","Negative_Energy_Sphere"],"picked":"Scare","floor":2},{"not_picked":["Consume_Illness","Epidemic"],"picked":"Negative_Energy_Sphere","floor":3},{"not_picked":["Bone_Armor","Finger_Of_Death"],"picked":"Negative_Energy_Mist","floor":4},{"not_picked":["Vampiric_Strike","Shackles_Of_Pain"],"picked":"Summon_Lich","floor":6},{"not_picked":["Blood_Curse","Death_Coil"],"picked":"Skeleton_Dragon","floor":9},{"not_picked":["Blood_Whip","Toxic_Smoke_Screen","Bone_Spikes"],"picked":"SKIP","floor":10},{"not_picked":["Negative_Energy_Shield","Bones_to_Steel"],"picked":"Bone_Armor","floor":12},{"not_picked":["Bone_Bullets","Corrupt","Negative_Energy_Shield"],"picked":"SKIP","floor":14},{"not_picked":["Vampiric_Strike","Negative_Energy_Sphere"],"picked":"Spectral_Armor","floor":15},{"not_picked":["Hellfire","Blood_Magic"],"picked":"Summon_Vampire_Lady","floor":16},{"not_picked":["Bone_Spikes","Pandemic","Death_Coil"],"picked":"SKIP","floor":19},{"not_picked":["Blood_Shield+1","Scare"],"picked":"Vampiric_Strike","floor":20},{"not_picked":["Blood_Curse+1","Slay_Living+1","Consume_Illness+1"],"picked":"SKIP","floor":21},{"not_picked":["Violent_Necrosis","Blood_Curse+1"],"picked":"Shackles_Of_Pain+1","floor":22},{"not_picked":["Deaths_Shadow","Requiem"],"picked":"Summon_Vampire_Lady","floor":26},{"not_picked":["Bones_to_Steel+1","Strike_from_Beyond"],"picked":"Summon_Lich+1","floor":28},{"not_picked":["Bone_Bullets","Blood_Whip","Whirlwind_of_Bones"],"picked":"SKIP","floor":30},{"not_picked":["Toxic_Smoke_Screen","Negative_Energy_Shield+1","Shade_Step"],"picked":"SKIP","floor":31},{"not_picked":["Negative_Energy_Mist","Acid_Javelin","Negative_Energy_Javelin"],"picked":"SKIP","floor":32},{"not_picked":["Hellfire","Cloudkill"],"picked":"Summon_Vampire_Lady","floor":33},{"not_picked":["Consume_Illness+1"],"picked":"SKIP","floor":36},{"not_picked":[],"picked":"Summon_Undead_Army+1","floor":37},{"not_picked":["Negative_Energy_Javelin"],"picked":"SKIP","floor":38},{"not_picked":["Blood_Curse+1"],"picked":"SKIP","floor":39},{"not_picked":["Negative_Energy_Javelin+1"],"picked":"SKIP","floor":40},{"not_picked":["Blood_Wake"],"picked":"SKIP","floor":44},{"not_picked":[],"picked":"expansioncontent:LastStand","floor":48},{"not_picked":["Chill_Blood+1"],"picked":"SKIP","floor":49},{"not_picked":["Detonate_Bones"],"picked":"SKIP","floor":52}],"player_experience":154375,"relics_obtained":[{"floor":6,"key":"Smiling Mask"},{"floor":7,"key":"Oddly Smooth Stone"},{"floor":9,"key":"Shovel"},{"floor":11,"key":"Mercury Hourglass"},{"floor":25,"key":"Akabeko"},{"floor":28,"key":"Mummified Hand"},{"floor":30,"key":"Bag of Marbles"},{"floor":40,"key":"Pen Nib"},{"floor":41,"key":"Dream Catcher"},{"floor":42,"key":"InkBottle"},{"floor":44,"key":"TungstenRod"},{"floor":45,"key":"Ginger"},{"floor":46,"key":"Eternal Feather"},{"floor":47,"key":"Old Coin"},{"floor":52,"key":"White Beast Statue"}],"event_choices":[{"damage_healed":0,"gold_gain":0,"player_choice":"Forge","damage_taken":0,"max_hp_gain":0,"max_hp_loss":0,"event_name":"Accursed Blacksmith","floor":13,"gold_loss":0,"cards_upgraded":["Summon_Lich"]},{"damage_healed":0,"gold_gain":0,"player_choice":"Fight","damage_taken":0,"max_hp_gain":0,"max_hp_loss":0,"event_name":"Mysterious Sphere","floor":45,"gold_loss":0}],"is_beta":false,"boss_relics":[{"not_picked":["Astrolabe","Runic Dome"],"picked":"SacredBark"},{"not_picked":["Runic Pyramid","Philosopher\u0027s Stone"],"picked":"Busted Crown"}],"items_purged_floors":[14,38,43,53],"is_endless":false,"potions_floor_spawned":[3,4,9,16,20,30,31,33,40,44,45,49,52],"ascension_level":1}}