{"host":"363c1o4m0ew2jbar","time":1609935355,"event":{"mods":["AchievementEnabler","BaseMod","Better Note","Downfall","Hubris","Minty Spire (QoL Compilation)","StSLib"],"gold_per_floor":[99,109,126,137,148,73,96,208,220,266,288,300,312,357,384,492,504,516,542,554,579,212,232,232,232,258,273,198,213,241,252,272,272,272,272],"floor_reached":33,"playtime":1565,"items_purged":["hexamod:Strike"],"score":391,"play_id":"92df9092-d18a-41a1-8edc-c5ad3b3c69c8","local_time":"20210106021555","is_ascension_mode":true,"campfire_choices":[{"floor":1,"key":"RECALL"},{"data":"hexamod:Firestarter","floor":6,"key":"SMITH"},{"data":"hexamod:BacktrackSmack","floor":9,"key":"SMITH"},{"floor":13,"key":"REST"},{"data":"hexamod:HexaLevel","floor":18,"key":"SMITH"},{"data":"Guardian:ChargeUp","floor":25,"key":"SMITH"},{"floor":28,"key":"REST"}],"circlet_count":0,"master_deck":["hexamod:Strike","hexamod:Strike","hexamod:Defend+1","hexamod:Defend+1","hexamod:Defend","hexamod:Defend","hexamod:Float","hexamod:GhostOfSpirePast","hexamod:Firestarter+1","hexamod:BacktrackSmack+1","hexamod:Incineration","hexamod:AdvancingGuard","hexamod:HexaLevel+1","Guardian:ChargeUp+1"],"relics":["hexamod:SpiritBrand","downfall:HeartBlessingRed","MawBank","Bronze Scales","hubris:Icosahedron","hubris:64BitClover","Busted Crown","Torii","Toy Ornithopter","War Paint","downfall:HeartBlessingGreen","Strawberry","Potion Belt"],"acts_visited":["Exordium","TheCity"],"potions_floor_usage":[16,16,26,30,33],"damage_taken":[{"damage":0,"enemies":"2 Louse","floor":2,"turns":3},{"damage":0,"enemies":"Cultist","floor":3,"turns":4},{"damage":0,"enemies":"Small Slimes","floor":4,"turns":3},{"damage":18,"enemies":"Exordium Wildlife","floor":5,"turns":6},{"damage":18,"enemies":"Lagavulin","floor":10,"turns":5},{"damage":3,"enemies":"Red Slaver","floor":11,"turns":3},{"damage":4,"enemies":"3 Sentries","floor":14,"turns":6},{"damage":5,"enemies":"Gremlin Gang","floor":15,"turns":3},{"damage":13,"enemies":"downfall:Silent","floor":16,"turns":5},{"damage":4,"enemies":"3 Byrds","floor":19,"turns":2},{"damage":0,"enemies":"Spheric Guardian","floor":21,"turns":3},{"damage":0,"enemies":"downfall:FleeingMerchant","floor":22,"turns":4},{"damage":6,"enemies":"Centurion and Healer","floor":23,"turns":5},{"damage":19,"enemies":"Gremlin Leader","floor":26,"turns":5},{"damage":17,"enemies":"Shelled Parasite and Fungi","floor":27,"turns":4},{"damage":17,"enemies":"Snake Plant","floor":29,"turns":3},{"damage":1,"enemies":"Slavers","floor":30,"turns":4},{"damage":8,"enemies":"Centurion and Healer","floor":31,"turns":5},{"damage":1,"enemies":"Chosen and Byrds","floor":32,"turns":4},{"damage":19,"enemies":"downfall:Defect","floor":33,"turns":3}],"seed_played":"7798932595492407458","potions_obtained":[{"floor":2,"key":"ColorlessPotion"},{"floor":3,"key":"AttackPotion"},{"floor":11,"key":"Guardian:BlockOnCardUsePotion"},{"floor":16,"key":"Fire Potion"},{"floor":23,"key":"hexamod:DoubleChargePotion"},{"floor":26,"key":"champ:CounterPotion"},{"floor":32,"key":"hexamod:EctoCoolerPotion"}],"is_trial":false,"path_per_floor":["R","M","M","M","M","R","T","?","R","E","M","?","R","E","M","B",null,"R","M","?","M","$","M","T","R","E","M","R","M","E","M","M","B"],"character_chosen":"THE_SPIRIT","items_purchased":["Torii"],"campfire_rested":2,"item_purchase_floors":[22],"current_hp_per_floor":[63,63,63,63,45,45,45,45,45,27,24,24,42,38,33,20,52,52,48,48,48,48,42,42,42,28,11,29,19,23,15,14,0,0,0],"gold":272,"neow_bonus":"REMOVE_TWO","is_daily":false,"chose_seed":false,"campfire_upgraded":4,"win_rate":0.0,"timestamp":1609935355,"path_taken":["R","M","M","M","M","R","T","?","R","E","?","?","R","E","M","BOSS","R","M","?","?","$","M","T","R","E","M","R","M","E","?","M","BOSS"],"items_purchased_type":["Relic"],"build_version":"2020-12-22","purchased_purges":1,"victory":false,"max_hp_per_floor":[63,63,63,63,63,63,63,63,63,63,63,63,63,63,63,63,63,63,63,63,63,63,63,63,63,63,63,63,70,70,70,70,70,70,70],"card_choices":[{"not_picked":["hexamod:SuperheatedStrike","hexamod:PowerFromBeyond"],"picked":"hexamod:GhostOfSpirePast","floor":2},{"not_picked":["hexamod:NecessarySacrifice","hexamod:NightmareGuise"],"picked":"hexamod:Firestarter","floor":3},{"not_picked":["hexamod:HauntingEcho","hexamod:SpectralSpark","hexamod:Rewind"],"picked":"SKIP","floor":4},{"not_picked":["hexamod:SpectersWail","hexamod:ShieldOfDarkness"],"picked":"hexamod:BacktrackSmack","floor":5},{"not_picked":["hexamod:PhantomCloak","hexamod:BacktrackSmack"],"picked":"hexamod:Incineration","floor":10},{"not_picked":["hexamod:PhantomFireball","hexamod:GhostShield","hexamod:HauntingEcho"],"picked":"SKIP","floor":11},{"not_picked":["hexamod:SwordOfDarkness","hexamod:GhostOfSpirePast","hexamod:SpectralAdrenaline"],"picked":"SKIP","floor":14},{"not_picked":["hexamod:Firestarter","hexamod:NecessarySacrifice"],"picked":"hexamod:AdvancingGuard","floor":15},{"not_picked":["hexamod:ApocalypseNow","hexamod:UnlimitedPower"],"picked":"hexamod:HexaLevel","floor":16},{"not_picked":["hexamod:Again"],"picked":"SKIP","floor":19},{"not_picked":["hexamod:SwordOfDarkness"],"picked":"SKIP","floor":21},{"not_picked":["hexamod:NightmareGuise+1"],"picked":"SKIP","floor":22},{"not_picked":["hexamod:FastForward+1"],"picked":"SKIP","floor":23},{"not_picked":["hexamod:Hexaguard"],"picked":"SKIP","floor":26},{"not_picked":["hexamod:Hexaguard"],"picked":"SKIP","floor":27},{"not_picked":["hexamod:CatchUp+1"],"picked":"SKIP","floor":29},{"not_picked":["hexamod:ParanormalForm"],"picked":"SKIP","floor":30},{"not_picked":["hexamod:NecessarySacrifice"],"picked":"SKIP","floor":31},{"not_picked":["hexamod:Haunt"],"picked":"SKIP","floor":32}],"player_experience":1162079,"relics_obtained":[{"floor":7,"key":"MawBank"},{"floor":10,"key":"Bronze Scales"},{"floor":14,"key":"hubris:64BitClover"},{"floor":24,"key":"Toy Ornithopter"},{"floor":26,"key":"War Paint"},{"floor":29,"key":"Strawberry"},{"floor":30,"key":"Potion Belt"}],"event_choices":[{"damage_healed":0,"gold_gain":0,"player_choice":"Read","damage_taken":0,"max_hp_gain":0,"max_hp_loss":0,"event_name":"The Library","floor":20,"gold_loss":0,"cards_obtained":["Guardian:ChargeUp"]}],"is_beta":false,"boss_relics":[{"not_picked":["Snecko Eye","hubris:Stopwatch"],"picked":"Busted Crown"}],"items_purged_floors":[22],"is_endless":false,"potions_floor_spawned":[2,3,11,15,16,23,26,27,29,32],"killed_by":"downfall:Defect","ascension_level":6}}