{"host":"eydwxg59205c3vtl","time":1609897149,"event":{"mods":["2.2 Compatiblity","BaseMod","Colored Map","Colored Powertips","Hubris","Minty Spire (QoL Compilation)","StSLib","The Jungle","The Necromancer"],"gold_per_floor":[111,127,127,4,19,47,47,82,109,109,109,124,124,164,164,288,288,302,227,247,247,247,285,297,309,321,333,207,232,232,256,256,381,381,400,413,6,6,69,110,129,152,229,229,229,293,32,53,53,53],"floor_reached":51,"playtime":2033,"items_purged":["Strike_P","Strike_P"],"score":809,"play_id":"08405bad-196b-4b7b-bf60-34a0f9bef908","local_time":"20210105203909","is_ascension_mode":false,"campfire_choices":[{"data":"Vault","floor":7.0,"key":"SMITH"},{"floor":13.0,"key":"REST"},{"floor":15.0,"key":"REST"},{"data":"Ragnarok","floor":25.0,"key":"SMITH"},{"data":"Fasting2","floor":27.0,"key":"SMITH"},{"data":"CrushJoints","floor":30.0,"key":"SMITH"},{"data":"CarveReality","floor":32.0,"key":"SMITH"},{"data":"DevaForm","floor":45.0,"key":"SMITH"},{"floor":49,"key":"REST"}],"circlet_count":0,"master_deck":["Strike_P","Defend_P+1","Defend_P","Defend_P","Defend_P","Eruption+1","Vigilance","EmptyBody","EmptyFist","Vault+1","CutThroughFate+1","InnerPeace","Crescendo","Conclude","ThirdEye","DevaForm+1","Ragnarok+1","FollowUp+1","TalkToTheHand+1","Fasting2+1","CarveReality+1","CrushJoints+1","FollowUp","ConjureBlade","Consecrate+1","Indignation+1","Secret Technique","WreathOfFlame+1","TalkToTheHand+1","FlyingSleeves+1","Parasite","TalkToTheHand+1","Perseverance+1"],"relics":["PureWater","Happy Flower","StoneCalendar","Juzu Bracelet","Blood Vial","Golden Idol","Question Card","Sozu","MutagenicStrength","MawBank","The Courier","hubris:Stopwatch","Bag of Marbles","Membership Card","Regal Pillow","Ornamental Fan","FossilizedHelix","Molten Egg 2","Dream Catcher","hubris:DisguiseKit","Torii","Damaru","Strange Spoon","Bronze Scales","Whetstone"],"acts_visited":["Exordium","TheCity","TheBeyond"],"potions_floor_usage":[],"damage_taken":[{"damage":0.0,"enemies":"Cultist","floor":1.0,"turns":3.0},{"damage":0.0,"enemies":"Jaw Worm","floor":2.0,"turns":4.0},{"damage":0.0,"enemies":"Small Slimes","floor":5.0,"turns":4.0},{"damage":29.0,"enemies":"Lagavulin","floor":6.0,"turns":7.0},{"damage":14.0,"enemies":"Gremlin Nob","floor":8.0,"turns":3.0},{"damage":3.0,"enemies":"Looter","floor":12.0,"turns":3.0},{"damage":0.0,"enemies":"3 Sentries","floor":14.0,"turns":5.0},{"damage":44.0,"enemies":"The Guardian","floor":16.0,"turns":11.0},{"damage":2.0,"enemies":"Chosen","floor":18.0,"turns":2.0},{"damage":0.0,"enemies":"3 Byrds","floor":20.0,"turns":4.0},{"damage":10.0,"enemies":"Book of Stabbing","floor":23.0,"turns":5.0},{"damage":6.0,"enemies":"Snecko","floor":29.0,"turns":3.0},{"damage":7.0,"enemies":"3 Cultists","floor":31.0,"turns":4.0},{"damage":20.0,"enemies":"hubris:MusketHawk","floor":33.0,"turns":7.0},{"damage":0.0,"enemies":"3 Darklings","floor":35.0,"turns":4.0},{"damage":0.0,"enemies":"3 Shapes","floor":36.0,"turns":6.0},{"damage":32.0,"enemies":"Mind Bloom Boss Battle","floor":39.0,"turns":5.0},{"damage":0.0,"enemies":"Nemesis","floor":40.0,"turns":6.0},{"damage":0.0,"enemies":"Spire Growth","floor":41.0,"turns":3.0},{"damage":0.0,"enemies":"2 Orb Walkers","floor":46.0,"turns":3.0},{"damage":1,"enemies":"Writhing Mass","floor":48,"turns":5},{"damage":60,"enemies":"hubris:GrandSnecko","floor":50,"turns":9}],"seed_played":"-6415494106959531840","potions_obtained":[{"floor":5.0,"key":"LiquidBronze"},{"floor":6.0,"key":"DuplicationPotion"},{"floor":14.0,"key":"SpeedPotion"}],"is_trial":false,"path_per_floor":["M","M","?","$","M","E","R","E","T","?","?","M","R","E","R","B",null,"M","?","M","?","?","E","?","R","T","R","$","M","R","M","R","B",null,"M","M","$","?","?","E","M","T","T","?","R","?","$","M","R","B",null],"character_chosen":"WATCHER","items_purchased":["CutThroughFate","CarveReality","Bag of Marbles","Membership Card","Regal Pillow","Ornamental Fan","Damaru","Strange Spoon","Bronze Scales","Whetstone","FlyingSleeves+1"],"campfire_rested":3,"item_purchase_floors":[4,28,37,37,37,37,47,47,47,47,47],"current_hp_per_floor":[72,72,72,72,72,43,43,29,29,15,15,14,35,37,58,16,72,70,70,72,72,72,62,62,62,62,62,62,58,58,53,53,35,72,72,72,72,72,40,42,44,44,44,44,44,46,46,47,72,12],"gold":53,"neow_bonus":"RANDOM_COMMON_RELIC","is_daily":false,"chose_seed":false,"campfire_upgraded":6,"win_rate":0.0,"timestamp":1609897149,"path_taken":["M","?","?","?","M","E","R","E","T","?","?","M","R","E","R","BOSS","M","?","M","?","?","E","?","R","T","R","$","M","R","M","R","BOSS","M","M","$","?","?","E","M","?","T","?","R","?","$","M","R","BOSS"],"items_purchased_type":["Card","Card","Relic","Relic","Relic","Relic","Relic","Relic","Relic","Relic","Card"],"build_version":"2020-12-22","purchased_purges":2,"victory":true,"max_hp_per_floor":[72,72,72,72,72,72,72,72,72,72,72,72,72,72,72,72,72,72,72,72,72,72,72,72,72,72,72,72,72,72,72,72,72,72,72,72,72,72,72,72,72,72,72,72,72,72,72,72,72,72],"card_choices":[{"not_picked":["JustLucky","EmptyFist"],"picked":"EmptyBody","floor":1.0},{"not_picked":["Crescendo","EmptyMind"],"picked":"EmptyFist","floor":2.0},{"not_picked":["Brilliance","Protect"],"picked":"InnerPeace","floor":5.0},{"not_picked":["EmptyFist","BowlingBash"],"picked":"Crescendo","floor":6.0},{"not_picked":["Study","CutThroughFate"],"picked":"Conclude","floor":8.0},{"not_picked":["Consecrate","EmptyFist"],"picked":"ThirdEye","floor":12.0},{"not_picked":["DeceiveReality","SashWhip"],"picked":"DevaForm","floor":14.0},{"not_picked":["DevaForm","DeusExMachina","MasterReality"],"picked":"Ragnarok","floor":16.0},{"not_picked":["LikeWater","Pray","ThirdEye"],"picked":"FollowUp","floor":18.0},{"not_picked":["CrushJoints","CarveReality","SashWhip+1"],"picked":"TalkToTheHand+1","floor":20.0},{"not_picked":["BowlingBash+1","JustLucky","WaveOfTheHand"],"picked":"Fasting2","floor":23.0},{"not_picked":["EmptyFist","Collect","FlurryOfBlows"],"picked":"CrushJoints","floor":29.0},{"not_picked":["EmptyBody","ClearTheMind","Crescendo"],"picked":"FollowUp","floor":31.0},{"not_picked":["Judgement","Establishment","Devotion"],"picked":"ConjureBlade","floor":33.0},{"not_picked":["CarveReality","BowlingBash+1","SashWhip"],"picked":"Consecrate+1","floor":35.0},{"not_picked":["FollowUp","Consecrate","EmptyBody"],"picked":"Indignation+1","floor":36.0},{"not_picked":["Chrysalis","Magnetism","Blind"],"picked":"Secret Technique","floor":38.0},{"not_picked":["BowlingBash+1","Collect","FlurryOfBlows+1"],"picked":"WreathOfFlame+1","floor":40.0},{"not_picked":["Evaluate","Worship","Sanctity"],"picked":"TalkToTheHand+1","floor":41.0},{"not_picked":["CarveReality+1","WheelKick+1","Adaptation","Wild Strike"],"picked":"TalkToTheHand+1","floor":48},{"not_picked":["FlurryOfBlows+1","SignatureMove+1","Collect+1","hubris:ReadiedAction"],"picked":"Perseverance+1","floor":49}],"player_experience":592617,"relics_obtained":[{"floor":6.0,"key":"StoneCalendar"},{"floor":8.0,"key":"Juzu Bracelet"},{"floor":9.0,"key":"Blood Vial"},{"floor":14.0,"key":"Question Card"},{"floor":23.0,"key":"MawBank"},{"floor":26.0,"key":"The Courier"},{"floor":39.0,"key":"FossilizedHelix"},{"floor":40.0,"key":"Molten Egg 2"},{"floor":42.0,"key":"Dream Catcher"},{"floor":43.0,"key":"hubris:DisguiseKit"},{"floor":46.0,"key":"Torii"}],"event_choices":[{"damage_healed":0.0,"max_hp_gain":0.0,"max_hp_loss":0.0,"gold_gain":0.0,"event_name":"Match and Keep!","player_choice":"1 cards matched","floor":3.0,"gold_loss":0.0,"damage_taken":0.0,"cards_obtained":["Vault"]},{"damage_healed":0.0,"max_hp_gain":0.0,"max_hp_loss":0.0,"gold_gain":0.0,"event_name":"Shining Light","player_choice":"Entered Light","floor":10.0,"gold_loss":0.0,"damage_taken":14.0,"cards_upgraded":["CutThroughFate","Defend_P"]},{"damage_healed":0.0,"max_hp_gain":0.0,"max_hp_loss":0.0,"gold_gain":0.0,"event_name":"Golden Idol","player_choice":"Take Wound","floor":11.0,"gold_loss":0.0,"damage_taken":0.0,"relics_obtained":["Golden Idol"],"cards_obtained":["Injury"]},{"cards_removed":["Injury"],"damage_healed":0.0,"max_hp_gain":0.0,"max_hp_loss":0.0,"gold_gain":0.0,"event_name":"Beggar","player_choice":"Gave Gold","floor":19.0,"gold_loss":75.0,"damage_taken":0.0},{"damage_healed":0.0,"max_hp_gain":0.0,"max_hp_loss":0.0,"gold_gain":0.0,"event_name":"Drug Dealer","player_choice":"Inject Mutagens","floor":21.0,"gold_loss":0.0,"damage_taken":0.0,"relics_obtained":["MutagenicStrength"]},{"cards_removed":["Strike_P"],"damage_healed":0.0,"max_hp_gain":0.0,"max_hp_loss":0.0,"gold_gain":0.0,"event_name":"Back to Basics","player_choice":"Elegance","floor":24.0,"gold_loss":0.0,"damage_taken":0.0},{"damage_healed":0.0,"max_hp_gain":0.0,"max_hp_loss":0.0,"gold_gain":0.0,"event_name":"SensoryStone","player_choice":"Memory 1","floor":38.0,"gold_loss":0.0,"damage_taken":0.0},{"damage_healed":0.0,"max_hp_gain":0.0,"max_hp_loss":0.0,"gold_gain":0.0,"event_name":"MindBloom","player_choice":"Fight","floor":39.0,"gold_loss":0.0,"damage_taken":0.0},{"damage_healed":0.0,"max_hp_gain":0.0,"max_hp_loss":0.0,"gold_gain":0.0,"event_name":"Tomb of Lord Red Mask","player_choice":"Ignored","floor":44.0,"gold_loss":0.0,"damage_taken":0.0},{"damage_healed":0.0,"max_hp_gain":0.0,"max_hp_loss":0.0,"gold_gain":0.0,"event_name":"Mysterious Sphere","player_choice":"Fight","floor":46.0,"gold_loss":0.0,"damage_taken":0.0}],"is_beta":false,"boss_relics":[{"not_picked":["SacredBark","Runic Dome"],"picked":"Sozu"},{"not_picked":["hubris:RunicObelisk","Black Star"],"picked":"hubris:Stopwatch"}],"items_purged_floors":[4,28],"is_endless":false,"potions_floor_spawned":[5,6,14,18,20,36,39,46],"ascension_level":0}}