{"host":"18wi9kpcl4eah7pe","time":1609950677,"event":{"mods":["BaseMod","Colored Powertips","Downfall","Minty Spire (QoL Compilation)","StSLib"],"gold_per_floor":[349,360,374,386,402,47,47,77,2,31,43,58,85,97,115,213,213,63,48,48,48,62,62,88,88,88,88,88],"floor_reached":26,"playtime":1231,"items_purged":[],"score":276,"play_id":"b3739fee-e97a-4e61-9b17-935d785abc71","local_time":"20210106103117","is_ascension_mode":true,"campfire_choices":[{"floor":1,"key":"RECALL"},{"floor":9,"key":"REST"},{"data":"Slimebound:Prepare","floor":18,"key":"SMITH"},{"floor":25,"key":"REST"}],"circlet_count":0,"master_deck":["Slimebound:Strike_Slimebound","Slimebound:Strike_Slimebound+1","Slimebound:Strike_Slimebound","Slimebound:Tackle","Slimebound:Defend_Slimebound","Slimebound:Defend_Slimebound","Slimebound:Defend_Slimebound","Slimebound:Defend_Slimebound","Slimebound:Split","Slimebound:CorrosiveSpit","Slimebound:LeechEnergy","Slimebound:PressTheAttack","Slimebound:SplitMire","Slimebound:Gluttony","Slimebound:RollThrough+1","Slimebound:SpikyOuterGoop","Slimebound:RainOfGoop","Slimebound:DivideAndConquer","Slimebound:SlimeSpikes","Slimebound:Equalize","Slimebound:LeechEnergy","Slimebound:Prepare+1","Slimebound:Chomp","Slimebound:Darklings","Slimebound:Schlurp","Slimebound:CheckThePlaybook","Slimebound:GoopSpray"],"relics":["Slimebound:AbsorbEndCombatUpgraded","Toy Ornithopter","Slimebound:AggressiveSlimeRelic","Lizard Tail","downfall:HeartBlessingRed","Bottled Lightning","Bag of Marbles","downfall:HeartBlessingBlue","downfall:HeartBlessingGreen","PreservedInsect","Whetstone"],"acts_visited":["Exordium","TheCity"],"potions_floor_usage":[5,12,13,13,15,16,22],"damage_taken":[{"damage":8,"enemies":"Cultist","floor":2,"turns":3},{"damage":5,"enemies":"2 Louse","floor":3,"turns":3},{"damage":9,"enemies":"Jaw Worm","floor":4,"turns":3},{"damage":7,"enemies":"Blue Slaver","floor":5,"turns":2},{"damage":18,"enemies":"downfall:FleeingMerchant","floor":6,"turns":4},{"damage":29,"enemies":"3 Sentries","floor":8,"turns":6},{"damage":35,"enemies":"Lagavulin","floor":10,"turns":4},{"damage":25,"enemies":"Large Slime","floor":11,"turns":4},{"damage":12,"enemies":"3 Louse","floor":12,"turns":2},{"damage":25,"enemies":"3 Sentries","floor":13,"turns":5},{"damage":22,"enemies":"Red Slaver","floor":14,"turns":2},{"damage":12,"enemies":"Large Slime","floor":15,"turns":3},{"damage":69,"enemies":"downfall:Defect","floor":16,"turns":6},{"damage":23,"enemies":"downfall:FleeingMerchant","floor":19,"turns":4},{"damage":33,"enemies":"3 Byrds","floor":22,"turns":4},{"damage":75,"enemies":"Book of Stabbing","floor":26,"turns":5}],"seed_played":"2060824923816860556","potions_obtained":[{"floor":4,"key":"Explosive Potion"},{"floor":8,"key":"sneckomod:MuddlingPotion"},{"floor":10,"key":"Block Potion"},{"floor":12,"key":"DistilledChaos"},{"floor":13,"key":"EssenceOfSteel"},{"floor":14,"key":"AttackPotion"},{"floor":16,"key":"SkillPotion"}],"is_trial":false,"path_per_floor":["R","M","M","M","M","$","T","E","R","E","M","M","E","M","M","B",null,"R","$","?","?","M","T","T","R","E"],"character_chosen":"SLIMEBOUND","items_purchased":["Toy Ornithopter","Slimebound:AggressiveSlimeRelic","Slimebound:SpikyOuterGoop"],"campfire_rested":2,"item_purchase_floors":[6,6,6],"current_hp_per_floor":[42,42,37,34,37,37,37,24,42,27,18,25,32,24,45,40,60,70,70,46,33,33,33,33,55,0,0,0],"gold":88,"neow_bonus":"TWO_FIFTY_GOLD","is_daily":false,"chose_seed":false,"campfire_upgraded":1,"win_rate":0.0,"timestamp":1609950677,"path_taken":["R","M","M","?","?","?","T","E","R","E","M","M","E","M","M","BOSS","R","$","?","?","M","?","T","R","E"],"items_purchased_type":["Relic","Relic","Card"],"build_version":"2020-12-22","purchased_purges":0,"victory":false,"max_hp_per_floor":[60,60,60,60,60,60,60,60,60,60,60,60,60,60,60,60,60,70,70,70,75,75,75,75,75,75,75,75],"card_choices":[{"not_picked":["Slimebound:GoopSpray","Slimebound:DisruptingSlam"],"picked":"Slimebound:LeechEnergy","floor":2},{"not_picked":["Slimebound:AcidTongue","Slimebound:SplitLeeching"],"picked":"Slimebound:PressTheAttack","floor":3},{"not_picked":["Slimebound:RainOfGoop","Slimebound:PressTheAttack"],"picked":"Slimebound:SplitMire","floor":4},{"not_picked":["Slimebound:SamplingLick","Slimebound:SplitBruiser"],"picked":"Slimebound:Gluttony","floor":5},{"not_picked":["Slimebound:TongueLash","Slimebound:SlimeTap"],"picked":"Slimebound:RollThrough","floor":6},{"not_picked":["Slimebound:Dissolve","Slimebound:Gluttony"],"picked":"Slimebound:RainOfGoop","floor":8},{"not_picked":["Slimebound:FormOfPuddle","Slimebound:DouseInSlime"],"picked":"Slimebound:DivideAndConquer","floor":10},{"not_picked":["Slimebound:Replication","Slimebound:FlameTackle"],"picked":"Slimebound:SlimeSpikes","floor":11},{"not_picked":["Slimebound:ProtectTheBoss","Slimebound:AcidTongue"],"picked":"Slimebound:Equalize","floor":12},{"not_picked":["Slimebound:HungryTackle","Slimebound:SamplingLick"],"picked":"Slimebound:LeechEnergy","floor":13},{"not_picked":["Slimebound:SlimeSpikes","Slimebound:SplitMire"],"picked":"Slimebound:Prepare","floor":14},{"not_picked":["Slimebound:SplitLeeching","Slimebound:ProtectTheBoss"],"picked":"Slimebound:Chomp","floor":15},{"not_picked":["Slimebound:MassFeed","Slimebound:RallyTheTroops"],"picked":"Slimebound:Darklings","floor":16},{"not_picked":["Slimebound:SplitLeeching","Slimebound:Replication"],"picked":"Slimebound:Schlurp","floor":19},{"not_picked":["Slimebound:SplitMire","Slimebound:ComboTackle"],"picked":"Slimebound:GoopSpray","floor":22}],"player_experience":878290,"relics_obtained":[{"floor":8,"key":"Lizard Tail"},{"floor":10,"key":"Bottled Lightning"},{"floor":13,"key":"Bag of Marbles"},{"floor":23,"key":"PreservedInsect"},{"floor":24,"key":"Whetstone"}],"event_choices":[],"is_beta":false,"boss_relics":[{"not_picked":["Sozu","Astrolabe"],"picked":"Slimebound:AbsorbEndCombatUpgraded"}],"items_purged_floors":[],"is_endless":false,"potions_floor_spawned":[4,8,10,12,13,14,16],"killed_by":"Book of Stabbing","ascension_level":2}}