{"host":"raaimkojny05jekw","time":1609903003,"event":{"mods":["AchievementEnabler","BaseMod","Colored Map","Colored Powertips","DeckTracker","Minty Spire (QoL Compilation)","Quick Restart","Rare Cards Sparkle","everything is the same but u backflip on backflip"],"gold_per_floor":[117,134,58,58,70,70,97,97,97,107,32,58,68,17,17,17,17],"floor_reached":16,"playtime":541,"items_purged":["Strike_G"],"score":220,"play_id":"e101f379-5f91-4bd4-87a3-4d880676fa8d","local_time":"20210106121643","is_ascension_mode":true,"campfire_choices":[{"data":"Noxious Fumes","floor":6,"key":"SMITH"},{"data":"Neutralize","floor":8,"key":"SMITH"},{"data":"Concentrate","floor":15,"key":"SMITH"}],"circlet_count":0,"master_deck":["AscendersBane","Strike_G","Strike_G","Strike_G","Strike_G","Defend_G","Defend_G","Defend_G","Defend_G","Defend_G","Survivor","Neutralize+1","Sadistic Nature","Poisoned Stab","Leg Sweep","Noxious Fumes+1","Acrobatics","Dash","Concentrate+1","Corpse Explosion","PiercingWail"],"relics":["Ring of the Snake","NlothsMask","Mercury Hourglass","Torii"],"acts_visited":["Exordium"],"potions_floor_usage":[7,12,16],"damage_taken":[{"damage":7,"enemies":"Small Slimes","floor":1,"turns":4},{"damage":1,"enemies":"Cultist","floor":2,"turns":3},{"damage":1,"enemies":"2 Louse","floor":5,"turns":2},{"damage":19,"enemies":"3 Sentries","floor":7,"turns":6},{"damage":0,"enemies":"Red Slaver","floor":10,"turns":4},{"damage":24,"enemies":"Gremlin Nob","floor":12,"turns":4},{"damage":1,"enemies":"Looter","floor":13,"turns":4},{"damage":11,"enemies":"Slime Boss","floor":16,"turns":6}],"seed_played":"-5035936145362955232","potions_obtained":[{"floor":5,"key":"Strength Potion"},{"floor":10,"key":"SteroidPotion"},{"floor":13,"key":"AttackPotion"}],"is_trial":false,"path_per_floor":["M","M","$","?","M","R","E","R","T","M","$","E","M","$","R","B"],"character_chosen":"THE_SILENT","items_purchased":["Noxious Fumes","PiercingWail"],"campfire_rested":0,"item_purchase_floors":[3,14],"current_hp_per_floor":[52,51,51,51,50,50,31,31,31,31,31,7,6,6,6,0,0],"gold":17,"neow_bonus":"RANDOM_COLORLESS_2","is_daily":false,"chose_seed":false,"campfire_upgraded":3,"win_rate":0.0,"timestamp":1609903003,"path_taken":["M","M","$","?","M","R","E","R","T","M","$","E","?","?","R","BOSS"],"items_purchased_type":["Card","Card"],"build_version":"2020-12-22","purchased_purges":1,"victory":false,"max_hp_per_floor":[60,60,60,60,60,60,60,60,60,60,60,60,60,60,60,60,60],"card_choices":[{"not_picked":["Thinking Ahead","Secret Weapon"],"picked":"Sadistic Nature","floor":0},{"not_picked":["Acrobatics","Cloak And Dagger"],"picked":"Poisoned Stab","floor":1},{"not_picked":["Outmaneuver","Well Laid Plans"],"picked":"Leg Sweep","floor":2},{"not_picked":["Slice","Predator"],"picked":"Acrobatics","floor":5},{"not_picked":["Terror","Dodge and Roll"],"picked":"Dash","floor":7},{"not_picked":["Dagger Throw","Sucker Punch"],"picked":"Concentrate","floor":10},{"not_picked":["Prepared","Quick Slash"],"picked":"Corpse Explosion","floor":12},{"not_picked":["Dash","Sucker Punch","Skewer"],"picked":"SKIP","floor":13}],"player_experience":716629,"relics_obtained":[{"floor":7,"key":"Mercury Hourglass"},{"floor":12,"key":"Torii"}],"event_choices":[{"damage_healed":0,"gold_gain":0,"player_choice":"Trade","damage_taken":0,"relics_obtained":["NlothsMask"],"max_hp_gain":0,"max_hp_loss":0,"event_name":"FaceTrader","floor":4,"gold_loss":0}],"is_beta":false,"boss_relics":[],"items_purged_floors":[11],"is_endless":false,"potions_floor_spawned":[5,10,13],"killed_by":"Slime Boss","ascension_level":20}}