{"host":"6qo42zgaknezulyg","time":1609940654,"event":{"mods":["2.2 Compatiblity","BaseMod","Colored Map","Downfall","Keyboard Shortcuts","Minty Spire (QoL Compilation)","Permanent Neow","Quick Restart","StSLib","SuperFastMode"],"gold_per_floor":[0,10,21,38,55,83,383,402,418,418,432,432,532,558,568,667,667,667,679,689,707,369,369,393,393,293,293,309,363,376,376,393,494,494,494,511,529,529,547,263,263,317,317,317,335,335,6,35,47,59],"floor_reached":51,"playtime":3282,"items_purged":["bronze:Strike","bronze:Strike","bronze:BronzeArmor+1"],"score":1082,"play_id":"1c0b3358-8c64-4d56-9d8c-e5c2b12f923c","local_time":"20210106224414","is_ascension_mode":true,"campfire_choices":[{"data":"bronze:SpaghettiCode","floor":1.0,"key":"SMITH"},{"floor":10.0,"key":"REST"},{"floor":18.0,"key":"REST"},{"floor":23.0,"key":"RECALL"},{"data":"bronze:SpaghettiCode","floor":26.0,"key":"SMITH"},{"data":"bronze:Goto","floor":35.0,"key":"SMITH"},{"floor":44.0,"key":"REST"},{"floor":46.0,"key":"REST"},{"floor":49,"key":"REST"}],"circlet_count":0,"master_deck":["AscendersBane","bronze:Defend","bronze:Defend+1","bronze:Defend","bronze:Defend","bronze:Replicate","bronze:Goto+1","bronze:SpaghettiCode+1","bronze:Repulsor","bronze:Fortify","bronze:Boost","bronze:DelayedGuard","bronze:Frontload","bronze:Branch","bronze:SpaghettiCode+1","bronze:BronzeOrb+1","bronze:FollowUp+1","bronze:CutThrough+1","bronze:Frontload","bronze:ChildClass","bronze:Optimize+1","expansioncontent:DashGenerateEvil+1","bronze:Frontload+1","bronze:Separator"],"relics":["bronze:BronzeCore","bronze:Timepiece","Old Coin","Molten Egg 2","Sozu","Matryoshka","Bag of Preparation","downfall:RedIOU","downfall:HeartBlessingRed","Mummified Hand","Juzu Bracelet","bronze:ElectromagneticCoil","Lizard Tail","champ:DuelingGlove","hexamod:BolsterEngine","Medical Kit","Bag of Marbles","MawBank"],"acts_visited":["Exordium","TheCity","TheBeyond"],"potions_floor_usage":[50],"damage_taken":[{"damage":1.0,"enemies":"Cultist","floor":2.0,"turns":4.0},{"damage":0.0,"enemies":"Small Slimes","floor":3.0,"turns":3.0},{"damage":7.0,"enemies":"Jaw Worm","floor":4.0,"turns":3.0},{"damage":5.0,"enemies":"Large Slime","floor":5.0,"turns":6.0},{"damage":0.0,"enemies":"3 Sentries","floor":6.0,"turns":1.0},{"damage":8.0,"enemies":"3 Louse","floor":8.0,"turns":3.0},{"damage":7.0,"enemies":"Exordium Wildlife","floor":9.0,"turns":5.0},{"damage":4.0,"enemies":"2 Fungi Beasts","floor":11.0,"turns":3.0},{"damage":21.0,"enemies":"Lagavulin","floor":14.0,"turns":7.0},{"damage":2.0,"enemies":"Gremlin Gang","floor":15.0,"turns":5.0},{"damage":23.0,"enemies":"downfall:Ironclad","floor":16.0,"turns":11.0},{"damage":1.0,"enemies":"Spheric Guardian","floor":19.0,"turns":6.0},{"damage":0.0,"enemies":"Chosen","floor":20.0,"turns":5.0},{"damage":0.0,"enemies":"Centurion and Healer","floor":21.0,"turns":8.0},{"damage":0.0,"enemies":"downfall:FleeingMerchant","floor":22.0,"turns":4.0},{"damage":4.0,"enemies":"Shelled Parasite and Fungi","floor":28.0,"turns":4.0},{"damage":0.0,"enemies":"Chosen and Byrds","floor":30.0,"turns":5.0},{"damage":0.0,"enemies":"Centurion and Healer","floor":32.0,"turns":6.0},{"damage":35.0,"enemies":"downfall:Watcher","floor":33.0,"turns":9.0},{"damage":1.0,"enemies":"3 Shapes","floor":36.0,"turns":5.0},{"damage":3.0,"enemies":"Orb Walker","floor":37.0,"turns":5.0},{"damage":16.0,"enemies":"Transient","floor":39.0,"turns":5.0},{"damage":0.0,"enemies":"downfall:FleeingMerchant","floor":40.0,"turns":4.0},{"damage":7.0,"enemies":"2 Orb Walkers","floor":42.0,"turns":4.0},{"damage":14.0,"enemies":"Writhing Mass","floor":45.0,"turns":7.0},{"damage":0.0,"enemies":"downfall:FleeingMerchant","floor":47.0,"turns":2.0},{"damage":8,"enemies":"Reptomancer","floor":48,"turns":6},{"damage":53,"enemies":"downfall:Defect","floor":50,"turns":9}],"seed_played":"-2798657614954514843","potions_obtained":[{"floor":2.0,"key":"Block Potion"},{"floor":3.0,"key":"AttackPotion"},{"floor":6.0,"key":"hexamod:SoulburnPotion"},{"floor":9.0,"key":"PowerPotion"},{"floor":16.0,"key":"GamblersBrew"}],"is_trial":false,"path_per_floor":["R","M","M","M","M","E","T","M","M","R","M","?","?","E","M","B",null,"R","M","M","M","$","R","T","?","R","?","M","T","M","?","M","B",null,"R","M","M","?","M","$","T","?","?","R","M","R","$","E","R","B",null],"character_chosen":"THE_AUTOMATON","items_purchased":["Matryoshka","expansioncontent:DashGenerateEvil+1","hexamod:BolsterEngine","Medical Kit","bronze:Separator","Bag of Marbles"],"campfire_rested":5,"item_purchase_floors":[22,40,47,47,47,47],"current_hp_per_floor":[63,62,62,55,50,50,50,42,35,56,52,52,52,31,29,6,54,70,69,69,69,69,69,69,69,69,69,65,65,65,65,65,30,60,60,59,56,56,40,40,40,33,25,46,32,53,53,45,66,13],"gold":71,"neow_bonus":"THREE_RARE_CARDS","is_daily":false,"chose_seed":false,"campfire_upgraded":3,"win_rate":0.0,"timestamp":1609940654,"path_taken":["R","M","M","M","?","E","T","M","M","R","M","?","?","E","M","BOSS","R","M","?","M","$","R","T","?","R","?","M","?","M","?","M","BOSS","R","M","M","?","M","$","T","?","?","R","M","R","$","E","R","BOSS"],"items_purchased_type":["Relic","Card","Relic","Relic","Card","Relic"],"build_version":"2020-12-22","purchased_purges":3,"victory":true,"max_hp_per_floor":[70,70,70,70,70,70,70,70,70,70,70,70,70,70,70,70,70,70,70,70,70,70,70,70,70,70,70,70,70,70,70,70,70,70,70,70,70,70,70,70,70,70,70,70,70,70,70,70,70,70],"card_choices":[{"not_picked":["bronze:HyperBeam","bronze:ShipIt"],"picked":"bronze:SpaghettiCode","floor":0.0},{"not_picked":["bronze:Shell","bronze:WildBeam"],"picked":"bronze:Repulsor","floor":2.0},{"not_picked":["bronze:Repair","bronze:FollowUp"],"picked":"bronze:Fortify","floor":3.0},{"not_picked":["bronze:Iterate","bronze:OilSpill"],"picked":"bronze:Boost","floor":4.0},{"not_picked":["bronze:Overheat","bronze:Terminator"],"picked":"bronze:DelayedGuard","floor":5.0},{"not_picked":["bronze:WhirlingStrike","bronze:WildBeam","bronze:Flail"],"picked":"SKIP","floor":6.0},{"not_picked":["bronze:WildBeam","bronze:Backtrace"],"picked":"bronze:Frontload","floor":8.0},{"not_picked":["bronze:ItsAFeature","bronze:CleanCode"],"picked":"bronze:Branch","floor":9.0},{"not_picked":["bronze:Constructor","bronze:BitShift","bronze:Branch"],"picked":"SKIP","floor":11.0},{"not_picked":["bronze:Constructor","bronze:BitShift","bronze:Branch"],"picked":"SKIP","floor":11.0},{"not_picked":["bronze:DelayedGuard","bronze:SearingBeam+1","bronze:RecursiveStrike+1"],"picked":"SKIP","floor":14.0},{"not_picked":["bronze:Allocate","bronze:WhirlingStrike+1","bronze:ForceShield"],"picked":"SKIP","floor":15.0},{"not_picked":["bronze:FindAndReplace","bronze:Hardcode"],"picked":"bronze:SpaghettiCode","floor":16.0},{"not_picked":["bronze:Backtrace+1","bronze:CutThrough+1"],"picked":"bronze:BronzeOrb+1","floor":19.0},{"not_picked":["bronze:Invalidate","bronze:Overheat+1"],"picked":"bronze:FollowUp+1","floor":20.0},{"not_picked":["bronze:Invalidate+1","bronze:Turbo"],"picked":"bronze:BronzeArmor+1","floor":21.0},{"not_picked":["bronze:Break+1","bronze:BronzeOrb+1","bronze:Turbo"],"picked":"SKIP","floor":22.0},{"not_picked":["bronze:DelayedGuard","bronze:Invalidate","bronze:Constructor"],"picked":"SKIP","floor":28.0},{"not_picked":["bronze:Constructor","bronze:Optimize"],"picked":"bronze:CutThrough+1","floor":30.0},{"not_picked":["bronze:Philosophize","bronze:SearingBeam+1"],"picked":"bronze:Frontload","floor":32.0},{"not_picked":["bronze:Frontload","bronze:WildBeam+1","bronze:Turbo"],"picked":"SKIP","floor":36.0},{"not_picked":["bronze:Deprecate","bronze:InfiniteBeams+1"],"picked":"bronze:ChildClass","floor":37.0},{"not_picked":["bronze:Invalidate+1","bronze:BuggyMess","bronze:Refactor"],"picked":"SKIP","floor":39.0},{"not_picked":["bronze:Constructor+1","bronze:Refactor+1"],"picked":"bronze:Optimize+1","floor":40.0},{"not_picked":["bronze:Break+1","bronze:Refactor+1"],"picked":"bronze:Frontload+1","floor":42.0},{"not_picked":["bronze:Branch+1","bronze:WildBeam+1","bronze:Backtrace+1"],"picked":"SKIP","floor":45.0},{"not_picked":["bronze:Refactor","bronze:Optimize","bronze:ForLoop+1"],"picked":"SKIP","floor":47.0},{"not_picked":["bronze:DelayedGuard+1","bronze:Allocate+1","bronze:Separator+1"],"picked":"SKIP","floor":48}],"player_experience":1120079,"relics_obtained":[{"floor":6.0,"key":"bronze:Timepiece"},{"floor":7.0,"key":"Old Coin"},{"floor":14.0,"key":"Molten Egg 2"},{"floor":24.0,"key":"Bag of Preparation"},{"floor":24.0,"key":"Happy Flower"},{"floor":29.0,"key":"Mummified Hand"},{"floor":29.0,"key":"Juzu Bracelet"},{"floor":41.0,"key":"Lizard Tail"},{"floor":42.0,"key":"champ:DuelingGlove"},{"floor":48,"key":"MawBank"}],"event_choices":[{"damage_healed":0.0,"max_hp_gain":0.0,"max_hp_loss":0.0,"gold_gain":0.0,"event_name":"Vampires","player_choice":"Ignored","floor":27.0,"gold_loss":0.0,"damage_taken":0.0},{"damage_healed":0.0,"max_hp_gain":0.0,"max_hp_loss":0.0,"gold_gain":0.0,"event_name":"Mysterious Sphere","player_choice":"Fight","floor":42.0,"gold_loss":0.0,"damage_taken":0.0}],"is_beta":false,"boss_relics":[{"not_picked":["SacredBark","Astrolabe"],"picked":"Sozu"},{"not_picked":["Runic Dome","Pandora\u0027s Box"],"picked":"bronze:ElectromagneticCoil"}],"items_purged_floors":[22,40,47],"is_endless":false,"potions_floor_spawned":[2,3,6,9,11,16,21,30,32,33,37,42,48],"ascension_level":11}}