{"host":"h4lp0eeso8a0ssq0","time":1609909768,"event":{"mods":["2.2 Compatiblity","AchievementEnabler","BaseMod","CapriCore","Colored Map","Minty Spire (QoL Compilation)","StSLib","SuperFastMode"],"gold_per_floor":[10,23,43,43,143,143,162,176,203,203,203,218,251,265,265,265,265],"floor_reached":16,"playtime":364,"items_purged":[],"score":104,"play_id":"ecc1b321-b60a-4f41-b2fa-19c1628a2389","local_time":"20210106140928","is_ascension_mode":false,"campfire_choices":[{"data":"Neutralize","floor":6.0,"key":"SMITH"},{"data":"Crippling Poison","floor":10,"key":"SMITH"},{"data":"Noxious Fumes","floor":15,"key":"SMITH"}],"circlet_count":0,"master_deck":["Strike_G","Strike_G","Defend_G","Defend_G","Defend_G","Defend_G","Defend_G","Survivor","Neutralize+1","Acrobatics","Noxious Fumes+1","Dagger Spray","Poisoned Stab","Crippling Poison+1","Caltrops","PiercingWail"],"relics":["Ring of the Snake","Strawberry","Bronze Scales"],"acts_visited":["Exordium"],"potions_floor_usage":[8],"damage_taken":[{"damage":0.0,"enemies":"Small Slimes","floor":1.0,"turns":3.0},{"damage":0.0,"enemies":"Jaw Worm","floor":2.0,"turns":7.0},{"damage":0.0,"enemies":"Cultist","floor":3.0,"turns":4.0},{"damage":2.0,"enemies":"Blue Slaver","floor":7.0,"turns":6.0},{"damage":12,"enemies":"Gremlin Gang","floor":8,"turns":4},{"damage":4,"enemies":"2 Fungi Beasts","floor":12,"turns":2},{"damage":30,"enemies":"Gremlin Nob","floor":13,"turns":4},{"damage":0,"enemies":"3 Louse","floor":14,"turns":1},{"damage":16,"enemies":"The Guardian","floor":16,"turns":6}],"seed_played":"8851157017655231769","potions_obtained":[{"floor":1.0,"key":"BlessingOfTheForge"},{"floor":2.0,"key":"Strength Potion"},{"floor":12,"key":"BlessingOfTheForge"}],"is_trial":false,"path_per_floor":["M","M","M","?","?","R","M","M","T","R","?","M","E","M","R","B"],"character_chosen":"THE_SILENT","items_purchased":[],"campfire_rested":0,"item_purchase_floors":[],"current_hp_per_floor":[70,70,70,63,63,63,61,49,56,56,56,52,22,22,22,6,6],"gold":265,"neow_bonus":"REMOVE_TWO","is_daily":false,"chose_seed":false,"campfire_upgraded":3,"win_rate":0.0,"timestamp":1609909768,"path_taken":["M","M","M","?","?","R","M","?","T","R","?","M","E","M","R","BOSS"],"items_purchased_type":[],"build_version":"2020-12-22","purchased_purges":0,"victory":false,"max_hp_per_floor":[70,70,70,70,70,70,70,70,77,77,77,77,77,77,77,77,77],"card_choices":[{"not_picked":["Finisher","Deadly Poison"],"picked":"Acrobatics","floor":1.0},{"not_picked":["Bane","Backflip"],"picked":"Noxious Fumes","floor":2.0},{"not_picked":["Outmaneuver","Endless Agony"],"picked":"Dagger Spray","floor":3.0},{"not_picked":["Expertise","Accuracy"],"picked":"Poisoned Stab","floor":7.0},{"not_picked":["Prepared","Blade Dance"],"picked":"Crippling Poison","floor":8},{"not_picked":["Dash","Eviscerate"],"picked":"Caltrops","floor":12},{"not_picked":["Sucker Punch","Slice","Heel Hook"],"picked":"SKIP","floor":13},{"not_picked":["Dash","Well Laid Plans"],"picked":"PiercingWail","floor":14}],"player_experience":75466,"relics_obtained":[{"floor":9,"key":"Strawberry"},{"floor":13,"key":"Bronze Scales"}],"event_choices":[{"cards_removed":["Strike_G"],"damage_healed":0.0,"max_hp_gain":0.0,"max_hp_loss":0.0,"gold_gain":0.0,"event_name":"Golden Wing","player_choice":"Card Removal","floor":4.0,"gold_loss":0.0,"damage_taken":7.0},{"damage_healed":0.0,"max_hp_gain":0.0,"max_hp_loss":0.0,"gold_gain":100.0,"event_name":"Golden Shrine","player_choice":"Pray","floor":5.0,"gold_loss":0.0,"damage_taken":0.0},{"damage_healed":0,"gold_gain":0,"player_choice":"Ignored","damage_taken":0,"max_hp_gain":0,"max_hp_loss":0,"event_name":"Liars Game","floor":11,"gold_loss":0}],"is_beta":false,"boss_relics":[],"items_purged_floors":[],"is_endless":false,"potions_floor_spawned":[1,2,12],"killed_by":"The Guardian","ascension_level":0}}