{"host":"msa0wxqjs3jv1k3j","time":1609918542,"event":{"mods":["BaseMod","BetterRewards","Colored Map","Highlight Path","KOR Keyword Fix","Keyboard Shortcuts","Minty Spire (QoL Compilation)","Quick Restart","SuperFastMode","everything is the same but u backflip on backflip"],"gold_per_floor":[114,40,60,60,25,56,74,74,101,101,101,56,56,56,56,156,156,173,193,207,306,381,381,85,85,110,123,123,123,123,123,123],"floor_reached":31,"playtime":977,"items_purged":[],"score":229,"play_id":"881e1a51-a2ad-4528-95c3-0388b1e83cce","local_time":"20210106163542","is_ascension_mode":false,"campfire_choices":[{"floor":8.0,"key":"REST"},{"floor":10.0,"key":"REST"},{"floor":13.0,"key":"REST"},{"data":"Chaos","floor":15.0,"key":"SMITH"},{"floor":23.0,"key":"REST"},{"data":"Creative AI","floor":25.0,"key":"SMITH"}],"circlet_count":0,"master_deck":["Strike_B","Strike_B","Strike_B","Defend_B","Defend_B","Defend_B","Defend_B","Zap","Dualcast","Skim","Chaos+1","FTL","Capacitor","Beam Cell","Barrage","Rainbow","Chaos","Creative AI+1","Conserve Battery","Coolheaded","Writhe"],"relics":["Cracked Core","Blood Vial","Juzu Bracelet","Mummified Hand","Potion Belt","White Beast Statue","Inserter","Frozen Egg 2","Meat on the Bone","Toy Ornithopter","MealTicket"],"acts_visited":["Exordium","TheCity"],"potions_floor_usage":[27],"damage_taken":[{"damage":6.0,"enemies":"Cultist","floor":1.0,"turns":3.0},{"damage":3.0,"enemies":"2 Louse","floor":3.0,"turns":3.0},{"damage":49.0,"enemies":"3 Sentries","floor":6.0,"turns":8.0},{"damage":11.0,"enemies":"Jaw Worm","floor":7.0,"turns":3.0},{"damage":45.0,"enemies":"Slime Boss","floor":16.0,"turns":10.0},{"damage":30.0,"enemies":"Shell Parasite","floor":18.0,"turns":5.0},{"damage":19.0,"enemies":"Spheric Guardian","floor":19.0,"turns":4.0},{"damage":28.0,"enemies":"Centurion and Healer","floor":20.0,"turns":7.0},{"damage":34,"enemies":"Snake Plant","floor":27,"turns":5},{"damage":27,"enemies":"Gremlin Leader","floor":31,"turns":2}],"seed_played":"-2739044029748472445","potions_obtained":[{"floor":1.0,"key":"Regen Potion"},{"floor":16.0,"key":"Explosive Potion"},{"floor":18.0,"key":"SneckoOil"},{"floor":19.0,"key":"Explosive Potion"},{"floor":20.0,"key":"AttackPotion"},{"floor":27,"key":"BlessingOfTheForge"}],"is_trial":false,"path_per_floor":["M","$","M","?","?","E","M","R","T","R","T","$","R","$","R","B",null,"M","M","M","?","T","R","$","R","T","M","?","?","?","E"],"character_chosen":"DEFECT","items_purchased":["Chaos","Barrage","Meat on the Bone","Conserve Battery"],"campfire_rested":4,"item_purchase_floors":[2,12,24,24],"current_hp_per_floor":[69,69,68,65,75,26,17,39,39,61,61,61,75,75,75,30,75,45,28,16,16,16,38,38,38,38,23,23,23,23,0,0],"gold":123,"neow_bonus":"RANDOM_COMMON_RELIC","is_daily":false,"chose_seed":false,"campfire_upgraded":2,"win_rate":0.0,"timestamp":1609918542,"path_taken":["M","$","?","?","?","E","M","R","T","R","?","$","R","$","R","BOSS","M","M","M","?","?","R","$","R","T","M","?","?","?","E"],"items_purchased_type":["Card","Card","Relic","Card"],"build_version":"2020-12-22","purchased_purges":0,"victory":false,"max_hp_per_floor":[75,75,75,75,75,75,75,75,75,75,75,75,75,75,75,75,75,75,75,75,75,75,75,75,75,75,75,75,75,75,75,75],"card_choices":[{"not_picked":["Loop","Scrape"],"picked":"Skim","floor":1.0},{"not_picked":["Genetic Algorithm","Go for the Eyes"],"picked":"FTL","floor":3.0},{"not_picked":["Streamline","Coolheaded"],"picked":"Capacitor","floor":6.0},{"not_picked":["Undo","Reboot"],"picked":"Beam Cell","floor":7.0},{"not_picked":["Thunder Strike","Biased Cognition"],"picked":"Rainbow","floor":16.0},{"not_picked":["Glacier","Steam"],"picked":"Chaos","floor":18.0},{"not_picked":["Tempest","Ball Lightning","Beam Cell"],"picked":"SKIP","floor":19.0},{"not_picked":["Coolheaded","Streamline"],"picked":"Creative AI","floor":20.0},{"not_picked":["Gash","Beam Cell"],"picked":"Coolheaded","floor":27}],"player_experience":29701,"relics_obtained":[{"floor":6.0,"key":"Mummified Hand"},{"floor":9.0,"key":"Potion Belt"},{"floor":11.0,"key":"White Beast Statue"},{"floor":22.0,"key":"Frozen Egg 2"},{"floor":26.0,"key":"Toy Ornithopter"}],"event_choices":[{"damage_healed":0.0,"max_hp_gain":0.0,"max_hp_loss":0.0,"gold_gain":0.0,"event_name":"Scrap Ooze","player_choice":"Success","floor":4.0,"gold_loss":0.0,"damage_taken":3.0,"relics_obtained":["Juzu Bracelet"]},{"damage_healed":18.0,"max_hp_gain":0.0,"max_hp_loss":0.0,"gold_gain":0.0,"event_name":"The Cleric","player_choice":"Healed","floor":5.0,"gold_loss":35.0,"damage_taken":0.0},{"damage_healed":0.0,"max_hp_gain":0.0,"max_hp_loss":0.0,"gold_gain":99.0,"event_name":"Nest","player_choice":"Stole From Cult","floor":21.0,"gold_loss":0.0,"damage_taken":0.0},{"cards_removed":["Strike_B"],"damage_healed":0,"gold_gain":0,"player_choice":"Card Removal","damage_taken":0,"max_hp_gain":0,"max_hp_loss":0,"event_name":"Wheel of Change","floor":28,"gold_loss":0},{"damage_healed":0,"gold_gain":0,"player_choice":"Ignored","damage_taken":0,"max_hp_gain":0,"max_hp_loss":0,"event_name":"Vampires","floor":29,"gold_loss":0},{"damage_healed":0,"gold_gain":0,"player_choice":"Opened","damage_taken":0,"relics_obtained":["MealTicket"],"max_hp_gain":0,"max_hp_loss":0,"event_name":"The Mausoleum","floor":30,"gold_loss":0,"cards_obtained":["Writhe"]}],"is_beta":false,"boss_relics":[{"not_picked":["Fusion Hammer","Cursed Key"],"picked":"Inserter"}],"items_purged_floors":[],"is_endless":false,"potions_floor_spawned":[1,16,18,19,20,27],"killed_by":"Gremlin Leader","ascension_level":0}}