{"host":"8p20qbbyxti0ato4","time":1609952823,"event":{"mods":["AchievementEnabler","BaseMod","BetterRewards","Colored Map","Colored Powertips","Downfall","Highlight Path","Hubris","Infinite Spire","Minty Spire (QoL Compilation)","Replay The Spire","StSLib"],"gold_per_floor":[119,119,119,119,132,166,186,186,186,186,186],"floor_reached":10,"playtime":869,"items_purged":[],"score":91,"play_id":"d9b7c04e-7080-4211-aa83-c96401075c27","local_time":"20210106170703","is_ascension_mode":false,"campfire_choices":[],"circlet_count":0,"master_deck":["Strike_B","Strike_B","Strike_B","Defend_B","Defend_B","Defend_B","Defend_B","Zap","Dualcast","Glacier","Self Repair","infinitespire:UltimateForm"],"relics":["Cracked Core","hubris:Spice","Eternal Feather"],"acts_visited":["Exordium"],"potions_floor_usage":[10],"damage_taken":[{"damage":6,"enemies":"2 Louse","floor":1,"turns":3},{"damage":8,"enemies":"Small Slimes","floor":5,"turns":4},{"damage":27,"enemies":"Lagavulin","floor":6,"turns":11},{"damage":1,"enemies":"Jaw Worm","floor":7,"turns":4},{"damage":48,"enemies":"Gremlin Nob","floor":10,"turns":5}],"seed_played":"903679297098681959","potions_obtained":[{"floor":5,"key":"infinitespire:BlackPotion"}],"is_trial":false,"path_per_floor":["M","$","?","?","M","E","M","?","T","E"],"character_chosen":"DEFECT","items_purchased":[],"campfire_rested":0,"item_purchase_floors":[],"current_hp_per_floor":[76,76,81,74,66,47,53,30,30,0,0],"gold":186,"neow_bonus":"TEN_PERCENT_HP_BONUS","is_daily":false,"chose_seed":false,"campfire_upgraded":0,"win_rate":0.0,"timestamp":1609952823,"path_taken":["M","$","?","?","M","E","M","?","T","E"],"items_purchased_type":[],"build_version":"2020-12-22","purchased_purges":0,"victory":false,"max_hp_per_floor":[82,82,87,87,87,95,95,95,95,95,95],"card_choices":[{"not_picked":["Gash","Tempest","Steam Power"],"picked":"SKIP","floor":1},{"not_picked":["Cold Snap","ReplayTheSpireMod:GoodbyeWorld"],"picked":"Glacier","floor":5},{"not_picked":["Multi-Cast","Tempest"],"picked":"Self Repair","floor":6},{"not_picked":["Turbo","Redo","Sweeping Beam"],"picked":"SKIP","floor":7},{"not_picked":["infinitespire:FinalStrike","infinitespire:Gouge"],"picked":"infinitespire:UltimateForm","floor":8}],"player_experience":179309,"relics_obtained":[{"floor":6,"key":"hubris:Spice"},{"floor":9,"key":"Eternal Feather"}],"event_choices":[{"damage_healed":0,"gold_gain":0,"player_choice":"Donut","damage_taken":0,"max_hp_gain":5,"max_hp_loss":0,"event_name":"Big Fish","floor":3,"gold_loss":0},{"cards_removed":["Strike_B"],"damage_healed":0,"gold_gain":0,"player_choice":"Card Removal","damage_taken":7,"max_hp_gain":0,"max_hp_loss":0,"event_name":"Golden Wing","floor":4,"gold_loss":0}],"is_beta":false,"boss_relics":[],"items_purged_floors":[],"is_endless":false,"potions_floor_spawned":[5],"killed_by":"Gremlin Nob","ascension_level":0}}