{"host":"7k7fhzlbqzyu5ijh","time":1609902381,"event":{"mods":["AchievementEnabler","BaseMod","Bestiary","Colored Powertips","Filter the Spire","Highlight Path","Minty Spire (QoL Compilation)","Potion Indicator Mod","RNG Fix","Relic Stats"],"gold_per_floor":[362,362,85,85,103,103,129,129,129,129,148,148,183,198,198,303,303,316,332,532,543,29,57,57,88,158,158,158,168,168,193,193,193,193],"floor_reached":33,"playtime":1896,"items_purged":["Doubt","Strike_B"],"score":451,"play_id":"73fe3408-af78-43e0-8426-6b50197bd0ba","local_time":"20210105220621","is_ascension_mode":true,"campfire_choices":[{"data":"Sunder","floor":6,"key":"SMITH"},{"data":"Ball Lightning","floor":8,"key":"SMITH"},{"data":"FTL","floor":10,"key":"SMITH"},{"data":"Fission","floor":15,"key":"SMITH"},{"data":"Seek","floor":24,"key":"SMITH"},{"data":"White Noise","floor":27,"key":"SMITH"},{"floor":30,"key":"REST"},{"data":"Go for the Eyes","floor":32,"key":"SMITH"}],"circlet_count":0,"master_deck":["Strike_B","Strike_B","Strike_B","Defend_B","Defend_B","Defend_B","Defend_B","Zap+1","Dualcast+1","FTL+1","Impatience","Sunder+1","Ball Lightning+1","Go for the Eyes+1","Fission+1","Coolheaded","Electrodynamics","CurseOfTheBell","Beam Cell","White Noise+1","Recycle+1","Seek+1","Rebound"],"relics":["Cracked Core","The Courier","CaptainsWheel","Pen Nib","Calling Bell","Juzu Bracelet","StrikeDummy","Peace Pipe","Akabeko","Bag of Marbles","Strange Spoon","Bag of Preparation","Potion Belt","GremlinMask","Symbiotic Virus"],"acts_visited":["Exordium","TheCity"],"potions_floor_usage":[13,16,16,16,25,25,29,29],"damage_taken":[{"damage":0,"enemies":"2 Louse","floor":1,"turns":1},{"damage":2,"enemies":"Jaw Worm","floor":5,"turns":3},{"damage":15,"enemies":"3 Sentries","floor":7,"turns":5},{"damage":0,"enemies":"Small Slimes","floor":11,"turns":1},{"damage":0,"enemies":"Gremlin Nob","floor":13,"turns":3},{"damage":11,"enemies":"Exordium Wildlife","floor":14,"turns":3},{"damage":15,"enemies":"Hexaghost","floor":16,"turns":6},{"damage":9,"enemies":"Shell Parasite","floor":18,"turns":3},{"damage":0,"enemies":"Spheric Guardian","floor":19,"turns":1},{"damage":0,"enemies":"Snecko","floor":21,"turns":4},{"damage":0,"enemies":"Gremlin Leader","floor":23,"turns":3},{"damage":9,"enemies":"Book of Stabbing","floor":25,"turns":2},{"damage":10,"enemies":"Snake Plant","floor":29,"turns":2},{"damage":15,"enemies":"Slavers","floor":31,"turns":4},{"damage":50,"enemies":"Champ","floor":33,"turns":7}],"seed_played":"6876008746854695008","potions_obtained":[{"floor":1,"key":"Strength Potion"},{"floor":5,"key":"EssenceOfDarkness"},{"floor":13,"key":"EssenceOfSteel"},{"floor":18,"key":"AttackPotion"},{"floor":25,"key":"Explosive Potion"},{"floor":31,"key":"Ancient Potion"}],"is_trial":false,"path_per_floor":["M","?","$","?","M","R","E","R","T","R","M","?","E","M","R","B",null,"M","M","?","M","$","E","R","E","T","R","?","M","R","E","R","B"],"character_chosen":"DEFECT","items_purchased":["FTL","Impatience","FearPotion","Swift Potion","Akabeko","Bag of Marbles","Strange Spoon","BlessingOfTheForge"],"campfire_rested":1,"item_purchase_floors":[3,3,3,22,22,22,22,22],"current_hp_per_floor":[75,75,75,75,73,73,58,58,58,58,58,63,63,52,52,37,69,60,60,60,60,60,60,60,51,51,51,51,41,65,50,50,0,0],"gold":193,"neow_bonus":"TWO_FIFTY_GOLD","is_daily":false,"chose_seed":false,"campfire_upgraded":7,"win_rate":0.0,"timestamp":1609902381,"path_taken":["M","?","$","?","M","R","E","R","T","R","M","?","E","M","R","BOSS","M","M","?","M","$","E","R","E","T","R","?","M","R","E","R","BOSS"],"items_purchased_type":["Card","Card","Potion","Potion","Relic","Relic","Relic","Potion"],"build_version":"2020-12-22","purchased_purges":2,"victory":false,"max_hp_per_floor":[75,75,75,75,75,75,75,75,75,75,75,80,80,80,80,80,80,80,80,80,80,80,80,80,80,80,80,80,80,80,80,80,80,80],"relic_stats":{"Peace Pipe":0,"Strange Spoon":[5],"counters":[15,48],"Pen Nib":[8],"Juzu Bracelet":0,"Bag of Preparation":[8],"obtain_stats":[{"Potion Belt":25,"GremlinMask":28,"The Courier":7,"Pen Nib":13,"Juzu Bracelet":17,"Bag of Preparation":23,"Akabeko":22,"Calling Bell":17,"Peace Pipe":17,"Strange Spoon":22,"CaptainsWheel":9,"Bag of Marbles":22,"Cracked Core":0,"StrikeDummy":17,"Symbiotic Virus":31},{"Potion Belt":12,"GremlinMask":12,"The Courier":3,"Pen Nib":5,"Juzu Bracelet":7,"Bag of Preparation":11,"Akabeko":10,"Calling Bell":7,"Peace Pipe":7,"Strange Spoon":10,"CaptainsWheel":3,"Bag of Marbles":10,"Cracked Core":0,"StrikeDummy":7,"Symbiotic Virus":14},{"Potion Belt":35,"GremlinMask":35,"The Courier":9,"Pen Nib":13,"Juzu Bracelet":22,"Bag of Preparation":33,"Akabeko":30,"Calling Bell":22,"Peace Pipe":22,"Strange Spoon":30,"CaptainsWheel":9,"Bag of Marbles":30,"Cracked Core":0,"StrikeDummy":22,"Symbiotic Virus":41}]},"card_choices":[{"not_picked":["Storm","Redo","Blizzard"],"picked":"SKIP","floor":1},{"not_picked":["Hologram","Undo"],"picked":"Sunder","floor":5},{"not_picked":["Barrage","Leap"],"picked":"Ball Lightning","floor":7},{"not_picked":["Blizzard","Storm"],"picked":"Go for the Eyes","floor":11},{"not_picked":["FTL","Darkness"],"picked":"Fission","floor":13},{"not_picked":["Chaos","Streamline"],"picked":"Coolheaded","floor":14},{"not_picked":["Buffer","Echo Form"],"picked":"Electrodynamics","floor":16},{"not_picked":["Doom and Gloom","Compile Driver"],"picked":"Beam Cell","floor":18},{"not_picked":["Chill","Rebound"],"picked":"White Noise","floor":19},{"not_picked":["Steam","Turbo+1"],"picked":"Recycle+1","floor":21},{"not_picked":["Rip and Tear","FTL"],"picked":"Seek","floor":23},{"not_picked":["Go for the Eyes","Rip and Tear"],"picked":"Rebound","floor":25},{"not_picked":["Coolheaded","Turbo+1","Barrage"],"picked":"SKIP","floor":29},{"not_picked":["Lockon","Redo","Heatsinks+1"],"picked":"SKIP","floor":31}],"player_experience":377126,"relics_obtained":[{"floor":7,"key":"The Courier"},{"floor":9,"key":"CaptainsWheel"},{"floor":13,"key":"Pen Nib"},{"floor":17,"key":"Juzu Bracelet"},{"floor":17,"key":"StrikeDummy"},{"floor":17,"key":"Peace Pipe"},{"floor":23,"key":"Bag of Preparation"},{"floor":25,"key":"Potion Belt"},{"floor":31,"key":"Symbiotic Virus"}],"event_choices":[{"damage_healed":0,"gold_gain":0,"player_choice":"Upgraded","damage_taken":0,"max_hp_gain":0,"max_hp_loss":0,"event_name":"Upgrade Shrine","floor":2,"gold_loss":0,"cards_upgraded":["Zap"]},{"damage_healed":0,"gold_gain":0,"player_choice":"Grow","damage_taken":0,"max_hp_gain":0,"max_hp_loss":0,"event_name":"Living Wall","floor":4,"gold_loss":0,"cards_upgraded":["Dualcast"]},{"damage_healed":0,"gold_gain":0,"player_choice":"Donut","damage_taken":0,"max_hp_gain":5,"max_hp_loss":0,"event_name":"Big Fish","floor":12,"gold_loss":0},{"damage_healed":0,"gold_gain":200,"player_choice":"Gold","damage_taken":0,"max_hp_gain":0,"max_hp_loss":0,"event_name":"Wheel of Change","floor":20,"gold_loss":0},{"damage_healed":0,"gold_gain":0,"player_choice":"Trade","damage_taken":0,"relics_obtained":["GremlinMask"],"max_hp_gain":0,"max_hp_loss":0,"event_name":"FaceTrader","floor":28,"gold_loss":0}],"is_beta":false,"boss_relics":[{"not_picked":["Fusion Hammer","Coffee Dripper"],"picked":"Calling Bell"}],"items_purged_floors":[3,22],"is_endless":false,"potions_floor_spawned":[1,5,13,18,25,31],"killed_by":"Champ","ascension_level":5}}