{"host":"mydft8i2zzydgggw","time":1609952661,"event":{"mods":["AchievementEnabler","BaseMod","BetterRewards","Colored Map","Colored Powertips","DeckTracker","Keyboard Shortcuts","Minty Spire (QoL Compilation)","Quick Restart","Rare Cards Sparkle","StSLib","SuperFastMode","The Poker Player","everything is the same but u backflip on backflip"],"gold_per_floor":[113,113,113,288,301,328,328,23,23,36,55,70,70,100,100,205,205,222,242,167,167,177,203,222,222,222,222,222,249,249,249],"floor_reached":30,"playtime":851,"items_purged":["Corruption"],"score":328,"play_id":"966e346d-b8fe-47b0-8fe7-595a3f093c56","local_time":"20210107020421","is_ascension_mode":true,"campfire_choices":[{"floor":7.0,"key":"REST"},{"data":"Metallicize","floor":13.0,"key":"SMITH"},{"data":"Bludgeon","floor":15.0,"key":"SMITH"},{"floor":28,"key":"REST"}],"circlet_count":0,"master_deck":["Strike_R+1","Strike_R+1","Defend_R","Defend_R","Bash","Ghostly Armor","Doubt","Dual Wield","Pommel Strike","Metallicize+1","Bludgeon+1","Hemokinesis","Inflame","Reaper","Bloodletting+1","Demon Form+1","Fiend Fire+1","RitualDagger","Seeing Red"],"relics":["Burning Blood","Mummified Hand","Akabeko","TungstenRod","Red Skull","Astrolabe","Bottled Flame","StoneCalendar","Orichalcum"],"acts_visited":["Exordium","TheCity"],"potions_floor_usage":[23,25,25,25],"damage_taken":[{"damage":13.0,"enemies":"Jaw Worm","floor":1.0,"turns":5.0},{"damage":12.0,"enemies":"Small Slimes","floor":5.0,"turns":4.0},{"damage":38.0,"enemies":"Gremlin Nob","floor":6.0,"turns":5.0},{"damage":0.0,"enemies":"Cultist","floor":10.0,"turns":3.0},{"damage":2.0,"enemies":"Looter","floor":11.0,"turns":2.0},{"damage":5.0,"enemies":"3 Louse","floor":12.0,"turns":3.0},{"damage":21.0,"enemies":"3 Sentries","floor":14.0,"turns":8.0},{"damage":16.0,"enemies":"Hexaghost","floor":16.0,"turns":6.0},{"damage":17.0,"enemies":"Spheric Guardian","floor":18.0,"turns":4.0},{"damage":24,"enemies":"3 Byrds","floor":19,"turns":5},{"damage":44,"enemies":"3 Cultists","floor":22,"turns":5},{"damage":30,"enemies":"Gremlin Leader","floor":23,"turns":6},{"damage":10,"enemies":"Snecko","floor":24,"turns":4},{"damage":54,"enemies":"Slavers","floor":25,"turns":5},{"damage":31,"enemies":"Gremlin Leader","floor":29,"turns":7},{"damage":16,"enemies":"Colosseum Slavers","floor":30,"turns":3},{"damage":87,"enemies":"Colosseum Nobs","floor":30,"turns":6}],"seed_played":"7238813822838179356","potions_obtained":[{"floor":6.0,"key":"SmokeBomb"},{"floor":11.0,"key":"FearPotion"},{"floor":14.0,"key":"Ancient Potion"},{"floor":22,"key":"Explosive Potion"},{"floor":24,"key":"Weak Potion"}],"is_trial":false,"path_per_floor":["M","?","?","?","M","E","R","$","T","M","M","M","R","E","R","B",null,"M","M","?","?","M","E","M","E","T","?","R","E","?"],"character_chosen":"IRONCLAD","items_purchased":["Metallicize","Akabeko"],"campfire_rested":2,"item_purchase_floors":[8,8],"current_hp_per_floor":[73,66,50,50,44,12,36,36,36,42,46,47,47,32,32,22,80,69,62,62,57,37,43,39,15,15,15,39,58,0,0],"gold":249,"neow_bonus":"ONE_RANDOM_RARE_CARD","is_daily":false,"chose_seed":false,"campfire_upgraded":2,"win_rate":0.0,"timestamp":1609952661,"path_taken":["M","?","?","?","M","E","R","?","T","?","M","M","R","E","R","BOSS","M","?","?","?","M","E","M","E","T","?","R","E","?"],"items_purchased_type":["Card","Relic"],"build_version":"2020-12-22","purchased_purges":1,"victory":false,"max_hp_per_floor":[80,80,80,80,80,80,80,80,80,80,80,80,80,80,80,80,80,80,80,80,80,80,80,80,80,80,80,80,80,80,80],"card_choices":[{"not_picked":["Perfected Strike","Sword Boomerang"],"picked":"Ghostly Armor","floor":1.0},{"not_picked":["Iron Wave","Wild Strike"],"picked":"Dual Wield","floor":5.0},{"not_picked":["Uppercut","Entrench"],"picked":"Pommel Strike","floor":6.0},{"not_picked":["Pommel Strike","Sword Boomerang"],"picked":"Bludgeon","floor":10.0},{"not_picked":["Twin Strike","Pummel"],"picked":"Hemokinesis","floor":11.0},{"not_picked":["Havoc","Pommel Strike","Heavy Blade"],"picked":"SKIP","floor":12.0},{"not_picked":["Heavy Blade","Shrug It Off"],"picked":"Inflame","floor":14.0},{"not_picked":["Exhume","Impervious"],"picked":"Reaper","floor":16.0},{"not_picked":["Havoc","Searing Blow","Sentinel"],"picked":"SKIP","floor":18.0},{"not_picked":["Pommel Strike","Body Slam","Combust"],"picked":"SKIP","floor":19},{"not_picked":["Entrench+1","Clash","Flex"],"picked":"SKIP","floor":22},{"not_picked":["Intimidate","Perfected Strike","Shrug It Off"],"picked":"SKIP","floor":23},{"not_picked":["Warcry","Twin Strike"],"picked":"Seeing Red","floor":24},{"not_picked":["Clothesline","Shockwave","True Grit"],"picked":"SKIP","floor":29}],"player_experience":121575,"relics_obtained":[{"floor":6.0,"key":"Mummified Hand"},{"floor":9.0,"key":"TungstenRod"},{"floor":14.0,"key":"Red Skull"},{"floor":23,"key":"Bottled Flame"},{"floor":26,"key":"StoneCalendar"},{"floor":29,"key":"Orichalcum"}],"event_choices":[{"cards_removed":["Defend_R"],"damage_healed":0.0,"max_hp_gain":0.0,"max_hp_loss":0.0,"gold_gain":0.0,"event_name":"Golden Wing","player_choice":"Card Removal","floor":2.0,"gold_loss":0.0,"damage_taken":7.0},{"damage_healed":0.0,"max_hp_gain":0.0,"max_hp_loss":0.0,"gold_gain":0.0,"event_name":"Shining Light","player_choice":"Entered Light","floor":3.0,"gold_loss":0.0,"damage_taken":16.0,"cards_upgraded":["Strike_R","Strike_R"]},{"damage_healed":0.0,"max_hp_gain":0.0,"max_hp_loss":0.0,"gold_gain":175.0,"event_name":"Liars Game","player_choice":"AGREE","floor":4.0,"gold_loss":0.0,"damage_taken":0.0,"cards_obtained":["Doubt"]},{"cards_removed":["Strike_R"],"damage_healed":0,"gold_gain":0,"player_choice":"Gave Gold","damage_taken":0,"max_hp_gain":0,"max_hp_loss":0,"event_name":"Beggar","floor":20,"gold_loss":75},{"damage_healed":0,"gold_gain":0,"player_choice":"Joined the Cult","damage_taken":6,"max_hp_gain":0,"max_hp_loss":0,"event_name":"Nest","floor":21,"gold_loss":0,"cards_obtained":["RitualDagger"]},{"damage_healed":0,"gold_gain":0,"player_choice":"Ignored","damage_taken":0,"max_hp_gain":0,"max_hp_loss":0,"event_name":"Vampires","floor":27,"gold_loss":0},{"damage_healed":0,"gold_gain":0,"player_choice":"Fight","damage_taken":0,"max_hp_gain":0,"max_hp_loss":0,"event_name":"Colosseum","floor":30,"gold_loss":0},{"damage_healed":0,"gold_gain":0,"player_choice":"Fought Nobs","damage_taken":0,"max_hp_gain":0,"max_hp_loss":0,"event_name":"Colosseum","floor":30,"gold_loss":0}],"is_beta":false,"boss_relics":[{"not_picked":["Runic Dome","Coffee Dripper"],"picked":"Astrolabe"}],"items_purged_floors":[8],"is_endless":false,"potions_floor_spawned":[6,11,14,22,24,25],"killed_by":"Colosseum Nobs","ascension_level":2}}