{"host":"dth8fvkfiulu86fi","time":1609934227,"event":{"mods":["2.2 Compatiblity","AchievementEnabler","BaseMod","Better Third Choice","Colored Map","Colored Powertips","Minty Spire (QoL Compilation)","Rare Cards Sparkle","StSLib","SuperFastMode","Synergy Search"],"gold_per_floor":[114,129,144,144,159,159,174,189,264,264,264,264,25,55,55,155,155,170,185,185,200,200,200,215,230,255,255,105,120,150,165,165,265,265,280,0,15,30,45,45,6,42,92,107,107,122,122,152,152,152],"floor_reached":51,"playtime":1539,"items_purged":[],"score":853,"play_id":"b52ed40e-a96f-4a2f-85d9-0df0439728ea","local_time":"20210106125707","daily_mods":["Cursed Run","Uncertain Future","Binary"],"is_ascension_mode":false,"campfire_choices":[{"data":"Eruption","floor":6.0,"key":"SMITH"},{"data":"Vigilance","floor":11.0,"key":"SMITH"},{"floor":15.0,"key":"REST"},{"data":"Trip","floor":23.0,"key":"SMITH"},{"data":"FlurryOfBlows","floor":32.0,"key":"SMITH"},{"floor":45,"key":"REST"},{"data":"Defend_P","floor":47,"key":"SMITH"},{"data":"Defend_P","floor":49,"key":"SMITH"}],"circlet_count":0,"master_deck":["Strike_P+1","Strike_P+1","Defend_P","Defend_P+1","Defend_P+1","Defend_P+1","Eruption+1","EmptyFist+1","Consecrate+1","Clumsy","Trip+1","Clumsy","ForeignInfluence+1","LessonLearned+1","Clumsy","Writhe","FlurryOfBlows+1","Consecrate+1","Injury","Normality","FlurryOfBlows+1","Consecrate+1","Regret","Pain"],"relics":["Cursed Key","Darkstone Periapt","Du-Vu Doll","Matryoshka","Vajra","PreservedInsect","Astrolabe","Oddly Smooth Stone","Eternal Feather","Happy Flower","Bottled Lightning","Pen Nib","Membership Card","Regal Pillow","Busted Crown","Red Mask","Unceasing Top","Whetstone","Strawberry"],"acts_visited":["Exordium","TheCity","TheBeyond"],"potions_floor_usage":[33,33,38,39,50,50],"damage_taken":[{"damage":0.0,"enemies":"Small Slimes","floor":1.0,"turns":2.0},{"damage":0.0,"enemies":"2 Louse","floor":2.0,"turns":2.0},{"damage":1.0,"enemies":"Cultist","floor":3.0,"turns":3.0},{"damage":1.0,"enemies":"2 Fungi Beasts","floor":5.0,"turns":3.0},{"damage":4.0,"enemies":"Blue Slaver","floor":7.0,"turns":3.0},{"damage":2.0,"enemies":"Exordium Wildlife","floor":8.0,"turns":2.0},{"damage":26.0,"enemies":"Lagavulin","floor":14.0,"turns":3.0},{"damage":38.0,"enemies":"The Guardian","floor":16.0,"turns":9.0},{"damage":0.0,"enemies":"Spheric Guardian","floor":18.0,"turns":3.0},{"damage":0.0,"enemies":"3 Byrds","floor":19.0,"turns":2.0},{"damage":4.0,"enemies":"Snecko","floor":21.0,"turns":3.0},{"damage":8.0,"enemies":"Sentry and Sphere","floor":24.0,"turns":3.0},{"damage":0.0,"enemies":"3 Cultists","floor":25.0,"turns":2.0},{"damage":12.0,"enemies":"Centurion and Healer","floor":29.0,"turns":3.0},{"damage":21.0,"enemies":"Gremlin Leader","floor":30.0,"turns":3.0},{"damage":0.0,"enemies":"Snake Plant","floor":31.0,"turns":2.0},{"damage":61,"enemies":"Automaton","floor":33,"turns":7},{"damage":15,"enemies":"Orb Walker","floor":35,"turns":2},{"damage":0,"enemies":"3 Shapes","floor":37,"turns":2},{"damage":0,"enemies":"3 Darklings","floor":38,"turns":2},{"damage":4,"enemies":"Sphere and 2 Shapes","floor":39,"turns":3},{"damage":25,"enemies":"2 Orb Walkers","floor":42,"turns":3},{"damage":25,"enemies":"Transient","floor":44,"turns":5},{"damage":0,"enemies":"Jaw Worm Horde","floor":46,"turns":2},{"damage":12,"enemies":"Reptomancer","floor":48,"turns":2},{"damage":100,"enemies":"Awakened One","floor":50,"turns":9}],"seed_played":"-5218424555718163201","potions_obtained":[{"floor":2.0,"key":"Regen Potion"},{"floor":3.0,"key":"Ancient Potion"},{"floor":7.0,"key":"Fire Potion"},{"floor":14.0,"key":"StancePotion"},{"floor":16.0,"key":"SpeedPotion"},{"floor":19.0,"key":"StancePotion"},{"floor":24.0,"key":"Ancient Potion"},{"floor":31.0,"key":"Block Potion"},{"floor":38,"key":"ColorlessPotion"},{"floor":42,"key":"AttackPotion"},{"floor":44,"key":"StancePotion"},{"floor":48,"key":"Energy Potion"}],"is_trial":false,"path_per_floor":["M","M","M","?","M","R","M","M","T","?","R","?","$","E","R","B",null,"M","M","T","M","?","R","M","M","T","?","$","M","E","M","R","B",null,"M","?","M","M","M","?","$","?","T","M","R","M","R","E","R","B",null],"character_chosen":"WATCHER","items_purchased":["Vajra","Trip","Membership Card","FlurryOfBlows","Consecrate"],"campfire_rested":2,"item_purchase_floors":[13,13,28,41,41],"current_hp_per_floor":[72,72,71,76,75,75,71,69,75,75,75,75,75,49,73,41,95,95,95,101,97,103,107,99,99,105,105,105,93,72,72,81,26,119,104,104,104,104,100,90,90,65,71,46,110,110,122,117,129,35],"gold":152,"neow_bonus":"","is_daily":true,"chose_seed":false,"campfire_upgraded":6,"win_rate":0.0,"timestamp":1609934227,"path_taken":["M","M","M","?","M","R","M","M","T","?","R","?","$","E","R","BOSS","M","M","?","M","?","R","M","M","T","?","$","M","E","M","R","BOSS","M","?","M","M","M","?","$","?","T","M","R","M","R","E","R","BOSS"],"items_purchased_type":["Relic","Card","Relic","Card","Card"],"build_version":"2020-12-22","purchased_purges":0,"victory":true,"max_hp_per_floor":[72,72,72,77,77,77,77,77,83,83,83,83,83,83,83,89,95,95,95,101,101,107,107,107,107,113,113,113,113,113,113,113,119,119,119,119,119,119,119,119,119,119,125,125,125,125,125,132,132,138],"card_choices":[{"not_picked":["CutThroughFate"],"picked":"EmptyFist","floor":1.0},{"not_picked":["PathToVictory","Sanctity"],"picked":"SKIP","floor":2.0},{"not_picked":["ThirdEye"],"picked":"Consecrate","floor":3.0},{"not_picked":["PathToVictory","Indignation"],"picked":"SKIP","floor":5.0},{"not_picked":["Protect","Indignation"],"picked":"SKIP","floor":7.0},{"not_picked":["Brilliance","WheelKick"],"picked":"SKIP","floor":8.0},{"not_picked":["FollowUp","Halt"],"picked":"SKIP","floor":14.0},{"not_picked":["Perseverance","FlyingSleeves"],"picked":"SKIP","floor":18.0},{"not_picked":["WreathOfFlame","EmptyBody"],"picked":"SKIP","floor":19.0},{"not_picked":["Sanctity+1","CrushJoints"],"picked":"SKIP","floor":21.0},{"not_picked":["ClearTheMind"],"picked":"FlurryOfBlows","floor":24.0},{"not_picked":["BowlingBash+1"],"picked":"Consecrate+1","floor":25.0},{"not_picked":["Brilliance","SignatureMove"],"picked":"SKIP","floor":29.0},{"not_picked":["CutThroughFate","Vengeance"],"picked":"SKIP","floor":30.0},{"not_picked":["ForeignInfluence","MentalFortress"],"picked":"SKIP","floor":31.0}],"player_experience":1129508,"relics_obtained":[{"floor":9.0,"key":"Matryoshka"},{"floor":14.0,"key":"PreservedInsect"},{"floor":20.0,"key":"Oddly Smooth Stone"},{"floor":20.0,"key":"Eternal Feather"},{"floor":26.0,"key":"Bottled Lightning"},{"floor":26.0,"key":"Pen Nib"},{"floor":30.0,"key":"Regal Pillow"},{"floor":42,"key":"Unceasing Top"},{"floor":43,"key":"Whetstone"},{"floor":48,"key":"Strawberry"}],"event_choices":[{"damage_healed":0.0,"max_hp_gain":5.0,"max_hp_loss":0.0,"gold_gain":0.0,"event_name":"Big Fish","player_choice":"Donut","floor":4.0,"gold_loss":0.0,"damage_taken":0.0},{"damage_healed":0.0,"max_hp_gain":0.0,"max_hp_loss":0.0,"gold_gain":0.0,"event_name":"Living Wall","player_choice":"Grow","floor":10.0,"gold_loss":0.0,"damage_taken":0.0,"cards_upgraded":["Consecrate"]},{"cards_removed":["Vigilance"],"damage_healed":0.0,"max_hp_gain":0.0,"max_hp_loss":0.0,"gold_gain":0.0,"event_name":"Bonfire Elementals","player_choice":"Offered Basic","floor":12.0,"gold_loss":0.0,"damage_taken":0.0},{"damage_healed":0.0,"max_hp_gain":0.0,"max_hp_loss":0.0,"gold_gain":0.0,"event_name":"The Mausoleum","player_choice":"Opened","floor":22.0,"gold_loss":0.0,"damage_taken":0.0,"relics_obtained":["Happy Flower"],"cards_obtained":["Writhe"]},{"damage_healed":0.0,"max_hp_gain":0.0,"max_hp_loss":0.0,"gold_gain":0.0,"event_name":"Vampires","player_choice":"Ignored","floor":27.0,"gold_loss":0.0,"damage_taken":0.0},{"damage_healed":0,"gold_gain":0,"player_choice":"Paid","damage_taken":0,"relics_obtained":["Red Mask"],"max_hp_gain":0,"max_hp_loss":0,"event_name":"Tomb of Lord Red Mask","floor":36,"gold_loss":280},{"damage_healed":0,"gold_gain":0,"player_choice":"Memory 3","damage_taken":10,"max_hp_gain":0,"max_hp_loss":0,"event_name":"SensoryStone","floor":40,"gold_loss":0},{"damage_healed":0,"gold_gain":0,"player_choice":"Fight","damage_taken":0,"max_hp_gain":0,"max_hp_loss":0,"event_name":"Mysterious Sphere","floor":42,"gold_loss":0}],"is_beta":false,"boss_relics":[{"not_picked":["Philosopher\u0027s Stone","Fusion Hammer"],"picked":"Astrolabe"},{"not_picked":["Snecko Eye","Sozu"],"picked":"Busted Crown"}],"items_purged_floors":[],"is_endless":false,"potions_floor_spawned":[2,3,7,14,16,19,24,29,31,38,42,44,48],"ascension_level":0}}