{"host":"3oaf849qhr50duht","time":1609965922,"event":{"mods":["BaseMod","Minty Spire (QoL Compilation)","StSLib","The Invoker Mod"],"gold_per_floor":[119,136,136,154,27,60,74,74,74,89,108,108,128,157,157,258,258,270,270,170,188,113,113,127,127,152,166,166,177,208,208,208,311,311,321,53,63,63,63,89,89,311,311,141,173,173,187,201,201,201],"floor_reached":51,"playtime":5676,"items_purged":["theInvoker:CommonDefense","theInvoker:InvokeElement","Decay"],"score":792,"play_id":"483730f2-e0ab-4f16-bf1a-322f31e83cba","local_time":"20210106154522","is_ascension_mode":false,"campfire_choices":[{"data":"theInvoker:Invoke","floor":8,"key":"SMITH"},{"floor":15,"key":"REST"},{"data":"theInvoker:Wex","floor":23,"key":"SMITH"},{"data":"theInvoker:Wex","floor":25,"key":"SMITH"},{"data":"theInvoker:Exort","floor":32,"key":"SMITH"},{"data":"theInvoker:Exort","floor":41,"key":"SMITH"},{"data":"theInvoker:Quas","floor":46,"key":"SMITH"},{"data":"theInvoker:Quas","floor":49,"key":"SMITH"}],"circlet_count":0,"master_deck":["theInvoker:Quas+1","theInvoker:Quas+1","theInvoker:Exort+1","theInvoker:Invoke+1","theInvoker:Invoke+1","theInvoker:CommonAttack","theInvoker:CommonAttack","theInvoker:CommonDefense","theInvoker:CommonDefense","theInvoker:Wex+1","theInvoker:Wex+1","theInvoker:Wex+1","theInvoker:InvokeElement+1","theInvoker:Exort+1","theInvoker:DefaultRarePower+1","theInvoker:Exort+1","theInvoker:Exort+1","theInvoker:Quas+1","PanicButton","Panache+1"],"relics":["theInvoker:PlaceholderRelic2","Frozen Egg 2","Pear","Bottled Tornado","Coffee Dripper","Enchiridion","Ancient Tea Set","Red Mask","Sozu","Toolbox","theInvoker:DefaultClickableRelic","Sundial","Dream Catcher"],"acts_visited":["Exordium","TheCity","TheBeyond"],"potions_floor_usage":[29,33,50],"damage_taken":[{"damage":5,"enemies":"2 Louse","floor":1,"turns":3},{"damage":0,"enemies":"Cultist","floor":2,"turns":4},{"damage":0,"enemies":"Small Slimes","floor":4,"turns":3},{"damage":35,"enemies":"Gremlin Nob","floor":6,"turns":4},{"damage":10,"enemies":"Looter","floor":7,"turns":4},{"damage":1,"enemies":"Exordium Thugs","floor":10,"turns":3},{"damage":0,"enemies":"Large Slime","floor":11,"turns":4},{"damage":10,"enemies":"Looter","floor":13,"turns":3},{"damage":14,"enemies":"3 Sentries","floor":14,"turns":3},{"damage":27,"enemies":"Slime Boss","floor":16,"turns":7},{"damage":20,"enemies":"3 Byrds","floor":18,"turns":3},{"damage":1,"enemies":"Spheric Guardian","floor":21,"turns":3},{"damage":1,"enemies":"Chosen and Byrds","floor":24,"turns":5},{"damage":15,"enemies":"Sentry and Sphere","floor":27,"turns":4},{"damage":0,"enemies":"Shelled Parasite and Fungi","floor":29,"turns":3},{"damage":11,"enemies":"Masked Bandits","floor":30,"turns":4},{"damage":12,"enemies":"Automaton","floor":33,"turns":6},{"damage":4,"enemies":"3 Shapes","floor":35,"turns":2},{"damage":0,"enemies":"3 Darklings","floor":37,"turns":3},{"damage":30,"enemies":"Giant Head","floor":40,"turns":7},{"damage":0,"enemies":"Reptomancer","floor":45,"turns":2},{"damage":0,"enemies":"Maw","floor":47,"turns":4},{"damage":5,"enemies":"Spire Growth","floor":48,"turns":3},{"damage":49,"enemies":"Awakened One","floor":50,"turns":9}],"seed_played":"2416581519754141540","potions_obtained":[{"floor":1,"key":"BlessingOfTheForge"},{"floor":10,"key":"BlessingOfTheForge"},{"floor":11,"key":"PowerPotion"},{"floor":29,"key":"Block Potion"},{"floor":33,"key":"Swift Potion"}],"is_trial":false,"path_per_floor":["M","M","?","M","$","E","M","R","T","M","M","?","M","E","R","B",null,"M","?","$","M","?","R","M","R","T","M","?","M","?","?","R","B",null,"M","$","M","?","?","E","R","?","T","$","E","R","M","M","R","B",null],"character_chosen":"THE_DEFAULT","items_purchased":["theInvoker:InvokeElement","Toolbox","Panache+1"],"campfire_rested":1,"item_purchase_floors":[5,36,44],"current_hp_per_floor":[77,82,82,82,82,47,41,41,51,51,53,53,45,33,60,37,92,72,56,56,55,55,55,55,55,55,42,42,44,35,35,35,28,92,88,88,91,91,91,65,65,65,65,65,66,66,68,64,64,22],"gold":201,"neow_bonus":"TEN_PERCENT_HP_BONUS","is_daily":false,"chose_seed":false,"campfire_upgraded":7,"win_rate":0.0,"timestamp":1609965922,"path_taken":["M","M","?","M","$","E","M","R","T","M","?","?","M","E","R","BOSS","M","?","$","M","?","R","M","R","T","M","?","?","?","?","R","BOSS","M","$","M","?","?","E","R","?","T","?","E","R","M","M","R","BOSS"],"items_purchased_type":["Card","Relic","Card"],"build_version":"2020-12-22","purchased_purges":3,"victory":true,"max_hp_per_floor":[82,82,82,82,82,82,82,82,92,92,92,92,92,92,92,92,92,92,92,92,92,92,92,92,92,92,92,92,92,92,92,92,92,92,92,92,92,92,92,92,92,92,92,92,92,92,92,92,92,92],"card_choices":[{"not_picked":["theInvoker:DefaultUncommonAttack","theInvoker:Exort","theInvoker:DefaultCommonPower"],"picked":"SKIP","floor":1},{"not_picked":["theInvoker:Quas","theInvoker:DefaultUncommonPower","theInvoker:DefaultAttackWithVariable"],"picked":"SKIP","floor":2},{"not_picked":["theInvoker:Quas","theInvoker:DefaultRareSkill","theInvoker:Exort"],"picked":"SKIP","floor":4},{"not_picked":["theInvoker:DefaultCommonPower+1","theInvoker:Exort"],"picked":"theInvoker:Wex","floor":6},{"not_picked":["theInvoker:DefaultUncommonAttack","theInvoker:DefaultUncommonPower+1"],"picked":"theInvoker:Wex","floor":7},{"not_picked":["theInvoker:DefaultUncommonAttack","theInvoker:DefaultAttackWithVariable"],"picked":"theInvoker:Wex","floor":10},{"not_picked":["theInvoker:Quas","theInvoker:Wex"],"picked":"theInvoker:InvokeElement+1","floor":11},{"not_picked":["theInvoker:InvokeElement+1","theInvoker:DefaultUncommonAttack","theInvoker:DefaultAttackWithVariable"],"picked":"SKIP","floor":13},{"not_picked":["theInvoker:Quas","theInvoker:DefaultRarePower+1"],"picked":"theInvoker:Exort","floor":14},{"not_picked":["theInvoker:DefaultRareSkill","theInvoker:DefaultRareAttack"],"picked":"theInvoker:DefaultRarePower+1","floor":16},{"not_picked":["theInvoker:DefaultUncommonPower+1","theInvoker:InvokeElement+1","theInvoker:Exort"],"picked":"SKIP","floor":18},{"not_picked":["theInvoker:InvokeElement+1","theInvoker:DefaultAttackWithVariable"],"picked":"theInvoker:Exort+1","floor":21},{"not_picked":["theInvoker:DefaultUncommonAttack+1","theInvoker:Wex"],"picked":"theInvoker:Exort+1","floor":24},{"not_picked":["theInvoker:DefaultAttackWithVariable","theInvoker:DefaultUncommonAttack"],"picked":"theInvoker:Quas+1","floor":27},{"not_picked":["theInvoker:DefaultCommonPower+1","theInvoker:DefaultUncommonAttack","theInvoker:DefaultAttackWithVariable"],"picked":"SKIP","floor":29},{"not_picked":["theInvoker:InvokeElement+1","theInvoker:Wex+1","theInvoker:DefaultUncommonPower+1"],"picked":"SKIP","floor":35},{"not_picked":["theInvoker:Wex","theInvoker:DefaultCommonPower+1","theInvoker:InvokeElement+1"],"picked":"SKIP","floor":37},{"not_picked":["Purity","Mayhem+1"],"picked":"PanicButton","floor":38},{"not_picked":["theInvoker:Quas","theInvoker:DefaultUncommonAttack","theInvoker:DefaultUncommonPower+1"],"picked":"SKIP","floor":40},{"not_picked":["theInvoker:DefaultRareAttack","theInvoker:DefaultUncommonAttack","theInvoker:Wex"],"picked":"SKIP","floor":45},{"not_picked":["theInvoker:DefaultUncommonAttack+1","theInvoker:DefaultUncommonPower+1","theInvoker:Wex"],"picked":"SKIP","floor":47},{"not_picked":["theInvoker:DefaultUncommonPower+1","theInvoker:Exort","theInvoker:DefaultUncommonAttack"],"picked":"SKIP","floor":48}],"player_experience":3894,"relics_obtained":[{"floor":6,"key":"Frozen Egg 2"},{"floor":9,"key":"Pear"},{"floor":14,"key":"Bottled Tornado"},{"floor":19,"key":"Enchiridion"},{"floor":26,"key":"Ancient Tea Set"},{"floor":30,"key":"Red Mask"},{"floor":40,"key":"theInvoker:DefaultClickableRelic"},{"floor":43,"key":"Sundial"},{"floor":45,"key":"Dream Catcher"}],"event_choices":[{"damage_healed":0,"gold_gain":0,"player_choice":"Forge","damage_taken":0,"max_hp_gain":0,"max_hp_loss":0,"event_name":"Accursed Blacksmith","floor":3,"gold_loss":0,"cards_upgraded":["theInvoker:Invoke"]},{"damage_healed":0,"gold_gain":0,"player_choice":"Ignored","damage_taken":0,"max_hp_gain":0,"max_hp_loss":0,"event_name":"Golden Wing","floor":12,"gold_loss":0},{"damage_healed":0,"gold_gain":0,"player_choice":"Obtained Book","damage_taken":16,"max_hp_gain":0,"max_hp_loss":0,"event_name":"Cursed Tome","floor":19,"gold_loss":0},{"cards_removed":["theInvoker:Exort"],"damage_healed":0,"gold_gain":0,"player_choice":"Gave Gold","damage_taken":0,"max_hp_gain":0,"max_hp_loss":0,"event_name":"Beggar","floor":22,"gold_loss":75},{"damage_healed":0,"gold_gain":0,"player_choice":"Upgraded","damage_taken":0,"max_hp_gain":0,"max_hp_loss":0,"event_name":"Upgrade Shrine","floor":28,"gold_loss":0,"cards_upgraded":["theInvoker:Wex"]},{"damage_healed":0,"gold_gain":0,"player_choice":"Fought Bandits","damage_taken":0,"max_hp_gain":0,"max_hp_loss":0,"event_name":"Masked Bandits","floor":30,"gold_loss":0},{"damage_healed":0,"gold_gain":0,"player_choice":"Smashed Altar","damage_taken":0,"max_hp_gain":0,"max_hp_loss":0,"event_name":"Forgotten Altar","floor":31,"gold_loss":0,"cards_obtained":["Decay"]},{"damage_healed":0,"gold_gain":0,"player_choice":"Memory 1","damage_taken":0,"max_hp_gain":0,"max_hp_loss":0,"event_name":"SensoryStone","floor":38,"gold_loss":0},{"cards_removed":["theInvoker:CommonAttack"],"damage_healed":0,"gold_gain":0,"player_choice":"Removed Attack","damage_taken":0,"max_hp_gain":0,"max_hp_loss":0,"event_name":"Falling","floor":39,"gold_loss":0},{"damage_healed":0,"gold_gain":222,"player_choice":"Wore Mask","damage_taken":0,"max_hp_gain":0,"max_hp_loss":0,"event_name":"Tomb of Lord Red Mask","floor":42,"gold_loss":0}],"is_beta":false,"boss_relics":[{"not_picked":["Calling Bell","Cursed Key"],"picked":"Coffee Dripper"},{"not_picked":["Philosopher\u0027s Stone","SlaversCollar"],"picked":"Sozu"}],"items_purged_floors":[5,20,36],"is_endless":false,"potions_floor_spawned":[1,10,11,14,16,24,27,29,33,35,40,45,48],"ascension_level":0}}