{"host":"Brown Brick","time":1609969531,"event":{"mods":["BaseMod","Melee Mod","Minty Spire (QoL Compilation)","Rare Cards Sparkle","Relic Stats","Robot Space Explorer","StSLib","The Marked","Unceasing Turn Reminder","everything is the same but u backflip on backflip"],"gold_per_floor":[113,113,133,58,78,78,253,263,263,263,279,279,311,330,330,330,330],"floor_reached":16,"playtime":1135,"items_purged":["Doubt"],"score":102,"play_id":"89a5788b-e0e3-4ea0-a516-ad1ae8b73768","local_time":"20210106224531","is_ascension_mode":false,"campfire_choices":[{"data":"Neutralize","floor":6,"key":"SMITH"},{"data":"Infinite Blades","floor":12,"key":"SMITH"},{"floor":15,"key":"REST"}],"circlet_count":0,"master_deck":["Strike_G","Strike_G","Strike_G","Strike_G","Strike_G","Defend_G","Defend_G","Defend_G","Defend_G","Defend_G","Survivor","Neutralize+1","Deflect","Doubt","Infinite Blades+1","Leg Sweep"],"relics":["Ring of the Snake","Tough Bandages","Nunchaku","White Beast Statue"],"acts_visited":["Exordium"],"potions_floor_usage":[13,13,16],"damage_taken":[{"damage":1,"enemies":"Cultist","floor":1,"turns":5},{"damage":2,"enemies":"Small Slimes","floor":3,"turns":6},{"damage":2,"enemies":"2 Louse","floor":5,"turns":3},{"damage":2,"enemies":"Blue Slaver","floor":8,"turns":7},{"damage":7,"enemies":"Lots of Slimes","floor":11,"turns":6},{"damage":51,"enemies":"Gremlin Nob","floor":13,"turns":8},{"damage":4,"enemies":"Exordium Wildlife","floor":14,"turns":10},{"damage":25,"enemies":"Slime Boss","floor":16,"turns":9}],"seed_played":"2064562072547095890","potions_obtained":[{"floor":1,"key":"ColorlessPotion"},{"floor":5,"key":"SpeedPotion"},{"floor":11,"key":"GhostInAJar"},{"floor":14,"key":"SmokeBomb"}],"is_trial":false,"path_per_floor":["M","?","M","$","M","R","?","M","T","?","M","R","E","M","R","B"],"character_chosen":"THE_SILENT","items_purchased":[],"campfire_rested":1,"item_purchase_floors":[],"current_hp_per_floor":[69,69,67,67,65,65,65,63,63,63,56,56,5,1,22,0,0],"gold":330,"neow_bonus":"ONE_RARE_RELIC","is_daily":false,"chose_seed":false,"campfire_upgraded":2,"win_rate":0.0,"timestamp":1609969531,"path_taken":["M","?","M","$","M","R","?","M","T","?","?","R","E","M","R","BOSS"],"items_purchased_type":[],"build_version":"2020-12-18","purchased_purges":1,"victory":false,"max_hp_per_floor":[70,70,70,70,70,70,70,70,70,70,70,70,70,70,70,70,70],"relic_stats":{"Tough Bandages":[36],"Nunchaku":[8],"counters":[8,54],"obtain_stats":[{"Tough Bandages":0,"Nunchaku":9,"White Beast Statue":13,"Ring of the Snake":0},{"Tough Bandages":0,"Nunchaku":4,"White Beast Statue":6,"Ring of the Snake":0},{"Tough Bandages":0,"Nunchaku":21,"White Beast Statue":35,"Ring of the Snake":0}],"Ring of the Snake":[16]},"card_choices":[{"not_picked":["Dagger Throw","Flying Knee"],"picked":"Deflect","floor":1},{"not_picked":["Acrobatics","Poisoned Stab","Bouncing Flask"],"picked":"SKIP","floor":3},{"not_picked":["Concentrate","Riddle With Holes","Outmaneuver"],"picked":"SKIP","floor":5},{"not_picked":["Slice","Expertise"],"picked":"Infinite Blades","floor":8},{"not_picked":["Distraction","Dagger Spray"],"picked":"Leg Sweep","floor":11},{"not_picked":["Acrobatics","Flying Knee","Outmaneuver"],"picked":"SKIP","floor":13},{"not_picked":["Dagger Spray","Setup","Quick Slash"],"picked":"SKIP","floor":14}],"player_experience":670008,"relics_obtained":[{"floor":9,"key":"Nunchaku"},{"floor":13,"key":"White Beast Statue"}],"event_choices":[{"damage_healed":0,"gold_gain":0,"player_choice":"Ignored","damage_taken":0,"max_hp_gain":0,"max_hp_loss":0,"event_name":"Golden Wing","floor":2,"gold_loss":0},{"damage_healed":0,"gold_gain":175,"player_choice":"AGREE","damage_taken":0,"max_hp_gain":0,"max_hp_loss":0,"event_name":"Liars Game","floor":7,"gold_loss":0,"cards_obtained":["Doubt"]},{"damage_healed":0,"gold_gain":0,"player_choice":"Bought 0 Potions","damage_taken":0,"max_hp_gain":0,"max_hp_loss":0,"event_name":"The Woman in Blue","floor":10,"gold_loss":0}],"is_beta":true,"boss_relics":[],"items_purged_floors":[4],"is_endless":false,"potions_floor_spawned":[1,5,11,14],"killed_by":"Slime Boss","ascension_level":0}}