{"host":"vbgsu3zpv6j9f5su","time":1609895429,"event":{"mods":["BaseMod","Block Reminder","Colored Powertips","DeckTracker","Minty Spire (QoL Compilation)","Quick Restart","StSLib"],"gold_per_floor":[116,126,51,67,83,83,35,67,117,117,117,117,138,165,165,270,270,288,288,12,12,12,12,12,12],"floor_reached":24,"playtime":862,"items_purged":["Strike_B","Strike_B"],"score":318,"play_id":"e1856a16-0ef4-449b-89db-6981d20d5f2a","local_time":"20210106021029","is_ascension_mode":true,"campfire_choices":[{"data":"Loop","floor":6,"key":"SMITH"},{"floor":12,"key":"REST"},{"floor":15,"key":"REST"},{"floor":23,"key":"REST"}],"circlet_count":0,"master_deck":["Defend_B","Defend_B","Defend_B","Defend_B","Zap","Dualcast","Amplify","Rebound","Sunder","Loop+1","Darkness","Hologram","Hologram+1","Coolheaded+1","Core Surge","Mayhem"],"relics":["Cracked Core","Toxic Egg 2","CeramicFish"],"acts_visited":["Exordium","TheCity"],"potions_floor_usage":[8,18],"damage_taken":[{"damage":6.0,"enemies":"Cultist","floor":1.0,"turns":3.0},{"damage":7.0,"enemies":"Jaw Worm","floor":2.0,"turns":2.0},{"damage":0.0,"enemies":"2 Louse","floor":4.0,"turns":2.0},{"damage":7.0,"enemies":"Exordium Thugs","floor":5.0,"turns":4.0},{"damage":25,"enemies":"3 Sentries","floor":8,"turns":5},{"damage":6,"enemies":"Blue Slaver","floor":13,"turns":4},{"damage":4,"enemies":"Red Slaver","floor":14,"turns":5},{"damage":22,"enemies":"Hexaghost","floor":16,"turns":7},{"damage":24,"enemies":"Spheric Guardian","floor":18,"turns":12},{"damage":53,"enemies":"Book of Stabbing","floor":24,"turns":5}],"seed_played":"-6776010978093798733","potions_obtained":[{"floor":4.0,"key":"SteroidPotion"},{"floor":5.0,"key":"Fire Potion"},{"floor":13,"key":"SpeedPotion"}],"is_trial":false,"path_per_floor":["M","M","$","M","M","R","$","E","T","?","?","R","M","M","R","B",null,"M","?","$","?","$","R","E"],"character_chosen":"DEFECT","items_purchased":["Hologram","Mayhem"],"campfire_rested":3,"item_purchase_floors":[7,20],"current_hp_per_floor":[62,55,55,55,48,48,48,23,23,23,23,45,39,35,57,35,65,41,41,41,41,41,63,10,10],"gold":12,"neow_bonus":"ONE_RANDOM_RARE_CARD","is_daily":false,"chose_seed":false,"campfire_upgraded":1,"win_rate":0.0,"timestamp":1609895429,"path_taken":["M","M","$","M","M","R","?","E","T","?","?","R","?","M","R","BOSS","M","?","$","?","$","R","E"],"items_purchased_type":["Card","Card"],"build_version":"2020-12-22","purchased_purges":2,"victory":false,"max_hp_per_floor":[75,75,75,75,75,75,75,75,75,75,75,75,75,75,75,75,75,75,75,75,75,75,75,75,75],"card_choices":[{"not_picked":["Gash","Stack"],"picked":"Rebound","floor":1.0},{"not_picked":["Glacier","Streamline"],"picked":"Sunder","floor":2.0},{"not_picked":["Turbo","Auto Shields"],"picked":"Loop","floor":4.0},{"not_picked":["Coolheaded","Go for the Eyes"],"picked":"Darkness","floor":5.0},{"not_picked":["Melter","Go for the Eyes","Stack+1"],"picked":"SKIP","floor":8},{"not_picked":["Barrage","Stack+1"],"picked":"Hologram+1","floor":13},{"not_picked":["Hyperbeam","Go for the Eyes"],"picked":"Coolheaded+1","floor":14},{"not_picked":["All For One","Multi-Cast+1"],"picked":"Core Surge","floor":16},{"not_picked":["Compile Driver","Cold Snap","Barrage+1"],"picked":"SKIP","floor":18}],"player_experience":782000,"relics_obtained":[{"floor":8,"key":"Toxic Egg 2"},{"floor":9,"key":"CeramicFish"}],"event_choices":[{"damage_healed":0,"gold_gain":0,"player_choice":"Ignored","damage_taken":0,"max_hp_gain":0,"max_hp_loss":0,"event_name":"Liars Game","floor":10,"gold_loss":0},{"cards_removed":["Strike_B"],"damage_healed":0,"gold_gain":0,"player_choice":"Offered Basic","damage_taken":0,"max_hp_gain":0,"max_hp_loss":0,"event_name":"Bonfire Elementals","floor":11,"gold_loss":0},{"damage_healed":0,"gold_gain":0,"player_choice":"Ignored","damage_taken":0,"max_hp_gain":0,"max_hp_loss":0,"event_name":"Ghosts","floor":19,"gold_loss":0},{"cards_removed":["Strike_B"],"damage_healed":0,"gold_gain":0,"player_choice":"Purged","damage_taken":0,"max_hp_gain":0,"max_hp_loss":0,"event_name":"Purifier","floor":21,"gold_loss":0}],"is_beta":false,"boss_relics":[{"not_picked":["Inserter","Runic Pyramid","Runic Dome"]}],"items_purged_floors":[3,20],"is_endless":false,"potions_floor_spawned":[4,5,13],"killed_by":"Book of Stabbing","ascension_level":9}}