{"host":"Bilverbakes","time":1609899641,"event":{"mods":["2.2 Compatiblity","AchievementEnabler","BaseMod","Bestiary","Colored Map","Minty Spire (QoL Compilation)","Relic Stats","StSLib","ojb\u0027s Info Mod"],"gold_per_floor":[116,116,128,145,161,189,45,62,62,62,93,107,132,151,151,222,222,238,218,232,249,264,264,290,301,301,301,301,331,331,331,331],"floor_reached":31,"playtime":2252,"items_purged":["Strike_P"],"score":554,"play_id":"28b71a2e-ae77-4c43-90fb-2e26fb61a45d","local_time":"20210105202041","is_ascension_mode":true,"campfire_choices":[{"data":"TalkToTheHand","floor":10.0,"key":"SMITH"},{"data":"SashWhip","floor":15.0,"key":"SMITH"},{"data":"Eruption","floor":23,"key":"SMITH"},{"data":"Meditate","floor":28,"key":"SMITH"}],"circlet_count":0,"master_deck":["AscendersBane","Strike_P+1","Strike_P+1","Eruption+1","Vigilance","TalkToTheHand+1","Halt+1","SashWhip+1","CutThroughFate+1","TalkToTheHand+1","DeceiveReality+1","LessonLearned","Protect+1","ConjureBlade+1","Fasting2+1","Sanctity","Meditate+1","BattleHymn","BowlingBash","Meditate+1","Ragnarok+1","JustLucky"],"relics":["Sozu","StoneCalendar","Kunai","TeardropLocket","Question Card","Astrolabe","Centennial Puzzle","Bottled Flame","Unceasing Top"],"acts_visited":["Exordium","TheCity"],"potions_floor_usage":[],"damage_taken":[{"damage":1.0,"enemies":"2 Louse","floor":1.0,"turns":3.0},{"damage":0.0,"enemies":"Cultist","floor":3.0,"turns":3.0},{"damage":0.0,"enemies":"Jaw Worm","floor":4.0,"turns":4.0},{"damage":9.0,"enemies":"3 Louse","floor":5.0,"turns":3.0},{"damage":0.0,"enemies":"Lagavulin","floor":6.0,"turns":6.0},{"damage":0.0,"enemies":"2 Fungi Beasts","floor":8.0,"turns":4.0},{"damage":7.0,"enemies":"Gremlin Nob","floor":11.0,"turns":3.0},{"damage":0.0,"enemies":"Looter","floor":12.0,"turns":2.0},{"damage":6.0,"enemies":"3 Sentries","floor":13.0,"turns":7.0},{"damage":8.0,"enemies":"Lots of Slimes","floor":14.0,"turns":2.0},{"damage":1.0,"enemies":"Hexaghost","floor":16.0,"turns":8.0},{"damage":0.0,"enemies":"Shell Parasite","floor":18.0,"turns":7.0},{"damage":4.0,"enemies":"2 Thieves","floor":19.0,"turns":4.0},{"damage":20.0,"enemies":"Sentry and Sphere","floor":20.0,"turns":11.0},{"damage":5,"enemies":"3 Cultists","floor":21,"turns":7},{"damage":0,"enemies":"Snecko","floor":22,"turns":5},{"damage":3,"enemies":"Gremlin Leader","floor":24,"turns":7},{"damage":4,"enemies":"Snake Plant","floor":25,"turns":4},{"damage":17,"enemies":"Book of Stabbing","floor":29,"turns":6},{"damage":0,"enemies":"Colosseum Slavers","floor":31,"turns":1}],"seed_played":"-5608254352795648747","potions_obtained":[],"is_trial":false,"path_per_floor":["M","?","M","M","M","E","$","M","T","R","E","M","E","M","R","B",null,"M","M","M","M","M","R","E","M","T","?","R","E","?","?"],"character_chosen":"WATCHER","items_purchased":["TalkToTheHand"],"campfire_rested":0,"item_purchase_floors":[7],"current_hp_per_floor":[60,60,60,60,51,51,51,51,51,51,44,44,38,30,30,29,58,58,54,34,29,29,29,26,22,22,22,22,5,5,5,5],"gold":331,"neow_bonus":"BOSS_RELIC","is_daily":false,"chose_seed":false,"campfire_upgraded":4,"win_rate":0.0,"timestamp":1609899641,"path_taken":["M","?","M","M","M","E","$","?","T","R","E","M","E","M","R","BOSS","M","M","M","M","M","R","E","M","T","?","R","E","?","?"],"items_purchased_type":["Card"],"build_version":"2020-12-18","purchased_purges":1,"victory":false,"max_hp_per_floor":[68,68,68,68,68,68,68,68,68,68,68,68,68,68,68,68,68,68,68,68,68,68,68,68,68,68,68,68,68,68,68,68],"relic_stats":{"Sozu":9,"Centennial Puzzle":[6],"counters":[20,97],"Astrolabe":["Protect","ConjureBlade","Fasting2"],"StoneCalendar":[138],"Kunai":[17],"Question Card":10,"obtain_stats":[{"Sozu":0,"Centennial Puzzle":24,"Bottled Flame":26,"Astrolabe":17,"StoneCalendar":6,"Kunai":9,"TeardropLocket":11,"PureWater":0,"Question Card":13,"Unceasing Top":29},{"Sozu":0,"Centennial Puzzle":17,"Bottled Flame":18,"Astrolabe":11,"StoneCalendar":5,"Kunai":6,"TeardropLocket":7,"PureWater":0,"Question Card":9,"Unceasing Top":19},{"Sozu":0,"Centennial Puzzle":86,"Bottled Flame":90,"Astrolabe":45,"StoneCalendar":19,"Kunai":23,"TeardropLocket":26,"PureWater":0,"Question Card":35,"Unceasing Top":96}],"Unceasing Top":[0]},"card_choices":[{"not_picked":["EmptyBody","BowlingBash"],"picked":"TalkToTheHand","floor":1.0},{"not_picked":["PathToVictory","ForeignInfluence"],"picked":"Halt","floor":3.0},{"not_picked":["EmptyBody","ThirdEye"],"picked":"SashWhip","floor":4.0},{"not_picked":["Prostrate","Weave"],"picked":"CutThroughFate","floor":5.0},{"not_picked":["WindmillStrike","Halt","WreathOfFlame"],"picked":"SKIP","floor":6.0},{"not_picked":["FlyingSleeves","EmptyBody","Evaluate"],"picked":"SKIP","floor":8.0},{"not_picked":["EmptyBody","ThirdEye"],"picked":"DeceiveReality","floor":11.0},{"not_picked":["FlurryOfBlows","Indignation"],"picked":"LessonLearned","floor":12.0},{"not_picked":["FollowUp","Protect","ReachHeaven"],"picked":"SKIP","floor":13.0},{"not_picked":["PathToVictory","FollowUp","ThirdEye","CutThroughFate"],"picked":"SKIP","floor":14.0},{"not_picked":["EmptyFist","SignatureMove","CrushJoints"],"picked":"Sanctity","floor":18.0},{"not_picked":["EmptyMind","WaveOfTheHand","Crescendo"],"picked":"Meditate","floor":19.0},{"not_picked":["Prostrate","WindmillStrike","Consecrate"],"picked":"BattleHymn","floor":20.0},{"not_picked":["Consecrate","Protect","CutThroughFate","ClearTheMind+1"],"picked":"SKIP","floor":21},{"not_picked":["LikeWater","Meditate","Consecrate"],"picked":"BowlingBash","floor":22},{"not_picked":["PathToVictory","FlyingSleeves","Swivel"],"picked":"Meditate+1","floor":24},{"not_picked":["EmptyFist","MentalFortress","JustLucky"],"picked":"Ragnarok","floor":25},{"not_picked":["FlurryOfBlows","Sanctity","Swivel"],"picked":"JustLucky","floor":29}],"player_experience":606596,"relics_obtained":[{"floor":6.0,"key":"StoneCalendar"},{"floor":9.0,"key":"Kunai"},{"floor":11.0,"key":"TeardropLocket"},{"floor":13.0,"key":"Question Card"},{"floor":24,"key":"Centennial Puzzle"},{"floor":26,"key":"Bottled Flame"},{"floor":29,"key":"Unceasing Top"}],"event_choices":[{"cards_removed":["Defend_P"],"damage_healed":0.0,"max_hp_gain":0.0,"max_hp_loss":0.0,"gold_gain":0.0,"event_name":"Wheel of Change","player_choice":"Card Removal","floor":2.0,"gold_loss":0.0,"damage_taken":0.0},{"cards_removed":["Defend_P"],"damage_healed":0,"gold_gain":0,"player_choice":"Elegance","damage_taken":0,"max_hp_gain":0,"max_hp_loss":0,"event_name":"Back to Basics","floor":27,"gold_loss":0},{"damage_healed":0,"gold_gain":0,"player_choice":"Ignored","damage_taken":0,"max_hp_gain":0,"max_hp_loss":0,"event_name":"The Mausoleum","floor":30,"gold_loss":0},{"damage_healed":0,"gold_gain":0,"player_choice":"Fight","damage_taken":0,"max_hp_gain":0,"max_hp_loss":0,"event_name":"Colosseum","floor":31,"gold_loss":0}],"is_beta":true,"boss_relics":[{"not_picked":["Velvet Choker","Pandora\u0027s Box"],"picked":"Astrolabe"}],"items_purged_floors":[7],"is_endless":false,"potions_floor_spawned":[1,6,13,14,16,18,19,21,22],"killed_by":"Colosseum Slavers","ascension_level":14}}