{"host":"y4uistlog11rx1zx","time":1609948198,"event":{"mods":["ATMod(°¢èªMod)","Arknights The Spire","BaseMod","Downfall","Minty Spire (QoL Compilation)","Replay The Spire","StSLib","The Bug Knight","The Cursed","The Hierophant"],"gold_per_floor":[117,117,117,117,117,117,135,150,174,205,205,205,205,220,220,220,220],"floor_reached":16,"playtime":902,"items_purged":[],"score":98,"play_id":"473273a7-03d0-4481-8290-46bf8e9360cd","local_time":"20210106234958","is_ascension_mode":false,"campfire_choices":[{"data":"ats:Powerful Strike","floor":6,"key":"SMITH"},{"floor":11,"key":"RECALL"},{"floor":15,"key":"REST"}],"circlet_count":0,"master_deck":["ats:Strike C","ats:Strike G","ats:Strike S","ats:Strike V+1","ats:Armor Crushing Shot+1","ats:Defend","ats:Defend","ats:Defend","ats:Defend","ats:Emotion Absorption","AT_KingSlayer+1","ats:Powerful Strike+1","ats:Ignite","ats:Shell Defense","ats:Assault Order","ats:Cat Scratch"],"relics":["ats:Sanity","AT_ATBox","NeowsBlessing","Whetstone","ats:Originium","Pen Nib","Golden Idol"],"acts_visited":["Exordium"],"potions_floor_usage":[14,16],"damage_taken":[{"damage":0,"enemies":"Jaw Worm","floor":1,"turns":1},{"damage":0,"enemies":"2 Louse","floor":7,"turns":1},{"damage":0,"enemies":"Small Slimes","floor":8,"turns":1},{"damage":41,"enemies":"Gremlin Nob","floor":10,"turns":5},{"damage":4,"enemies":"Gremlin Gang","floor":14,"turns":4},{"damage":37,"enemies":"Hexaghost","floor":16,"turns":11}],"seed_played":"-2728228510294587706","potions_obtained":[{"floor":8,"key":"Dexterity Potion"},{"floor":13,"key":"Swift Potion"},{"floor":13,"key":"Milkshake"}],"is_trial":false,"path_per_floor":["M","?","?","?","$","R","M","M","T","E","R","?","?","M","R","B"],"character_chosen":"DOCTOR_CLASS","items_purchased":[],"campfire_rested":1,"item_purchase_floors":[],"current_hp_per_floor":[72,72,72,72,72,72,72,72,72,31,31,13,13,9,30,0,0],"gold":220,"neow_bonus":"THREE_ENEMY_KILL","is_daily":false,"chose_seed":false,"campfire_upgraded":1,"win_rate":0.0,"timestamp":1609948198,"path_taken":["M","?","?","?","?","R","?","M","T","E","R","?","?","M","R","BOSS"],"items_purchased_type":[],"build_version":"2020-12-22","purchased_purges":0,"victory":false,"max_hp_per_floor":[72,72,72,72,72,72,72,72,72,72,72,72,72,72,72,72,72],"card_choices":[{"not_picked":["ats:Mental Burst","ats:Magnetic Hammer"],"picked":"ats:Powerful Strike","floor":1},{"not_picked":["ats:Shell Defense","ats:Shadow Raid"],"picked":"ats:Ignite","floor":7},{"not_picked":["ats:Powerful Strike","ats:Childhood Dance"],"picked":"ats:Shell Defense","floor":8},{"not_picked":["ats:Powerful Strike","ats:Childhood Dance"],"picked":"ats:Assault Order","floor":10},{"not_picked":["ats:Ignite","ats:Poison Spread"],"picked":"ats:Cat Scratch","floor":14}],"player_experience":85540,"relics_obtained":[{"floor":9,"key":"Whetstone"},{"floor":10,"key":"ats:Originium"},{"floor":10,"key":"Pen Nib"}],"event_choices":[{"damage_healed":0,"gold_gain":0,"player_choice":"Leave","damage_taken":0,"max_hp_gain":0,"max_hp_loss":0,"event_name":"The Cleric","floor":2,"gold_loss":0},{"damage_healed":0,"gold_gain":0,"player_choice":"Grow","damage_taken":0,"max_hp_gain":0,"max_hp_loss":0,"event_name":"Living Wall","floor":3,"gold_loss":0,"cards_upgraded":["AT_KingSlayer"]},{"damage_healed":0,"gold_gain":0,"player_choice":"Ignored","damage_taken":0,"max_hp_gain":0,"max_hp_loss":0,"event_name":"Golden Wing","floor":4,"gold_loss":0},{"damage_healed":0,"gold_gain":0,"player_choice":"Take Damage","damage_taken":18,"relics_obtained":["Golden Idol"],"max_hp_gain":0,"max_hp_loss":0,"event_name":"Golden Idol","floor":12,"gold_loss":0},{"damage_healed":0,"gold_gain":0,"player_choice":"Got Potions","damage_taken":0,"max_hp_gain":0,"max_hp_loss":0,"event_name":"Lab","floor":13,"gold_loss":0}],"is_beta":false,"boss_relics":[],"items_purged_floors":[],"is_endless":false,"potions_floor_spawned":[8],"killed_by":"Hexaghost","ascension_level":0}}