{"host":"k5ezbu40hxyit46v","time":1609976511,"event":{"mods":["Act Like it!","Aspiration","Astrologer","BaseMod","BetterRewards","Conspire","DeckTracker","Energized Spire","Gensokyo","Googly Eyes","Halation","HexUI Lib","Highlight Path","Hubris","Infinite Spire","Ironclad Rager","Jedi Mod","Mad Scientist","Marisa????????","Minty Spire (QoL Compilation)","Quarter Circle Forward PUNCH!","Quick Restart","Replay The Spire","Reworked Bosses","Shop Mod","Spikes Relics","StSLib","The Administrix","The Awakened One except there are too many feathers","The Bladedancer","The Cursed","The IronCluck","The Servant 0.9.4","The Wild Card","everything is the same but u backflip on backflip","slay the spire mod where everything is the same but ironclad has a cowboy hat","vexMod"],"gold_per_floor":[114,29,49,67,77,102,102,102,125,160,160,174,204,239,239,311,311,281,206,206,206,230,258,269,298,324,336,348,360,372,394,406,489,451,483,495,495],"floor_reached":36,"playtime":1098,"items_purged":[],"score":986,"play_id":"ae7d1d85-08d5-4ca6-b627-5dff92dd484b","local_time":"20210106184151","is_ascension_mode":true,"campfire_choices":[{"data":"Flame Barrier","floor":7,"key":"SMITH"},{"data":"Limit Break","floor":15,"key":"SMITH"},{"data":"Demon Form","floor":30,"key":"SMITH"},{"data":"Inflame","floor":32,"key":"SMITH"}],"circlet_count":0,"master_deck":["AscendersBane","Strike_R","Strike_R","Strike_R","Strike_R","Defend_R","Defend_R","Defend_R","Defend_R","Bash","Flame Barrier+1","Twin Strike","Inflame+1","Limit Break+1","ReplayReversal","Demon Form+1","Electrodynamics","ICR:RageStrike","Pommel Strike"],"relics":["Burning Blood","NeowsBlessing","halation:OrihimeAndHikoboshiSamaAndTears","Strawberry","qcfpunch:Red_Gi","halation:PrussianBluePaint","Juzu Bracelet","jedi:hotpepper","jedi:othersneckoeye","Potion Belt","qcfpunch:School_Backpack","MiniBlackHole","MawBank","MutagenicStrength","Replay:Grab Bag","energizedSpire:HugeHouse","hubris:RunicObelisk","aspiration:DefectSkillbook"],"acts_visited":["Exordium","TheCity","TheBeyond"],"potions_floor_usage":[6,13,13,31,33,33],"damage_taken":[{"damage":0,"enemies":"Cultist","floor":1,"turns":1},{"damage":0,"enemies":"Small Slimes","floor":3,"turns":2},{"damage":0,"enemies":"Jaw Worm","floor":4,"turns":1},{"damage":20,"enemies":"Looter","floor":5,"turns":4},{"damage":16,"enemies":"Lagavulin","floor":6,"turns":7},{"damage":0,"enemies":"3 Sentries","floor":10,"turns":1},{"damage":7,"enemies":"2 Fungi Beasts","floor":12,"turns":4},{"damage":2,"enemies":"Lagavulin","floor":13,"turns":7},{"damage":31,"enemies":"conspire:MimicChest","floor":14,"turns":12},{"damage":6,"enemies":"Hexaghost","floor":16,"turns":9},{"damage":9,"enemies":"2 Thieves","floor":18,"turns":4},{"damage":0,"enemies":"conspire:SneckoGhost","floor":23,"turns":1},{"damage":16,"enemies":"Spheric Guardian","floor":24,"turns":5},{"damage":18,"enemies":"conspire:Head Lice","floor":25,"turns":5},{"damage":19,"enemies":"Snake Plant","floor":31,"turns":4},{"damage":55,"enemies":"bossMod:newCollector","floor":33,"turns":7},{"damage":10,"enemies":"3 Shapes","floor":35,"turns":2},{"damage":45,"enemies":"2 Orb Walkers","floor":36,"turns":2}],"seed_played":"8578619724514254490","potions_obtained":[{"floor":3,"key":"DistilledChaos"},{"floor":6,"key":"ColorlessPotion"},{"floor":10,"key":"conspire:TimeTravelPotion"},{"floor":12,"key":"Dexterity Potion"},{"floor":18,"key":"Dexterity Potion"},{"floor":25,"key":"BlessingOfTheForge"},{"floor":28,"key":"FairyPotion"},{"floor":28,"key":"Block Potion"},{"floor":33,"key":"DuplicationPotion"}],"is_trial":false,"path_per_floor":["M","$","M","M","M","E","R","?","T","E","?","M","E","?","R","B",null,"M","?","?","AVR","T","E","M","E","T","?","?","?","R","M","R","B",null,"M","?"],"character_chosen":"IRONCLAD","items_purchased":["Flame Barrier"],"campfire_rested":0,"item_purchase_floors":[2],"current_hp_per_floor":[74,74,75,75,61,51,51,32,39,45,45,44,48,23,23,23,52,49,49,49,49,49,55,45,33,33,33,33,45,45,32,32,17,46,42,0,0],"gold":495,"neow_bonus":"THREE_ENEMY_KILL","is_daily":false,"chose_seed":false,"campfire_upgraded":4,"win_rate":0.0,"timestamp":1609976511,"path_taken":["M","$","M","M","M","E","R","?","T","E","?","M","E","?","R","BOSS","M","?","?","AVR","?","E","M","E","T","?","?","?","R","M","R","BOSS","M","?"],"items_purchased_type":["Card"],"build_version":"2020-12-22","purchased_purges":0,"victory":false,"max_hp_per_floor":[75,75,75,75,75,75,75,75,82,82,82,82,82,82,82,82,61,61,61,61,61,61,61,61,61,61,61,61,61,61,61,61,61,56,56,56,56],"card_choices":[{"not_picked":["Seeing Red","Replay:Undeath\u0027s Touch","hubris:ReadiedAction"],"picked":"SKIP","floor":1},{"not_picked":["Headbutt","Anger","Pommel Strike"],"picked":"SKIP","floor":3},{"not_picked":["hubris:ReadiedAction","Body Slam"],"picked":"Twin Strike","floor":4},{"not_picked":["Sentinel","ReplayTheSpireMod:LeadingStrike"],"picked":"Inflame","floor":5},{"not_picked":["ReplayTheSpireMod:Strike From Hell","Rupture"],"picked":"Metallicize","floor":6},{"not_picked":["hubris:Rewind","ReplayTheSpireMod:??????????????????????"],"picked":"infinitespire:SealOfDarkness+","floor":8},{"not_picked":["Anger","Twin Strike","Iron Wave"],"picked":"SKIP","floor":10},{"not_picked":["ReplayTheSpireMod:Limb From Limb","Run Through"],"picked":"Limit Break","floor":12},{"not_picked":["Sword Boomerang","Dark Embrace","Thunderclap"],"picked":"SKIP","floor":13},{"not_picked":["Heavy Blade","hubris:ReadiedAction"],"picked":"ReplayReversal","floor":14},{"not_picked":["jedi:unlimitedpower","Hemogenesis"],"picked":"Demon Form","floor":16},{"not_picked":["Perfected Strike","Combust","Armaments"],"picked":"SKIP","floor":18},{"not_picked":["Brutality","Searing Blow+1","Run Through"],"picked":"SKIP","floor":23},{"not_picked":["Heel Hook","Deflect","Concentrate"],"picked":"SKIP","floor":24},{"not_picked":["Havoc","Fiend Fire","Anger"],"picked":"SKIP","floor":24},{"not_picked":["Sucker Punch","Backflip","Acrobatics"],"picked":"SKIP","floor":25},{"not_picked":["jedi:fear","Anger","Clash"],"picked":"SKIP","floor":25},{"not_picked":["Panic Button","hubris:DoWhile","ReplayTheSpireMod:Dual Polarity"],"picked":"SKIP","floor":31},{"not_picked":["Body Slam","Replay:Undeath\u0027s Touch","Run Through"],"picked":"SKIP","floor":31},{"not_picked":["Fission","Biased Cognition"],"picked":"Electrodynamics","floor":33},{"not_picked":["InnerPeace","Pray","SashWhip"],"picked":"SKIP","floor":35},{"not_picked":["Headbutt","FIFO Queue","Cleave","ReplayTheSpireMod:Strike From Hell"],"picked":"SKIP","floor":35}],"player_experience":1230359,"relics_obtained":[{"floor":6,"key":"halation:OrihimeAndHikoboshiSamaAndTears"},{"floor":9,"key":"Strawberry"},{"floor":10,"key":"qcfpunch:Red_Gi"},{"floor":13,"key":"halation:PrussianBluePaint"},{"floor":14,"key":"Juzu Bracelet"},{"floor":22,"key":"Potion Belt"},{"floor":23,"key":"qcfpunch:School_Backpack"},{"floor":25,"key":"MiniBlackHole"},{"floor":26,"key":"MawBank"}],"event_choices":[{"cards_removed":["Strike_R"],"damage_healed":0,"gold_gain":0,"player_choice":"Gave Gold","damage_taken":0,"max_hp_gain":0,"max_hp_loss":0,"event_name":"Beggar","floor":19,"gold_loss":75},{"damage_healed":0,"gold_gain":0,"player_choice":"Ignored","damage_taken":0,"max_hp_gain":0,"max_hp_loss":0,"event_name":"Vampires","floor":20,"gold_loss":0},{"damage_healed":0,"gold_gain":0,"player_choice":"Inject Mutagens","damage_taken":0,"relics_obtained":["MutagenicStrength"],"max_hp_gain":0,"max_hp_loss":0,"event_name":"Drug Dealer","floor":27,"gold_loss":0},{"damage_healed":0,"gold_gain":0,"player_choice":"Got Potions","damage_taken":0,"max_hp_gain":0,"max_hp_loss":0,"event_name":"Lab","floor":28,"gold_loss":0},{"damage_healed":12,"gold_gain":0,"player_choice":"Heal","damage_taken":0,"max_hp_gain":0,"max_hp_loss":0,"event_name":"The Library","floor":29,"gold_loss":0},{"damage_healed":0,"gold_gain":0,"player_choice":"Fight","damage_taken":0,"max_hp_gain":0,"max_hp_loss":0,"event_name":"Mysterious Sphere","floor":36,"gold_loss":0}],"is_beta":false,"boss_relics":[{"not_picked":["Electric Blood","vexMod:TanglingVine"],"picked":"jedi:hotpepper"},{"not_picked":["Cursed Key","infinitespire:Cupcake"],"picked":"Replay:Grab Bag"},{"not_picked":["Velvet Choker","hubris:CrackedHourglass"],"picked":"energizedSpire:HugeHouse"},{"not_picked":["Coffee Dripper","energizedSpire:MagnifyingGlass"],"picked":"hubris:RunicObelisk"},{"not_picked":["halation:LoveArrow","aspiration:RunicSpoon"],"picked":"aspiration:DefectSkillbook"}],"items_purged_floors":[],"is_endless":false,"potions_floor_spawned":[3,6,10,12,18,25,33],"killed_by":"2 Orb Walkers","ascension_level":20}}