{"host":"n04iuia2ggo2ce0d","time":1609966190,"event":{"mods":["AchievementEnabler","BaseMod","Colored Map","Colored Powertips","Googly Eyes","Minty Spire (QoL Compilation)","Permanent Neow","Quick Restart","StSLib","Waifu the Spire"],"gold_per_floor":[114,128,128,138,138,167,167,177,177,17,17,34,34,92,92,167,167,181,208,223,223,238,238,258,258,258],"floor_reached":25,"playtime":1593,"items_purged":["Strike_G"],"score":376,"play_id":"58be80f1-e775-4cce-a2a5-6a4077c4168d","local_time":"20210106214950","is_ascension_mode":true,"campfire_choices":[{"floor":7,"key":"REST"},{"floor":11,"key":"REST"},{"floor":15,"key":"REST"},{"floor":23,"key":"REST"}],"circlet_count":0,"master_deck":["AscendersBane","Strike_G","Strike_G","Strike_G","Defend_G","Defend_G","Defend_G","Defend_G","Defend_G","Survivor","Neutralize","Flechettes","PiercingWail","Skewer","Cloak And Dagger","Bouncing Flask+1","Caltrops","Escape Plan","Quick Slash+1","After Image","Terror+1","Dagger Spray+1","Backflip+1","Choke+1"],"relics":["Ring of the Serpent","Anchor","White Beast Statue","Shuriken","Ninja Scroll","Molten Egg 2","Red Mask"],"acts_visited":["Exordium","TheCity"],"potions_floor_usage":[6,14,18,18,25],"damage_taken":[{"damage":0,"enemies":"Cultist","floor":1,"turns":4},{"damage":1,"enemies":"Small Slimes","floor":2,"turns":4},{"damage":0,"enemies":"2 Louse","floor":4,"turns":4},{"damage":42,"enemies":"Lagavulin","floor":6,"turns":10},{"damage":6,"enemies":"Large Slime","floor":8,"turns":5},{"damage":6,"enemies":"Exordium Wildlife","floor":12,"turns":4},{"damage":5,"enemies":"Gremlin Nob","floor":14,"turns":3},{"damage":17,"enemies":"The Guardian","floor":16,"turns":8},{"damage":4,"enemies":"Chosen","floor":18,"turns":5},{"damage":36,"enemies":"Masked Bandits","floor":19,"turns":6},{"damage":5,"enemies":"2 Thieves","floor":20,"turns":4},{"damage":9,"enemies":"Snecko","floor":22,"turns":5},{"damage":6,"enemies":"Centurion and Healer","floor":24,"turns":6},{"damage":23,"enemies":"Snake Plant","floor":25,"turns":2}],"seed_played":"-8782658830763115044","potions_obtained":[{"floor":4,"key":"PowerPotion"},{"floor":6,"key":"Energy Potion"},{"floor":8,"key":"EntropicBrew"},{"floor":14,"key":"SkillPotion"},{"floor":16,"key":"DuplicationPotion"},{"floor":18,"key":"Fruit Juice"},{"floor":22,"key":"PowerPotion"}],"is_trial":false,"path_per_floor":["M","M","?","M","?","E","R","M","T","$","R","M","?","?","R","B",null,"M","?","M","?","M","R","M","M"],"character_chosen":"THE_SILENT","items_purchased":["Caltrops"],"campfire_rested":4,"item_purchase_floors":[10],"current_hp_per_floor":[59,58,58,58,47,5,24,18,18,18,37,31,31,26,45,28,57,58,22,17,17,8,29,23,0,0],"gold":258,"neow_bonus":"RANDOM_COMMON_RELIC","is_daily":false,"chose_seed":false,"campfire_upgraded":0,"win_rate":0.0,"timestamp":1609966190,"path_taken":["M","M","?","?","?","E","R","M","T","$","R","M","?","?","R","BOSS","M","?","M","?","?","R","M","M"],"items_purchased_type":["Card"],"build_version":"2020-12-22","purchased_purges":1,"victory":false,"max_hp_per_floor":[66,66,66,66,66,66,66,66,66,66,66,66,66,66,66,66,66,71,71,71,71,71,71,71,71,71],"card_choices":[{"not_picked":["Underhanded Strike","Acrobatics"],"picked":"Flechettes","floor":1},{"not_picked":["Sucker Punch","Calculated Gamble"],"picked":"PiercingWail","floor":2},{"not_picked":["PiercingWail","Outmaneuver"],"picked":"Skewer","floor":4},{"not_picked":["Night Terror","Bane"],"picked":"Cloak And Dagger","floor":6},{"not_picked":["Dodge and Roll","Catalyst"],"picked":"Bouncing Flask","floor":8},{"not_picked":["Dagger Throw","Well Laid Plans"],"picked":"Escape Plan","floor":12},{"not_picked":["Underhanded Strike+1","Deflect"],"picked":"Quick Slash+1","floor":14},{"not_picked":["Burst","Grand Finale+1"],"picked":"After Image","floor":16},{"not_picked":["Caltrops","Backflip"],"picked":"Terror+1","floor":18},{"not_picked":["Cloak And Dagger","Reflex"],"picked":"Dagger Spray+1","floor":19},{"not_picked":["Cloak And Dagger","Dodge and Roll"],"picked":"Backflip+1","floor":20},{"not_picked":["Deflect","Prepared"],"picked":"Choke+1","floor":22},{"not_picked":["Underhanded Strike+1","Outmaneuver","Expertise"],"picked":"SKIP","floor":24}],"player_experience":483117,"relics_obtained":[{"floor":6,"key":"Shuriken"},{"floor":9,"key":"Ninja Scroll"},{"floor":14,"key":"Molten Egg 2"},{"floor":19,"key":"Red Mask"}],"event_choices":[{"cards_removed":["Strike_G"],"damage_healed":0,"gold_gain":0,"player_choice":"Offered Basic","damage_taken":0,"max_hp_gain":0,"max_hp_loss":0,"event_name":"Bonfire Elementals","floor":3,"gold_loss":0},{"damage_healed":0,"gold_gain":0,"player_choice":"Success","damage_taken":11,"relics_obtained":["White Beast Statue"],"max_hp_gain":0,"max_hp_loss":0,"event_name":"Scrap Ooze","floor":5,"gold_loss":0},{"damage_healed":0,"gold_gain":0,"player_choice":"Grow","damage_taken":0,"max_hp_gain":0,"max_hp_loss":0,"event_name":"Living Wall","floor":13,"gold_loss":0,"cards_upgraded":["Bouncing Flask"]},{"damage_healed":0,"gold_gain":30,"player_choice":"Searched \u00273\u0027 times","damage_taken":0,"max_hp_gain":0,"max_hp_loss":0,"event_name":"Dead Adventurer","floor":14,"gold_loss":0},{"damage_healed":0,"gold_gain":0,"player_choice":"Fought Bandits","damage_taken":0,"max_hp_gain":0,"max_hp_loss":0,"event_name":"Masked Bandits","floor":19,"gold_loss":0},{"damage_healed":0,"gold_gain":0,"player_choice":"Ignored","damage_taken":0,"max_hp_gain":0,"max_hp_loss":0,"event_name":"N\u0027loth","floor":21,"gold_loss":0}],"is_beta":false,"boss_relics":[{"not_picked":["SacredBark","Philosopher\u0027s Stone"],"picked":"Ring of the Serpent"}],"items_purged_floors":[10],"is_endless":false,"potions_floor_spawned":[4,6,8,12,14,16,18,19,20,22,24],"killed_by":"Snake Plant","ascension_level":17}}