{"host":"axuns55dzq466eei","time":1609945129,"event":{"mods":["BaseMod","Colored Map","Keyboard Shortcuts","Minty Spire (QoL Compilation)","StSLib","SuperFastMode"],"gold_per_floor":[115,115,115,125,50,85,85,85,164,164,196,206,232,102,102,181,181,196,32,50,70,70,70,82,82,82,5,5,5,25,39,39,39,39],"floor_reached":33,"playtime":548,"items_purged":["Strike_R","Strike_R"],"score":556,"play_id":"b5921a1e-88b8-448b-a7c1-24d901542d05","local_time":"20210106235849","is_ascension_mode":true,"campfire_choices":[{"data":"Bash","floor":8,"key":"SMITH"},{"data":"Twin Strike","floor":10,"key":"SMITH"},{"data":"Immolate","floor":15,"key":"SMITH"},{"data":"Body Slam","floor":25,"key":"SMITH"},{"data":"True Grit","floor":29,"key":"SMITH"},{"data":"Pommel Strike","floor":32,"key":"SMITH"}],"circlet_count":0,"master_deck":["AscendersBane","Defend_R","Defend_R","Defend_R","Bash+1","Burning Pact","Twin Strike+1","Immolate+1","Flame Barrier","Shockwave","Shrug It Off","Offering","Dark Embrace+1","Body Slam+1","Pummel","Anger","Feel No Pain+1","True Grit+1","Decay","Pommel Strike+1","Fiend Fire"],"relics":["Burning Blood","NeowsBlessing","Kunai","Paper Frog","Shovel","Odd Mushroom","Sozu","Membership Card","Letter Opener"],"acts_visited":["Exordium","TheCity"],"potions_floor_usage":[21],"damage_taken":[{"damage":0,"enemies":"Jaw Worm","floor":1,"turns":1},{"damage":0,"enemies":"Small Slimes","floor":4,"turns":1},{"damage":0,"enemies":"Lagavulin","floor":6,"turns":1},{"damage":63,"enemies":"3 Sentries","floor":11,"turns":13},{"damage":0,"enemies":"2 Louse","floor":12,"turns":1},{"damage":1,"enemies":"The Mushroom Lair","floor":13,"turns":3},{"damage":28,"enemies":"Slime Boss","floor":16,"turns":7},{"damage":11,"enemies":"Shell Parasite","floor":18,"turns":4},{"damage":28,"enemies":"Spheric Guardian","floor":20,"turns":4},{"damage":12,"enemies":"Cultist and Chosen","floor":21,"turns":3},{"damage":6,"enemies":"3 Cultists","floor":24,"turns":2},{"damage":6,"enemies":"Snecko","floor":30,"turns":3},{"damage":6,"enemies":"Cultist and Chosen","floor":31,"turns":4},{"damage":47,"enemies":"Collector","floor":33,"turns":8}],"seed_played":"1104079582177639677","potions_obtained":[{"floor":4,"key":"CultistPotion"},{"floor":6,"key":"Regen Potion"}],"is_trial":false,"path_per_floor":["M","?","?","M","?","E","?","R","T","R","E","M","?","$","R","B",null,"M","$","M","M","?","?","M","R","T","$","?","R","M","M","R","B"],"character_chosen":"IRONCLAD","items_purchased":["Shrug It Off","Membership Card","True Grit"],"campfire_rested":0,"item_purchase_floors":[14,19,27],"current_hp_per_floor":[74,79,79,80,80,80,80,80,80,80,23,29,34,34,34,12,63,58,58,36,30,30,30,30,30,30,30,30,30,30,30,30,0,0],"gold":39,"neow_bonus":"THREE_ENEMY_KILL","is_daily":false,"chose_seed":false,"campfire_upgraded":6,"win_rate":0.0,"timestamp":1609945129,"path_taken":["M","?","?","M","?","E","?","R","T","R","E","M","?","$","R","BOSS","M","$","M","M","?","?","M","R","T","$","?","R","M","M","R","BOSS"],"items_purchased_type":["Card","Relic","Card"],"build_version":"2020-12-22","purchased_purges":2,"victory":false,"max_hp_per_floor":[75,80,80,80,80,80,80,80,80,80,80,80,80,80,80,80,80,80,80,80,80,80,80,80,80,80,80,80,80,80,80,80,80,80],"card_choices":[{"not_picked":["Sword Boomerang","Iron Wave","Disarm"],"picked":"SKIP","floor":1},{"not_picked":["Entrench","Havoc"],"picked":"Burning Pact","floor":4},{"not_picked":["Clothesline","Infernal Blade"],"picked":"Twin Strike","floor":6},{"not_picked":["Sword Boomerang","Heavy Blade"],"picked":"Immolate","floor":11},{"not_picked":["Armaments","Flex"],"picked":"Flame Barrier","floor":12},{"not_picked":["Heavy Blade","Disarm"],"picked":"Shockwave","floor":13},{"not_picked":["Feed","Fiend Fire"],"picked":"Offering","floor":16},{"not_picked":["Havoc","Heavy Blade","Flex"],"picked":"SKIP","floor":18},{"not_picked":["Sword Boomerang+1","Headbutt"],"picked":"Dark Embrace+1","floor":20},{"not_picked":["Sword Boomerang","Havoc"],"picked":"Body Slam","floor":21},{"not_picked":["Ghostly Armor","Whirlwind"],"picked":"Feel No Pain+1","floor":24},{"not_picked":["Clash","Combust+1"],"picked":"Pommel Strike","floor":30},{"not_picked":["Disarm","Heavy Blade"],"picked":"Fiend Fire","floor":31}],"player_experience":1064026,"relics_obtained":[{"floor":6,"key":"Kunai"},{"floor":9,"key":"Paper Frog"},{"floor":11,"key":"Shovel"},{"floor":13,"key":"Odd Mushroom"},{"floor":26,"key":"Letter Opener"}],"event_choices":[{"damage_healed":0,"gold_gain":0,"player_choice":"Donut","damage_taken":0,"max_hp_gain":5,"max_hp_loss":0,"event_name":"Big Fish","floor":2,"gold_loss":0},{"damage_healed":0,"gold_gain":0,"player_choice":"Ignored","damage_taken":0,"max_hp_gain":0,"max_hp_loss":0,"event_name":"Liars Game","floor":3,"gold_loss":0},{"cards_removed":["Defend_R"],"damage_healed":0,"gold_gain":0,"player_choice":"Card Removal","damage_taken":0,"max_hp_gain":0,"max_hp_loss":0,"event_name":"The Cleric","floor":5,"gold_loss":75},{"cards_removed":["Strike_R"],"damage_healed":0,"gold_gain":0,"player_choice":"Forget","damage_taken":0,"max_hp_gain":0,"max_hp_loss":0,"event_name":"Living Wall","floor":7,"gold_loss":0},{"damage_healed":0,"gold_gain":0,"player_choice":"Fought Mushrooms","damage_taken":0,"max_hp_gain":0,"max_hp_loss":0,"event_name":"Mushrooms","floor":13,"gold_loss":0},{"damage_healed":0,"gold_gain":0,"cards_transformed":["Strike_R","Strike_R"],"player_choice":"Became Test Subject","damage_taken":0,"max_hp_gain":0,"max_hp_loss":0,"event_name":"Drug Dealer","floor":23,"gold_loss":0,"cards_obtained":["Pummel","Anger"]},{"damage_healed":0,"gold_gain":0,"player_choice":"Cursed","damage_taken":0,"max_hp_gain":0,"max_hp_loss":0,"event_name":"Wheel of Change","floor":28,"gold_loss":0,"cards_obtained":["Decay"]}],"is_beta":false,"boss_relics":[{"not_picked":["Ectoplasm","Black Star"],"picked":"Sozu"}],"items_purged_floors":[14,27],"is_endless":false,"potions_floor_spawned":[4,6,13,16,21,24,30],"killed_by":"Collector","ascension_level":20}}