{"host":"05vhm55ztg7fyvhd","time":1609954308,"event":{"mods":["BaseMod","Downfall","Googly Eyes","Hubris","Minty Spire (QoL Compilation)","Replay The Spire","Shop Mod","StSLib"],"gold_per_floor":[366,386,386,49,49,77,88,88,88,88,143,43,60,60,60,60,60],"floor_reached":16,"playtime":604,"items_purged":["Doubt","Strike_B"],"score":118,"play_id":"c4685138-4e04-4d3c-b363-6571064d7832","local_time":"20210106183148","is_ascension_mode":true,"campfire_choices":[{"data":"ReplayGash","floor":8,"key":"SMITH"},{"floor":10,"key":"REST"},{"floor":15,"key":"REST"}],"circlet_count":0,"master_deck":["Strike_B","Strike_B","Strike_B","Defend_B","Defend_B","Defend_B","Defend_B","Zap","Dualcast","Gash","ReplayGash+1"],"relics":["Cracked Core","hubris:RGBLights","hubris:CrystalStatue","hubris:Towel","Blood Vial","hubris:PeanutButter","Boot","Golden Idol"],"acts_visited":["Exordium"],"potions_floor_usage":[6,11,13],"damage_taken":[{"damage":2,"enemies":"Small Slimes","floor":1,"turns":4},{"damage":5,"enemies":"2 Louse","floor":2,"turns":2},{"damage":36,"enemies":"Gremlin Nob","floor":6,"turns":4},{"damage":2,"enemies":"Jaw Worm","floor":7,"turns":3},{"damage":27,"enemies":"3 Sentries","floor":11,"turns":6},{"damage":0,"enemies":"Exordium Wildlife","floor":13,"turns":4},{"damage":38,"enemies":"Hexaghost","floor":16,"turns":9}],"seed_played":"7983302323849269273","potions_obtained":[{"floor":1,"key":"SpeedPotion"},{"floor":6,"key":"DuplicationPotion"},{"floor":7,"key":"Dexterity Potion"}],"is_trial":false,"path_per_floor":["M","M","?","$","?","E","M","R","T","R","?","$","M","?","R","B"],"character_chosen":"DEFECT","items_purchased":["hubris:CrystalStatue"],"campfire_rested":2,"item_purchase_floors":[4],"current_hp_per_floor":[73,68,65,65,65,29,29,29,29,51,26,26,28,10,32,0,0],"gold":60,"neow_bonus":"TWO_FIFTY_GOLD","is_daily":false,"chose_seed":false,"campfire_upgraded":1,"win_rate":0.0,"timestamp":1609954308,"path_taken":["M","M","?","$","?","E","M","R","T","R","?","$","M","?","R","BOSS"],"items_purchased_type":["Relic"],"build_version":"2020-12-22","purchased_purges":2,"victory":false,"max_hp_per_floor":[75,75,75,75,75,75,75,75,75,75,75,75,75,75,75,75,75],"card_choices":[{"not_picked":["Barrage","Streamline"],"picked":"Gash","floor":1},{"not_picked":["Barrage","Leap","Conserve Battery"],"picked":"SKIP","floor":2},{"not_picked":["ReplaySolidLightProjector","Beam Cell","Turbo"],"picked":"SKIP","floor":6},{"not_picked":["ReplayTheSpireMod:Omega Cannon","Steam Power"],"picked":"ReplayGash","floor":7},{"not_picked":["Compile Driver","Turbo","Storm"],"picked":"SKIP","floor":13}],"player_experience":445390,"relics_obtained":[{"floor":6,"key":"Blood Vial"},{"floor":9,"key":"hubris:PeanutButter"},{"floor":11,"key":"Boot"}],"event_choices":[{"damage_healed":0,"gold_gain":0,"player_choice":"Success","damage_taken":3,"relics_obtained":["hubris:RGBLights"],"max_hp_gain":0,"max_hp_loss":0,"event_name":"Scrap Ooze","floor":3,"gold_loss":0},{"damage_healed":0,"gold_gain":30,"player_choice":"Searched \u00273\u0027 times","damage_taken":0,"max_hp_gain":0,"max_hp_loss":0,"event_name":"Dead Adventurer","floor":11,"gold_loss":0},{"damage_healed":0,"gold_gain":0,"player_choice":"Take Damage","damage_taken":18,"relics_obtained":["Golden Idol"],"max_hp_gain":0,"max_hp_loss":0,"event_name":"Golden Idol","floor":14,"gold_loss":0}],"is_beta":false,"boss_relics":[],"items_purged_floors":[4,12],"is_endless":false,"potions_floor_spawned":[1,6,7],"killed_by":"Hexaghost","ascension_level":4}}