{"host":"s41rn2jhghpwfrvz","time":1609907311,"event":{"mods":["BaseMod","Minty Spire (QoL Compilation)","Quick Restart","Relic Stats","SuperFastMode"],"gold_per_floor":[111,121,171,188,17,17,52,66,121,121,133,168,197,35,35,109,109,123,48,48,73,73,106,122,122,146,174,193,222,242,277,277,351,351,361,196,205,232,246,275,275,300,300,300,312,312,341,193,193,193,193,193,193,55,86,86],"floor_reached":57,"playtime":2062,"items_purged":["Undo"],"score":4068,"play_id":"54c963ec-69ae-4505-962a-99c96517dc8a","local_time":"20210106062831","daily_mods":["SealedDeck","Diverse","DeadlyEvents"],"is_ascension_mode":true,"campfire_choices":[{"data":"Blade Dance","floor":6,"key":"SMITH"},{"data":"Accuracy","floor":10,"key":"SMITH"},{"data":"Skim","floor":15,"key":"SMITH"},{"data":"Scrawl","floor":25,"key":"SMITH"},{"data":"Escape Plan","floor":32,"key":"SMITH"},{"floor":41,"key":"RECALL"},{"data":"Creative AI","floor":46,"key":"SMITH"},{"data":"Seeing Red","floor":49,"key":"SMITH"},{"floor":53,"key":"REST"}],"circlet_count":0,"master_deck":["AscendersBane","Prepared+1","Intimidate+1","Seeing Red+1","Skim+1","Escape Plan+1","Accuracy+1","Blade Dance+1","Scrawl+1","Creative AI+1"],"relics":["Burning Blood","TheAbacus","Molten Egg 2","War Paint","Pen Nib","Strawberry","OrangePellets","Black Star","Ancient Tea Set","Vajra","Pantograph","Mercury Hourglass","Tiny Chest","Centennial Puzzle","Regal Pillow","Potion Belt","Bronze Scales","Dream Catcher","CeramicFish","Omamori","Cursed Key","Medical Kit","The Courier","Art of War","Akabeko","Self Forming Clay","TungstenRod","Ginger","Anchor","Darkstone Periapt","Happy Flower","ClockworkSouvenir","Red Skull","Oddly Smooth Stone"],"acts_visited":["Exordium","TheCity","TheBeyond","TheEnding"],"potions_floor_usage":[50,56,56,56,56,56,56,56],"damage_taken":[{"damage":0,"enemies":"Cultist","floor":1,"turns":2},{"damage":0,"enemies":"2 Louse","floor":2,"turns":2},{"damage":0,"enemies":"Small Slimes","floor":4,"turns":2},{"damage":0,"enemies":"Gremlin Nob","floor":7,"turns":2},{"damage":0,"enemies":"Gremlin Gang","floor":8,"turns":2},{"damage":6,"enemies":"2 Fungi Beasts","floor":11,"turns":2},{"damage":0,"enemies":"Lagavulin","floor":12,"turns":3},{"damage":4,"enemies":"3 Sentries","floor":13,"turns":4},{"damage":0,"enemies":"The Guardian","floor":16,"turns":8},{"damage":0,"enemies":"Shell Parasite","floor":18,"turns":2},{"damage":0,"enemies":"Gremlin Leader","floor":21,"turns":3},{"damage":0,"enemies":"Slavers","floor":23,"turns":2},{"damage":0,"enemies":"Spheric Guardian","floor":24,"turns":1},{"damage":0,"enemies":"Gremlin Leader","floor":27,"turns":2},{"damage":0,"enemies":"3 Cultists","floor":28,"turns":3},{"damage":0,"enemies":"Slavers","floor":29,"turns":2},{"damage":0,"enemies":"Snake Plant","floor":30,"turns":2},{"damage":0,"enemies":"Book of Stabbing","floor":31,"turns":2},{"damage":0,"enemies":"Champ","floor":33,"turns":3},{"damage":0,"enemies":"3 Shapes","floor":35,"turns":1},{"damage":0,"enemies":"Nemesis","floor":38,"turns":6},{"damage":0,"enemies":"3 Darklings","floor":39,"turns":2},{"damage":0,"enemies":"Giant Head","floor":40,"turns":4},{"damage":0,"enemies":"Reptomancer","floor":42,"turns":3},{"damage":0,"enemies":"Writhing Mass","floor":45,"turns":3},{"damage":8,"enemies":"Nemesis","floor":47,"turns":3},{"damage":0,"enemies":"Time Eater","floor":50,"turns":9},{"damage":0,"enemies":"Donu and Deca","floor":51,"turns":5},{"damage":0,"enemies":"Shield and Spear","floor":55,"turns":3},{"damage":1,"enemies":"The Heart","floor":56,"turns":7}],"seed_played":"1310580808565507278","potions_obtained":[{"floor":2,"key":"Weak Potion"},{"floor":7,"key":"Fire Potion"},{"floor":21,"key":"DuplicationPotion"},{"floor":24,"key":"SpeedPotion"},{"floor":29,"key":"PowerPotion"},{"floor":31,"key":"BlessingOfTheForge"},{"floor":38,"key":"FearPotion"},{"floor":47,"key":"DuplicationPotion"}],"is_trial":true,"path_per_floor":["M","M","?","M","$","R","E","M","T","R","M","E","E","$","R","B",null,"M","?","?","E","?","E","M","R","T","E","M","E","M","E","R","B",null,"M","$","?","E","M","E","R","E","T","T","M","R","E","$","R","B","B",null,"R","$","E","B",null],"character_chosen":"IRONCLAD","items_purchased":["TheAbacus","OrangePellets","Medical Kit","EntropicBrew","ClockworkSouvenir"],"campfire_rested":1,"item_purchase_floors":[5,14,36,48,54],"current_hp_per_floor":[74,75,68,74,74,74,75,75,75,75,75,75,82,82,82,82,82,82,82,82,82,82,82,82,82,82,82,82,82,82,82,82,82,82,82,82,82,82,82,82,82,82,82,82,82,82,80,80,80,82,82,82,82,82,82,82],"gold":86,"neow_bonus":"","is_daily":false,"chose_seed":false,"campfire_upgraded":7,"win_rate":0.0,"timestamp":1609907311,"path_taken":["M","M","?","M","?","R","E","M","T","R","M","?","E","?","R","BOSS","M","?","?","?","?","E","M","R","T","E","M","?","M","E","R","BOSS","M","$","?","?","M","E","R","E","T","?","M","R","E","?","R","BOSS","BOSS","R","$","E","BOSS"],"items_purchased_type":["Relic","Relic","Relic","Potion","Relic"],"build_version":"2020-12-22","purchased_purges":1,"victory":true,"max_hp_per_floor":[75,75,75,75,75,75,75,75,75,75,75,75,82,82,82,82,82,82,82,82,82,82,82,82,82,82,82,82,82,82,82,82,82,82,82,82,82,82,82,82,82,82,82,82,82,82,82,82,82,82,82,82,82,82,82,82],"relic_stats":{"Darkstone Periapt":0,"Regal Pillow":0,"Happy Flower":[8],"counters":[30,94],"Self Forming Clay":[6],"CeramicFish":9,"Pen Nib":[39],"Ginger":[3],"War Paint":["Intimidate","Prepared"],"Cursed Key":2,"Medical Kit":[18],"Burning Blood":31,"Mercury Hourglass":[220],"OrangePellets":[8],"Centennial Puzzle":[6],"Dream Catcher":1,"TheAbacus":[2166],"Pantograph":2,"Bronze Scales":[218],"Tiny Chest":1,"Black Star":10,"Art of War":[3],"obtain_stats":[{"Darkstone Periapt":47,"Regal Pillow":27,"CeramicFish":31,"Vajra":21,"Ginger":42,"Ancient Tea Set":20,"Cursed Key":34,"Burning Blood":0,"ClockworkSouvenir":54,"Centennial Puzzle":26,"Dream Catcher":29,"TheAbacus":5,"Strawberry":13,"Pantograph":21,"Tiny Chest":23,"Red Skull":55,"Potion Belt":27,"Happy Flower":47,"Self Forming Clay":40,"Oddly Smooth Stone":55,"Pen Nib":12,"The Courier":38,"Omamori":31,"War Paint":9,"Medical Kit":36,"Akabeko":40,"Mercury Hourglass":23,"OrangePellets":14,"Anchor":44,"Bronze Scales":29,"Molten Egg 2":7,"Black Star":17,"Art of War":38,"TungstenRod":42},{"Darkstone Periapt":26,"Regal Pillow":14,"CeramicFish":18,"Vajra":11,"Ginger":24,"Ancient Tea Set":10,"Cursed Key":19,"Burning Blood":0,"ClockworkSouvenir":28,"Centennial Puzzle":13,"Dream Catcher":16,"TheAbacus":3,"Strawberry":8,"Pantograph":11,"Tiny Chest":12,"Red Skull":29,"Potion Belt":14,"Happy Flower":26,"Self Forming Clay":23,"Oddly Smooth Stone":29,"Pen Nib":7,"The Courier":21,"Omamori":18,"War Paint":5,"Medical Kit":20,"Akabeko":23,"Mercury Hourglass":12,"OrangePellets":8,"Anchor":24,"Bronze Scales":16,"Molten Egg 2":4,"Black Star":9,"Art of War":21,"TungstenRod":24},{"Darkstone Periapt":70,"Regal Pillow":37,"CeramicFish":45,"Vajra":32,"Ginger":64,"Ancient Tea Set":29,"Cursed Key":48,"Burning Blood":0,"ClockworkSouvenir":84,"Centennial Puzzle":35,"Dream Catcher":42,"TheAbacus":6,"Strawberry":19,"Pantograph":32,"Tiny Chest":34,"Red Skull":87,"Potion Belt":37,"Happy Flower":70,"Self Forming Clay":61,"Oddly Smooth Stone":87,"Pen Nib":15,"The Courier":55,"Omamori":45,"War Paint":10,"Medical Kit":49,"Akabeko":61,"Mercury Hourglass":34,"OrangePellets":19,"Anchor":64,"Bronze Scales":42,"Molten Egg 2":8,"Black Star":27,"Art of War":55,"TungstenRod":64}],"TungstenRod":2},"card_choices":[{"not_picked":["Flying Knee","Calculated Gamble","Uppercut"],"picked":"SKIP","floor":1},{"not_picked":["Wild Strike","FlyingSleeves","Expertise"],"picked":"SKIP","floor":2},{"not_picked":["Underhanded Strike","Wireheading","Spot Weakness"],"picked":"SKIP","floor":4},{"not_picked":["Compile Driver+1","Distraction","CarveReality+1"],"picked":"SKIP","floor":7},{"not_picked":["Melter+1","Whirlwind+1","Heavy Blade+1"],"picked":"SKIP","floor":8},{"not_picked":["Rebound+1","All For One+1","Finisher+1"],"picked":"SKIP","floor":11},{"not_picked":["Leg Sweep","Chill","EmptyFist+1"],"picked":"SKIP","floor":12},{"not_picked":["Protect","Indignation","Gash+1"],"picked":"SKIP","floor":13},{"not_picked":["A Thousand Cuts","Multi-Cast"],"picked":"Scrawl","floor":16},{"not_picked":["Blood for Blood+1","SandsOfTime+1","PiercingWail"],"picked":"SKIP","floor":18},{"not_picked":["Fire Breathing","BowlingBash+1","Turbo+1"],"picked":"SKIP","floor":21},{"not_picked":["Defragment","Adaptation","Blizzard+1"],"picked":"SKIP","floor":23},{"not_picked":["Slice+1","Crescendo","Gash+1"],"picked":"SKIP","floor":24},{"not_picked":["Eviscerate+1","BootSequence","Tantrum+1"],"picked":"SKIP","floor":27},{"not_picked":["Headbutt+1","Power Through+1","Vault"],"picked":"SKIP","floor":28},{"not_picked":["Turbo","Aggregate","Acrobatics"],"picked":"SKIP","floor":29},{"not_picked":["Redo","JustLucky+1","Pommel Strike+1"],"picked":"SKIP","floor":30},{"not_picked":["Caltrops","FlyingSleeves+1","SashWhip+1"],"picked":"SKIP","floor":31},{"not_picked":["Glacier","Shrug It Off","MentalFortress"],"picked":"SKIP","floor":35},{"not_picked":["Evaluate","JustLucky+1","Leap+1"],"picked":"SKIP","floor":38},{"not_picked":["Evaluate","JustLucky+1","Leap+1"],"picked":"SKIP","floor":38},{"not_picked":["Disarm","Masterful Stab+1","Genetic Algorithm"],"picked":"SKIP","floor":39},{"not_picked":["Expertise","Evaluate","Wild Strike+1"],"picked":"SKIP","floor":40},{"not_picked":["Crescendo","Sucker Punch+1","FlyingSleeves+1"],"picked":"SKIP","floor":42},{"not_picked":["Seek","Meditate+1","Barrage+1"],"picked":"SKIP","floor":45},{"not_picked":["FearNoEvil+1","EmptyFist+1","DeusExMachina"],"picked":"SKIP","floor":47},{"not_picked":["Leap","Hyperbeam+1","Whirlwind+1"],"picked":"SKIP","floor":55}],"player_experience":1654380,"relics_obtained":[{"floor":7,"key":"Molten Egg 2"},{"floor":9,"key":"War Paint"},{"floor":12,"key":"Pen Nib"},{"floor":13,"key":"Strawberry"},{"floor":21,"key":"Vajra"},{"floor":21,"key":"Pantograph"},{"floor":23,"key":"Mercury Hourglass"},{"floor":23,"key":"Tiny Chest"},{"floor":26,"key":"Centennial Puzzle"},{"floor":27,"key":"Regal Pillow"},{"floor":27,"key":"Potion Belt"},{"floor":29,"key":"Bronze Scales"},{"floor":29,"key":"Dream Catcher"},{"floor":31,"key":"CeramicFish"},{"floor":31,"key":"Omamori"},{"floor":38,"key":"The Courier"},{"floor":38,"key":"Art of War"},{"floor":40,"key":"Akabeko"},{"floor":40,"key":"Self Forming Clay"},{"floor":42,"key":"TungstenRod"},{"floor":42,"key":"Ginger"},{"floor":44,"key":"Anchor"},{"floor":47,"key":"Darkstone Periapt"},{"floor":47,"key":"Happy Flower"},{"floor":55,"key":"Red Skull"},{"floor":55,"key":"Oddly Smooth Stone"}],"event_choices":[{"damage_healed":0,"gold_gain":50,"player_choice":"Touch","damage_taken":7,"max_hp_gain":0,"max_hp_loss":0,"event_name":"FaceTrader","floor":3,"gold_loss":0},{"cards_removed":["Sweeping Beam"],"damage_healed":0,"gold_gain":0,"player_choice":"Gave Gold","damage_taken":0,"max_hp_gain":0,"max_hp_loss":0,"event_name":"Beggar","floor":19,"gold_loss":75},{"damage_healed":0,"gold_gain":0,"player_choice":"Gave Potion","damage_taken":0,"relics_obtained":["Ancient Tea Set"],"max_hp_gain":0,"max_hp_loss":0,"event_name":"WeMeetAgain","floor":20,"gold_loss":0},{"damage_healed":0,"gold_gain":0,"player_choice":"Ignored","damage_taken":0,"max_hp_gain":0,"max_hp_loss":0,"event_name":"Vampires","floor":22,"gold_loss":0},{"damage_healed":0,"gold_gain":0,"cards_transformed":["Finisher"],"player_choice":"Transformed","damage_taken":0,"max_hp_gain":0,"max_hp_loss":0,"event_name":"Transmorgrifier","floor":37,"gold_loss":0,"cards_obtained":["Creative AI"]}],"is_beta":false,"boss_relics":[{"not_picked":["Ectoplasm","SlaversCollar"],"picked":"Black Star"},{"not_picked":["Philosopher\u0027s Stone","Runic Dome"],"picked":"Cursed Key"}],"items_purged_floors":[48],"is_endless":false,"potions_floor_spawned":[2,7,8,12,18,21,24,29,31,38,40,47],"ascension_level":20}}