{"host":"uceopoba4zvqsgiy","time":1609907833,"event":{"mods":["Act Like it!","BaseMod","Better Skull","Better Third Choice","Elementarium","Evolution","GifTheSpireLib","Hermit","Humility","Infinite Spire","Jorbs\u0027s Wanderer Trilogy","Marked Mod","Minty Spire (QoL Compilation)","Potionbrewer","Replay The Spire","Robot Space Explorer","Shade Mod","Spicy Shops","StSLib","Stuff the Spire","The Blue Laboratory","The Caster","The Cursed","The Dragon Tamer","The Hierophant","The Judge","The Jungle","Wandering Minibosses"],"gold_per_floor":[119,119,119,138,154,198,214,214,261,261,280,240,240],"floor_reached":12,"playtime":694,"items_purged":[],"score":84,"play_id":"e528efbc-fef6-437c-847c-27bce057c924","local_time":"20210106150713","is_ascension_mode":true,"campfire_choices":[{"floor":8,"key":"REST"},{"floor":10,"key":"REST"}],"circlet_count":0,"master_deck":["Strike_R","Strike_R","Strike_R","Strike_R","Strike_R","Defend_R","Defend_R","Defend_R","Defend_R","Bash","StuffTheSpire:RagingBull","Fire Breathing","Fiend Fire","Dark Embrace","Whirlwind"],"relics":["Burning Blood","EVO:Axolotl","NeowsBlessing","Golden Idol","Blue Candle","potionbrewer:Torch"],"acts_visited":["Exordium"],"potions_floor_usage":[4,12],"damage_taken":[{"damage":0,"enemies":"2 Louse","floor":1,"turns":1},{"damage":0,"enemies":"Jaw Worm","floor":4,"turns":1},{"damage":0,"enemies":"Small Slimes","floor":5,"turns":2},{"damage":66,"enemies":"Lagavulin","floor":6,"turns":8},{"damage":9,"enemies":"3 Louse","floor":7,"turns":4},{"damage":24,"enemies":"Exordium Wildlife","floor":11,"turns":5},{"damage":50,"enemies":"Gremlin Nob","floor":12,"turns":3}],"seed_played":"5017660747712915409","potions_obtained":[{"floor":1,"key":"blueLaboratory:EmptyBottle"},{"floor":6,"key":"potionbrewer:StunPotion"},{"floor":7,"key":"blueLaboratory:BottledHope"}],"is_trial":false,"path_per_floor":["M","?","?","M","M","E","M","R","T","R","M","E"],"character_chosen":"IRONCLAD","items_purchased":[],"campfire_rested":2,"item_purchase_floors":[],"current_hp_per_floor":[80,60,60,66,72,12,9,33,33,57,39,0,0],"gold":240,"neow_bonus":"THREE_ENEMY_KILL","is_daily":false,"chose_seed":false,"campfire_upgraded":0,"win_rate":0.0,"timestamp":1609907833,"path_taken":["M","?","?","M","M","E","M","R","T","R","M","E"],"items_purchased_type":[],"build_version":"2020-12-22","purchased_purges":0,"victory":false,"max_hp_per_floor":[80,80,80,80,80,80,80,80,80,80,80,80,80],"card_choices":[{"not_picked":["Havoc","StuffTheSpire:Slingshot"],"picked":"StuffTheSpire:RagingBull","floor":1},{"not_picked":["Warcry","Dual Wield"],"picked":"Fire Breathing","floor":4},{"not_picked":["Perfected Strike","Heavy Blade","Cleave"],"picked":"SKIP","floor":5},{"not_picked":["Iron Wave","Anger"],"picked":"Fiend Fire","floor":6},{"not_picked":["Armaments","Clothesline"],"picked":"Dark Embrace","floor":7},{"not_picked":["Heavy Blade","StuffTheSpire:Slingshot"],"picked":"Whirlwind","floor":11}],"player_experience":1591445,"relics_obtained":[{"floor":6,"key":"Blue Candle"},{"floor":9,"key":"potionbrewer:Torch"}],"event_choices":[{"damage_healed":0,"gold_gain":0,"player_choice":"Take Damage","damage_taken":20,"relics_obtained":["Golden Idol"],"max_hp_gain":0,"max_hp_loss":0,"event_name":"Golden Idol","floor":2,"gold_loss":0}],"is_beta":false,"boss_relics":[],"items_purged_floors":[],"is_endless":false,"potions_floor_spawned":[1,6,7],"killed_by":"Gremlin Nob","ascension_level":1}}