{"host":"vknm03unwrfz4wfe","time":1609946289,"event":{"mods":["Act Like it!","BaseMod","CapriCore","Downfall","Friendly Minions","Lobotomy","Minty Spire (QoL Compilation)","Prisma Mod","Reimu¡]³Õ???¡^","Remilia¡]Á¢¦Ì²ú?¡^","StSLib","SuperFastMode","The Animator","The Cursed","The Hayseed","The Runesmith","The Servant 0.9.4","WarShipGirlsR/??¤Ö¤kR mod","Yakumo Yukari mod","Yuyuko"],"gold_per_floor":[110,110,35,35,49,83,99,99,181,181,198,217,217,232,232,337,337,352,366,13,13,38,38,73,97,97,197,197,197,208,219,219,318,318,337,337,409,409,419,419,436,436,436,450,450,450,450],"floor_reached":46,"playtime":1701,"items_purged":["Writhe"],"score":488,"play_id":"27c781e3-e632-4103-bfb8-b997f64082c2","local_time":"20210106231809","is_ascension_mode":false,"campfire_choices":[{"data":"TheSimpletonMod:ReapAndSow","floor":8,"key":"SMITH"},{"data":"TheSimpletonMod:Pruning","floor":10,"key":"SMITH"},{"floor":15,"key":"REST"},{"data":"TheSimpletonMod:Potatoes","floor":23,"key":"SMITH"},{"floor":29,"key":"REST"},{"floor":32,"key":"REST"},{"floor":40,"key":"REST"},{"floor":42,"key":"REST"}],"circlet_count":0,"master_deck":["TheSimpletonMod:Strike_TheSimpleton+1","TheSimpletonMod:Strike_TheSimpleton+1","TheSimpletonMod:Defend_TheSimpleton+1","TheSimpletonMod:Defend_TheSimpleton+1","TheSimpletonMod:Defend_TheSimpleton+1","TheSimpletonMod:Defend_TheSimpleton+1","TheSimpletonMod:Haymaker","TheSimpletonMod:ReapAndSow+1","TheSimpletonMod:SlashAndBurn+1","TheSimpletonMod:Pruning+1","TheSimpletonMod:DoubleBarrel","TheSimpletonMod:PestManagement","TheSimpletonMod:Sunchoke","TheSimpletonMod:Potatoes+1","TheSimpletonMod:BuzzBomb","TheSimpletonMod:Asparagus","TheSimpletonMod:Aerate+1","TheSimpletonMod:Potatoes","TheSimpletonMod:Potatoes","TheSimpletonMod:Germinate","TheSimpletonMod:PestManagement+1","TheSimpletonMod:SlashAndBurn","TheSimpletonMod:VolatileFumes","TheSimpletonMod:Fertilaser+1","TheSimpletonMod:Potatoes+1","TheSimpletonMod:Innovate","TheSimpletonMod:Swelter+1"],"relics":["TheSimpletonMod:SpudOfTheInnocent","TheSimpletonMod:NightSoil","TheSimpletonMod:TheHarvester","Lizard Tail","Bronze Scales","NlothsMask","SacredBark","Ice Cream","ScarletDevilRocket","Ancient Tea Set","TheSimpletonMod:HotPotato","WristBlade","Sundial","CaptainsWheel"],"acts_visited":["Exordium","TheCity","TheBeyond"],"potions_floor_usage":[16,16,16,31,41],"damage_taken":[{"damage":8,"enemies":"Cultist","floor":1,"turns":5},{"damage":1,"enemies":"Jaw Worm","floor":5,"turns":4},{"damage":30,"enemies":"3 Sentries","floor":6,"turns":9},{"damage":2,"enemies":"Small Slimes","floor":7,"turns":3},{"damage":9,"enemies":"Exordium Wildlife","floor":11,"turns":3},{"damage":7,"enemies":"Blue Slaver","floor":12,"turns":3},{"damage":6,"enemies":"2 Fungi Beasts","floor":14,"turns":2},{"damage":25,"enemies":"The Guardian","floor":16,"turns":4},{"damage":10,"enemies":"Chosen","floor":18,"turns":3},{"damage":14,"enemies":"3 Byrds","floor":19,"turns":4},{"damage":39,"enemies":"Book of Stabbing","floor":24,"turns":5},{"damage":16,"enemies":"3 Cultists","floor":30,"turns":5},{"damage":26,"enemies":"Snake Plant","floor":31,"turns":4},{"damage":96,"enemies":"Automaton","floor":33,"turns":12},{"damage":40,"enemies":"3 Darklings","floor":35,"turns":4},{"damage":23,"enemies":"3 Shapes","floor":39,"turns":4},{"damage":33,"enemies":"Transient","floor":41,"turns":5},{"damage":30,"enemies":"4 Shapes","floor":44,"turns":6},{"damage":2,"enemies":"3 Darklings","floor":46,"turns":1}],"seed_played":"1906750518431159762","potions_obtained":[{"floor":7,"key":"Weak Potion"},{"floor":12,"key":"BlessingOfTheForge"},{"floor":14,"key":"FearPotion"},{"floor":19,"key":"Fire Potion"},{"floor":33,"key":"Guardian:BlockOnCardUsePotion"},{"floor":44,"key":"TheSimpletonMod:AbundancePotion"}],"is_trial":false,"path_per_floor":["M","?","$","?","M","E","M","R","T","R","M","M","?","M","R","B",null,"M","M","$","?","T","R","E","T","T","?","$","R","M","M","R","B",null,"M","?","T","?","M","R","M","R","T","M","?","M"],"character_chosen":"THE_SIMPLETON","items_purchased":["Ice Cream","TheSimpletonMod:Potatoes"],"campfire_rested":5,"item_purchase_floors":[20,20],"current_hp_per_floor":[67,67,67,67,66,40,38,38,38,38,29,26,26,20,42,21,75,65,55,55,55,55,55,16,16,16,16,16,38,26,4,26,5,75,35,35,35,35,16,38,5,27,27,1,1,0,0],"gold":450,"neow_bonus":"ONE_RARE_RELIC","is_daily":false,"chose_seed":false,"campfire_upgraded":3,"win_rate":0.0,"timestamp":1609946289,"path_taken":["M","?","?","?","M","E","M","R","T","R","M","?","?","M","R","BOSS","M","M","?","?","?","R","E","?","T","?","$","R","M","M","R","BOSS","M","?","?","?","?","R","M","R","T","M","?","M"],"items_purchased_type":["Relic","Card"],"build_version":"2020-12-22","purchased_purges":1,"victory":false,"max_hp_per_floor":[75,75,75,75,75,75,75,75,75,75,75,75,75,75,75,75,75,75,75,75,75,75,75,75,75,75,75,75,75,75,75,75,75,75,75,75,75,75,75,75,75,75,75,75,75,75,75],"card_choices":[{"not_picked":["TheSimpletonMod:Fertilaser","TheSimpletonMod:Innovate"],"picked":"TheSimpletonMod:SlashAndBurn","floor":1},{"not_picked":["TheSimpletonMod:ToughenUp","TheSimpletonMod:DigIn"],"picked":"TheSimpletonMod:Pruning","floor":5},{"not_picked":["TheSimpletonMod:Corn","TheSimpletonMod:Ferment"],"picked":"TheSimpletonMod:DoubleBarrel","floor":6},{"not_picked":["TheSimpletonMod:SeedCoat","TheSimpletonMod:ToughenUp"],"picked":"TheSimpletonMod:PestManagement","floor":7},{"not_picked":["TheSimpletonMod:BumperCrop","TheSimpletonMod:ToughenUp"],"picked":"TheSimpletonMod:Sunchoke","floor":11},{"not_picked":["TheSimpletonMod:CullingStrike","TheSimpletonMod:SpiceUp"],"picked":"TheSimpletonMod:Potatoes","floor":12},{"not_picked":["TheSimpletonMod:Aerate","TheSimpletonMod:Fertilaser"],"picked":"TheSimpletonMod:BuzzBomb","floor":14},{"not_picked":["TheSimpletonMod:ErosionControl","TheSimpletonMod:DesperatePlunge"],"picked":"TheSimpletonMod:Asparagus","floor":16},{"not_picked":["TheSimpletonMod:Innovate","TheSimpletonMod:Fertilaser"],"picked":"TheSimpletonMod:Aerate+1","floor":18},{"not_picked":["TheSimpletonMod:Mulch","TheSimpletonMod:OnionBloom"],"picked":"TheSimpletonMod:Potatoes","floor":19},{"not_picked":["TheSimpletonMod:Rototilling","TheSimpletonMod:Sunseed"],"picked":"TheSimpletonMod:Germinate","floor":24},{"not_picked":["TheSimpletonMod:Fertilaser","TheSimpletonMod:Ferment+1"],"picked":"TheSimpletonMod:PestManagement+1","floor":30},{"not_picked":["TheSimpletonMod:DoubleBarrel+1","TheSimpletonMod:Fertilaser"],"picked":"TheSimpletonMod:SlashAndBurn","floor":31},{"not_picked":["TheSimpletonMod:BirdFeeder","TheSimpletonMod:HitTheSack"],"picked":"TheSimpletonMod:VolatileFumes","floor":33},{"not_picked":["TheSimpletonMod:DoubleBarrel","TheSimpletonMod:CullingStrike"],"picked":"TheSimpletonMod:Fertilaser+1","floor":35},{"not_picked":["TheSimpletonMod:RootDown+1","TheSimpletonMod:PestManagement"],"picked":"TheSimpletonMod:Potatoes+1","floor":39},{"not_picked":["TheSimpletonMod:SoilSample+1","TheSimpletonMod:Sunseed"],"picked":"TheSimpletonMod:Innovate","floor":41},{"not_picked":["TheSimpletonMod:SpiceUp+1","TheSimpletonMod:Rake+1"],"picked":"TheSimpletonMod:Swelter+1","floor":44}],"player_experience":238112,"relics_obtained":[{"floor":6,"key":"Bronze Scales"},{"floor":24,"key":"ScarletDevilRocket"},{"floor":25,"key":"Ancient Tea Set"},{"floor":26,"key":"TheSimpletonMod:HotPotato"},{"floor":37,"key":"Sundial"},{"floor":43,"key":"CaptainsWheel"}],"event_choices":[{"damage_healed":0,"gold_gain":0,"player_choice":"Upgraded","damage_taken":0,"max_hp_gain":0,"max_hp_loss":0,"event_name":"Upgrade Shrine","floor":2,"gold_loss":0,"cards_upgraded":["TheSimpletonMod:SlashAndBurn"]},{"cards_removed":["TheSimpletonMod:Strike_TheSimpleton"],"damage_healed":0,"gold_gain":0,"player_choice":"Offered Basic","damage_taken":0,"max_hp_gain":0,"max_hp_loss":0,"event_name":"Bonfire Elementals","floor":4,"gold_loss":0},{"damage_healed":0,"gold_gain":0,"player_choice":"Trade","damage_taken":0,"relics_obtained":["NlothsMask"],"max_hp_gain":0,"max_hp_loss":0,"event_name":"FaceTrader","floor":13,"gold_loss":0},{"damage_healed":0,"gold_gain":0,"player_choice":"Simplicity","damage_taken":0,"max_hp_gain":0,"max_hp_loss":0,"event_name":"Back to Basics","floor":21,"gold_loss":0,"cards_upgraded":["TheSimpletonMod:Strike_TheSimpleton","TheSimpletonMod:Strike_TheSimpleton","TheSimpletonMod:Strike_TheSimpleton","TheSimpletonMod:Defend_TheSimpleton","TheSimpletonMod:Defend_TheSimpleton","TheSimpletonMod:Defend_TheSimpleton","TheSimpletonMod:Defend_TheSimpleton"]},{"damage_healed":0,"gold_gain":100,"player_choice":"Pray","damage_taken":0,"max_hp_gain":0,"max_hp_loss":0,"event_name":"Golden Shrine","floor":27,"gold_loss":0},{"cards_removed":["TheSimpletonMod:Strike_TheSimpleton"],"damage_healed":0,"gold_gain":0,"player_choice":"Removed Attack","damage_taken":0,"max_hp_gain":0,"max_hp_loss":0,"event_name":"Falling","floor":36,"gold_loss":0},{"damage_healed":0,"gold_gain":0,"player_choice":"Ignored","damage_taken":0,"max_hp_gain":0,"max_hp_loss":0,"event_name":"SecretPortal","floor":38,"gold_loss":0},{"damage_healed":0,"gold_gain":0,"player_choice":"Ignored","damage_taken":0,"max_hp_gain":0,"max_hp_loss":0,"event_name":"Tomb of Lord Red Mask","floor":45,"gold_loss":0}],"is_beta":false,"boss_relics":[{"not_picked":["Snecko Eye","Runesmith:UraniumAnvil"],"picked":"SacredBark"},{"not_picked":["Fusion Hammer","RedLine:ReiMu"],"picked":"WristBlade"}],"items_purged_floors":[3],"is_endless":false,"potions_floor_spawned":[7,12,14,19,33,44],"killed_by":"3 Darklings","ascension_level":0}}