{"host":"sdjng9zhqonqi3uc","time":1609934637,"event":{"mods":["2.2 Compatiblity","AchievementEnabler","BaseMod","BetterRewards","Colored Powertips","Hero for Fun","Minty Spire (QoL Compilation)","Shop Mod","StSLib","Td1madao Mod","The Animator","The Cursed","The Servant 0.9.4"],"gold_per_floor":[376,394,167,187,187,216,216,254,300,300,300,59,59,59,71,187,199,253,40,50,50,50,78,92,92,144,154,154,171,131,142,142,237,237,247,259,106,106,125,125,125,125],"floor_reached":41,"playtime":2994,"items_purged":["animator:Defend"],"score":524,"play_id":"aff4e1b7-6b34-4795-ab7a-e9efe20bd5dc","local_time":"20210106130357","is_ascension_mode":true,"campfire_choices":[{"floor":7,"key":"REST"},{"data":"animator:Shigure","floor":10,"key":"SMITH"},{"floor":13,"key":"REST"},{"data":"animator:Mitsuba","floor":15,"key":"SMITH"},{"data":"animator:FeridBathory","floor":25,"key":"SMITH"},{"data":"animator:KrulTepes","floor":28,"key":"SMITH"},{"floor":32,"key":"REST"},{"data":"animator:Canti","floor":40,"key":"SMITH"}],"circlet_count":0,"master_deck":["animator:Strike_OwariNoSeraph","animator:Defend_OwariNoSeraph+1","animator:Strike+1","animator:Shinoa","animator:Mikaela","animator:Mitsuba+1","animator:HiiragiShinya","animator:Shigure+1","animator:FeridBathory+1","animator:Yuuichirou","animator:Yuuichirou+1","animator:Yoichi","animator:KrulTepes+1","animator:Yoichi","animator:Shigure","animator:Envy","animator:HiiragiShinya","animator:HiiragiShinya","animator:FeridBathory","animator:Archer","animator:Canti+1","animator:Shinoa+1"],"relics":["animator:LivingPicture","animator:TheMissingPiece","animator:PurgingStone","Boot","Lizard Tail","Eternal Feather","Bag of Marbles","Mercury Hourglass","MawBank","SacredBark","animator:ShionDessert","Pantograph","Anchor","Blood Vial","animator:RacePiece","MealTicket"],"acts_visited":["Exordium","TheCity","TheBeyond"],"potions_floor_usage":[8,23,24,27,29,31,33,41],"damage_taken":[{"damage":8,"enemies":"Jaw Worm","floor":1,"turns":4},{"damage":8,"enemies":"Small Slimes","floor":2,"turns":4},{"damage":0,"enemies":"Cultist","floor":4,"turns":3},{"damage":22,"enemies":"Lagavulin","floor":6,"turns":5},{"damage":10,"enemies":"Gremlin Nob","floor":8,"turns":4},{"damage":6,"enemies":"Hexaghost","floor":16,"turns":8},{"damage":0,"enemies":"3 Byrds","floor":18,"turns":5},{"damage":1,"enemies":"Spheric Guardian","floor":20,"turns":3},{"damage":23,"enemies":"Book of Stabbing","floor":23,"turns":5},{"damage":8,"enemies":"Chosen and Byrds","floor":24,"turns":6},{"damage":12,"enemies":"Shelled Parasite and Fungi","floor":27,"turns":5},{"damage":14,"enemies":"Snecko","floor":29,"turns":4},{"damage":0,"enemies":"Cultist and Chosen","floor":31,"turns":4},{"damage":88,"enemies":"Champ","floor":33,"turns":11},{"damage":6,"enemies":"Orb Walker","floor":35,"turns":4},{"damage":0,"enemies":"3 Shapes","floor":36,"turns":3},{"damage":21,"enemies":"Sphere and 2 Shapes","floor":39,"turns":5},{"damage":73,"enemies":"Nemesis","floor":41,"turns":6}],"seed_played":"-3241411913813878443","potions_obtained":[{"floor":4,"key":"Block Potion"},{"floor":6,"key":"Swift Potion"},{"floor":8,"key":"Block Potion"},{"floor":16,"key":"Strength Potion"},{"floor":18,"key":"FearPotion"},{"floor":23,"key":"Weak Potion"},{"floor":24,"key":"Weak Potion"},{"floor":27,"key":"Dexterity Potion"},{"floor":35,"key":"BlessingOfTheForge"},{"floor":39,"key":"BlessingOfTheForge"}],"is_trial":false,"path_per_floor":["M","M","$","M","?","E","R","E","T","R","?","$","R","?","R","B",null,"M","$","M","?","$","E","M","R","T","M","R","M","?","M","R","B",null,"M","M","$","?","M","R","E"],"character_chosen":"THE_ANIMATOR","items_purchased":["Boot","Mercury Hourglass","animator:ShionDessert","animator:Yuuichirou","MealTicket"],"campfire_rested":3,"item_purchase_floors":[3,12,19,19,37],"current_hp_per_floor":[52,44,44,44,32,11,29,19,19,25,18,18,42,39,45,40,57,57,57,58,64,64,41,33,42,42,30,39,25,25,25,53,13,51,47,49,49,49,30,42,0,0],"gold":125,"neow_bonus":"TWO_FIFTY_GOLD","is_daily":false,"chose_seed":false,"campfire_upgraded":5,"win_rate":0.0,"timestamp":1609934637,"path_taken":["M","M","$","M","?","E","R","E","T","R","?","$","R","?","R","BOSS","M","$","M","?","?","E","M","R","T","?","R","M","?","M","R","BOSS","M","M","?","?","M","R","E"],"items_purchased_type":["Relic","Relic","Relic","Card","Relic"],"build_version":"2020-12-22","purchased_purges":1,"victory":false,"max_hp_per_floor":[60,60,60,60,60,61,61,61,61,61,61,61,61,61,61,62,62,62,62,64,64,64,64,64,64,64,64,64,64,64,64,64,64,64,64,64,64,64,64,64,64,64],"card_choices":[{"not_picked":["animator:Priestess","animator:LizardPriest"],"picked":"animator:Mitsuba","floor":1},{"not_picked":["animator:Arpeggio","animator:Witch","animator:MaesHughes"],"picked":"SKIP","floor":2},{"not_picked":["animator:Bozes","animator:Kuribayashi"],"picked":"animator:RoryMercury","floor":4},{"not_picked":["animator:Mikaela","animator:Mitsuba"],"picked":"animator:HiiragiShinya","floor":6},{"not_picked":["animator:YaoHaDucy","animator:PandorasActor"],"picked":"animator:Shigure","floor":8},{"not_picked":["animator:Rimuru","animator:GoblinSlayer"],"picked":"animator:FeridBathory","floor":16},{"not_picked":["animator:Kaijin+1","animator:Souei"],"picked":"animator:Yuuichirou","floor":18},{"not_picked":["animator:Add","animator:Bozes"],"picked":"animator:Yoichi","floor":20},{"not_picked":["animator:Yoichi","animator:Shigure"],"picked":"animator:KrulTepes","floor":23},{"not_picked":["animator:Illya","animator:Berserker","animator:Sloth"],"picked":"SKIP","floor":24},{"not_picked":["animator:Priestess+1","animator:RinTohsaka"],"picked":"animator:Yoichi","floor":27},{"not_picked":["animator:Mikaela","animator:Ara","animator:Kaijin"],"picked":"SKIP","floor":29},{"not_picked":["animator:Shinoa","animator:Mitsuba"],"picked":"animator:Shigure","floor":31},{"not_picked":["animator:PinaCoLada","animator:FeridBathory"],"picked":"animator:Envy","floor":33},{"not_picked":["animator:Witch","animator:Mikaela"],"picked":"animator:Archer","floor":35},{"not_picked":["animator:Hakurou+1","animator:Berserker","animator:Spearman"],"picked":"SKIP","floor":36},{"not_picked":["animator:NononJakuzure","animator:Cirno"],"picked":"animator:Canti","floor":38},{"not_picked":["animator:Lu+1","animator:GuildGirl"],"picked":"animator:Shinoa+1","floor":39}],"player_experience":280852,"relics_obtained":[{"floor":6,"key":"Lizard Tail"},{"floor":8,"key":"Eternal Feather"},{"floor":9,"key":"Bag of Marbles"},{"floor":23,"key":"Pantograph"},{"floor":26,"key":"Anchor"},{"floor":33,"key":"Blood Vial"}],"event_choices":[{"damage_healed":0,"gold_gain":0,"player_choice":"Entered Light","damage_taken":12,"max_hp_gain":0,"max_hp_loss":0,"event_name":"Shining Light","floor":5,"gold_loss":0,"cards_upgraded":["animator:Defend_OwariNoSeraph","animator:Strike"]},{"cards_removed":["animator:Strike"],"damage_healed":0,"gold_gain":0,"player_choice":"Card Removal","damage_taken":7,"max_hp_gain":0,"max_hp_loss":0,"event_name":"Golden Wing","floor":11,"gold_loss":0},{"damage_healed":0,"gold_gain":0,"player_choice":"Success","damage_taken":3,"relics_obtained":["MawBank"],"max_hp_gain":0,"max_hp_loss":0,"event_name":"Scrap Ooze","floor":14,"gold_loss":0},{"cards_removed":["animator:RoryMercury"],"damage_healed":6,"gold_gain":0,"player_choice":"Offered Uncommon","damage_taken":0,"max_hp_gain":0,"max_hp_loss":0,"event_name":"Bonfire Elementals","floor":21,"gold_loss":0},{"damage_healed":0,"gold_gain":0,"player_choice":"Upgrade","damage_taken":0,"max_hp_gain":0,"max_hp_loss":0,"event_name":"Designer","floor":30,"gold_loss":40,"cards_upgraded":["animator:Yuuichirou"]},{"damage_healed":0,"gold_gain":0,"player_choice":"Memory 1","damage_taken":0,"max_hp_gain":0,"max_hp_loss":0,"event_name":"SensoryStone","floor":38,"gold_loss":0}],"is_beta":false,"boss_relics":[{"not_picked":["Tiny House","animator:HolyGrailRelic"],"picked":"SacredBark"},{"not_picked":["SlaversCollar","Runic Dome"],"picked":"animator:RacePiece"}],"items_purged_floors":[3],"is_endless":false,"potions_floor_spawned":[4,6,8,16,18,23,24,27,35,39],"killed_by":"Nemesis","ascension_level":5}}