{"host":"a0paspe0zwqgzttz","time":1609901630,"event":{"mods":["AchievementEnabler","Act Like it!","BaseMod","BetterRewards","Colored Powertips","Conspire","Downfall","GifTheSpireLib","Hermit","Highlight Path","Lobotomy","Marisa????????","Minty Spire (QoL Compilation)","Quick Restart","Replay The Spire","Robot Space Explorer","Shop Mod","StSLib","SuperFastMode","The Bug Knight","The Construct","The Cursed","The Hierophant","The Jungle","The Mystic","The Necromancer","The Runesmith","The Senshi","The Servant 0.9.4"],"gold_per_floor":[115,140,140,39,60,60,90,107,107,107,129,153,255,265,265,374,374,394,23,23,23,23],"floor_reached":21,"playtime":819,"items_purged":[],"score":181,"play_id":"2970af68-dc22-48c0-81e4-5f3f3a825d3a","local_time":"20210105215350","is_ascension_mode":false,"campfire_choices":[{"data":"hermit:Grudge","floor":6,"key":"SMITH"},{"floor":10,"key":"REST"},{"floor":15,"key":"REST"}],"circlet_count":0,"master_deck":["hermit:Strike_Hermit","hermit:Strike_Hermit","hermit:Strike_Hermit","hermit:Strike_Hermit","hermit:Defend_Hermit","hermit:Defend_Hermit","hermit:Defend_Hermit","hermit:Defend_Hermit","hermit:Snapshot","hermit:Covet","hermit:Purgatory","hermit:Scavenge","hermit:Grudge+1","hermit:Magnum","Pain","hermit:HoleUp","hermit:Determination","hermit:Determination","hermit:Misfire","hermit:Headshot","hermit:ShadowCloak","hermit:Manifest","hermit:FinalCanter","ReplayTheSpireMod:Splinters","hermit:BodyArmor","hermit:BodyArmor","hermit:Coalescence","hermit:LuckOfTheDraw","hermit:Dissolve","hermit:Spite","Midas Touch","expansioncontent:TimeRipple+1"],"relics":["hermit:Momento","Vajra","construct:WeddingRing","Strange Spoon","Nloth\u0027s Gift"],"acts_visited":["Exordium","TheCity"],"potions_floor_usage":[8,16,16],"damage_taken":[{"damage":20,"enemies":"Small Slimes","floor":1,"turns":1},{"damage":0,"enemies":"Cultist","floor":2,"turns":4},{"damage":1,"enemies":"Jaw Worm","floor":5,"turns":4},{"damage":20,"enemies":"Lagavulin","floor":7,"turns":6},{"damage":18,"enemies":"Exordium Thugs","floor":8,"turns":4},{"damage":12,"enemies":"Exordium Wildlife","floor":11,"turns":7},{"damage":9,"enemies":"Lots of Slimes","floor":12,"turns":3},{"damage":2,"enemies":"Blue Slaver","floor":14,"turns":3},{"damage":21,"enemies":"Hexaghost","floor":16,"turns":13},{"damage":37,"enemies":"Shell Parasite","floor":18,"turns":8},{"damage":35,"enemies":"3 Byrds","floor":21,"turns":2}],"seed_played":"-4775157713266429305","potions_obtained":[{"floor":1,"key":"sneckomod:MuddlingPotion"},{"floor":7,"key":"PowerPotion"},{"floor":12,"key":"SkillPotion"},{"floor":16,"key":"Elixir"}],"is_trial":false,"path_per_floor":["M","M","?","$","M","R","E","M","T","R","M","M","?","M","R","B",null,"M","$","?","M"],"character_chosen":"HERMIT","items_purchased":["hermit:HoleUp","hermit:Determination","Strange Spoon","Midas Touch","expansioncontent:TimeRipple+1"],"campfire_rested":2,"item_purchase_floors":[4,4,19,19,19],"current_hp_per_floor":[48,48,48,48,47,47,27,9,9,29,17,8,8,6,26,5,68,31,31,31,0,0],"gold":23,"neow_bonus":"THREE_RARE_CARDS","is_daily":false,"chose_seed":false,"campfire_upgraded":1,"win_rate":0.0,"timestamp":1609901630,"path_taken":["M","M","?","$","M","R","E","?","T","R","M","M","?","M","R","BOSS","M","$","?","?"],"items_purchased_type":["Card","Card","Relic","Card","Card"],"build_version":"2020-12-22","purchased_purges":0,"victory":false,"max_hp_per_floor":[68,68,68,68,68,68,68,68,68,68,68,68,68,68,68,68,68,68,68,68,68,68],"card_choices":[{"not_picked":["hermit:Magnum","hermit:BlackWind"],"picked":"hermit:Purgatory","floor":0},{"not_picked":["hermit:TakeAim","hermit:Glare"],"picked":"hermit:Scavenge","floor":1},{"not_picked":["hermit:HoleUp","hermit:CursedWeapon"],"picked":"hermit:Grudge","floor":2},{"not_picked":["hermit:Headshot","hermit:TrackingShot"],"picked":"hermit:Misfire","floor":5},{"not_picked":["hermit:Combo","hermit:Ricochet"],"picked":"hermit:Headshot","floor":7},{"not_picked":["hermit:Feint","hermit:SprayPray"],"picked":"hermit:ShadowCloak","floor":8},{"not_picked":["hermit:Vantage","hermit:LoneWolf"],"picked":"hermit:Manifest","floor":11},{"not_picked":["hermit:Headshot","hermit:Maintenance"],"picked":"hermit:FinalCanter","floor":12},{"not_picked":["hermit:SprayPray","hermit:Brawl"],"picked":"hermit:BodyArmor","floor":13},{"not_picked":["hermit:Misfire","hermit:Snipe"],"picked":"hermit:BodyArmor","floor":13},{"not_picked":["hermit:HighCaliber","hermit:Desperado"],"picked":"hermit:Coalescence","floor":13},{"not_picked":["hermit:Shortfuse","hermit:LoneWolf"],"picked":"hermit:LuckOfTheDraw","floor":14},{"not_picked":["hermit:Reprieve","hermit:FromBeyond"],"picked":"hermit:Dissolve","floor":16},{"not_picked":["hermit:LuckOfTheDraw","hermit:Vantage+1"],"picked":"hermit:Spite","floor":18}],"player_experience":388298,"relics_obtained":[{"floor":7,"key":"Blue Doll"},{"floor":9,"key":"Vajra"}],"event_choices":[{"damage_healed":0,"gold_gain":0,"player_choice":"2 cards matched","damage_taken":0,"max_hp_gain":0,"max_hp_loss":0,"event_name":"Match and Keep!","floor":3,"gold_loss":0,"cards_obtained":["hermit:Magnum","Pain"]},{"damage_healed":0,"gold_gain":0,"player_choice":"Traded Relic","damage_taken":0,"relics_obtained":["Nloth\u0027s Gift"],"max_hp_gain":0,"max_hp_loss":0,"event_name":"N\u0027loth","floor":20,"relics_lost":["Blue Doll"],"gold_loss":0}],"is_beta":false,"boss_relics":[{"not_picked":["Painkiller Herb","Runesmith:UraniumAnvil"],"picked":"construct:WeddingRing"}],"items_purged_floors":[],"is_endless":false,"potions_floor_spawned":[1,7,12,16],"killed_by":"3 Byrds","ascension_level":0}}