{"host":"17xjy7b7ubl548g2","time":1609914869,"event":{"mods":["2.2 Compatiblity","Act Like it!","Aspiration","Astrologer","Bard","BaseMod","Bestiary","Challenge The Spire","ChefMod","Colored Map","Conspire","Elementarium","Energized Spire","Gensokyo","GifTheSpireLib","Halation","Hallownest","Hubris","Infinite Spire","Jedi Mod","Jorbs\u0027s Wanderer Trilogy","Marisa（霧雨　魔理沙）","Marked Mod","Menagerie","Minty Spire (QoL Compilation)","Pale of the Ancients","Permanent Neow","Puzzle Mod","Replay The Spire","Robot Space Explorer","Spicy Shops","StSLib","Stuff the Spire","The Blue Laboratory","The Bug Knight","The Construct","The Disciple","The Factory","The Hayseed","The Hierophant","The Marked","The Runesmith","The Sage","TheFirefly"],"gold_per_floor":[117,117,117,132,132,160,160,193,193,213,213,227,261,274,274,352,352,370,382,382,396,413,413,424,76,153,182,182,432,432,432,432,508,508,525,525,137,137,147,147,176,176,199,199,214,124,151,151,151,151],"floor_reached":51,"playtime":4016,"items_purged":["Strike_P","Strike_P","jedi:BattleThirst"],"score":1416,"play_id":"742ca04a-6dc9-4cb1-b789-811df1c47be0","local_time":"20210106013429","is_ascension_mode":true,"campfire_choices":[{"data":"Eruption","floor":7.0,"key":"SMITH"},{"data":"EmptyFist","floor":11.0,"key":"SMITH"},{"data":"Vigilance","floor":15.0,"key":"SMITH"},{"data":"Devotion","floor":23,"key":"SMITH"},{"floor":30,"key":"REST"},{"data":"Gensokyo:RedCapeBlueCape","floor":32,"key":"SMITH"},{"floor":40,"key":"REST"},{"data":"infinitespire:Gouge","floor":44,"key":"SMITH"},{"data":"ReachHeaven","floor":49,"key":"SMITH"}],"circlet_count":0,"master_deck":["AscendersBane","astrologer:Cataclysm+1","Strike_P","Strike_P","Defend_P","Defend_P","Defend_P","Defend_P+1","Eruption+1","Vigilance+1","DeceiveReality+1","Consecrate","infinitespire:Starlight","Halt","EmptyFist+1","Consecrate","ReachHeaven+1","BowlingBash","infinitespire:Collect","Devotion+1","FollowUp","DeceiveReality","Gensokyo:RedCapeBlueCape+1","ClearTheMind+1","Brilliance","ThirdEye+1","Gensokyo:RPG","Prostrate+1","Halt+1","infinitespire:Gouge+1","Gensokyo:CustomPotion"],"relics":["PureWater","Blue Candle","War Paint","Ancient Tea Set","Potion Belt","halation:SmartPhone","infinitespire:Cupcake","HollowMod:JonisBlessing","Toxic Egg 2","Juzu Bracelet","Eternal Feather","hubris:Icosahedron","VioletLotus","infinitespire:EmpoweringShard","TungstenRod","Akabeko","aspiration:Lifesprig","jedi:crownofsimplicity"],"acts_visited":["Exordium","Gensokyo:Gensokyo","Gensokyo:Gensokyoer"],"potions_floor_usage":[16,22,41,47,50,50],"damage_taken":[{"damage":0.0,"enemies":"Gensokyo:Python","floor":1.0,"turns":3.0},{"damage":0.0,"enemies":"Gensokyo:3_Fairies","floor":4.0,"turns":3.0},{"damage":5.0,"enemies":"Gensokyo:Cirno","floor":6.0,"turns":6.0},{"damage":18.0,"enemies":"Gensokyo:Aya","floor":8.0,"turns":3.0},{"damage":6.0,"enemies":"Gensokyo:Gryphon","floor":10.0,"turns":4.0},{"damage":0.0,"enemies":"Gensokyo:VengefulSpirit","floor":12.0,"turns":5.0},{"damage":15.0,"enemies":"Gensokyo:Cirno","floor":13.0,"turns":5.0},{"damage":5.0,"enemies":"Gensokyo:Gryphon_and_Rabbit","floor":14.0,"turns":2.0},{"damage":19,"enemies":"Gensokyo:Yukari","floor":16,"turns":7},{"damage":9,"enemies":"Gensokyo:CosmicMonolith","floor":18,"turns":3},{"damage":18,"enemies":"Gensokyo:3_Dogs","floor":19,"turns":2},{"damage":0,"enemies":"Gensokyo:Chomper_and_Gloop","floor":21,"turns":1},{"damage":18,"enemies":"Gensokyo:Slime_Group","floor":22,"turns":5},{"damage":0,"enemies":"Gensokyo:Monolith_and_Dog","floor":24,"turns":3},{"damage":0,"enemies":"Gensokyo:Reisen","floor":27,"turns":6},{"damage":20,"enemies":"Gensokyo:Eternal_Rivals","floor":33,"turns":8},{"damage":0,"enemies":"Gensokyo:3_Boulders","floor":35,"turns":3},{"damage":16,"enemies":"Gensokyo:AncientGuardian","floor":39,"turns":5},{"damage":0,"enemies":"Gensokyo:Kasen","floor":41,"turns":5},{"damage":0,"enemies":"Gensokyo:3_Boulders","floor":45,"turns":5},{"damage":0,"enemies":"Gensokyo:Doremy","floor":47,"turns":6},{"damage":0,"enemies":"Gensokyo:Yuyuko","floor":50,"turns":5}],"seed_played":"-6671914634870414850","potions_obtained":[{"floor":4.0,"key":"SteroidPotion"},{"floor":12.0,"key":"blueLaboratory:FruitPunch"},{"floor":14.0,"key":"blueLaboratory:HorrorPotion"},{"floor":16,"key":"jedi:holywater"},{"floor":18,"key":"blueLaboratory:FruitPunch"},{"floor":21,"key":"blueLaboratory:EpiphanyPotion"},{"floor":33,"key":"blueLaboratory:HorrorPotion"},{"floor":45,"key":"jedi:StrikingPotion"},{"floor":47,"key":"blueLaboratory:HummingbirdPotion"}],"is_trial":false,"path_per_floor":["M","?","?","M","?","E","R","E","T","M","R","M","E","M","R","B",null,"M","M","AVR","M","M","R","M","COS","T","E","?","?","R","?","R","B",null,"M","?","$","?","M","R","E","AVR","T","R","M","?","E","?","R","B",null],"character_chosen":"WATCHER","items_purchased":["Prostrate+1","infinitespire:EmpoweringShard"],"campfire_rested":2,"item_purchase_floors":[37,37],"current_hp_per_floor":[61,45,48,58,58,63,63,50,50,54,54,64,56,51,51,42,64,65,46,39,39,33,33,26,19,19,12,12,12,47,47,62,36,60,54,48,42,36,20,58,53,48,48,66,66,61,61,49,67,67],"gold":151,"neow_bonus":"THREE_CARDS","is_daily":false,"chose_seed":false,"campfire_upgraded":7,"win_rate":0.0,"timestamp":1609914869,"path_taken":["M","?","?","M","?","E","R","E","T","M","R","M","E","M","R","BOSS","M","M","AVR","M","?","R","M","COS","T","E","?","?","R","?","R","BOSS","M","?","$","?","M","R","E","AVR","T","R","M","?","E","?","R","BOSS"],"items_purchased_type":["Card","Relic"],"build_version":"2020-12-22","purchased_purges":3,"victory":true,"max_hp_per_floor":[68,68,68,68,68,68,68,68,68,68,68,68,71,71,71,71,71,71,71,71,71,73,73,73,73,73,73,73,68,68,68,68,68,68,68,68,68,68,68,68,68,68,68,68,68,68,68,68,68,68],"card_choices":[{"not_picked":["Adaptation","Weave"],"picked":"DeceiveReality","floor":0.0},{"not_picked":["EmptyBody","Evaluate"],"picked":"Consecrate","floor":1.0},{"not_picked":["infinitespire:DeathsTouch","infinitespire:Oblivion"],"picked":"infinitespire:Starlight","floor":2.0},{"not_picked":["CarveReality","EmptyFist"],"picked":"Halt","floor":4.0},{"not_picked":["MarkedMod:GentlePulse","Evaluate","MarkedMod:NorthStar"],"picked":"SKIP","floor":6.0},{"not_picked":["InnerPeace","Evaluate"],"picked":"EmptyFist","floor":8.0},{"not_picked":["Evaluate","JustLucky","Replay:AtTheReady"],"picked":"SKIP","floor":10.0},{"not_picked":["JustLucky","Replay:AtTheReady","InnerPeace"],"picked":"SKIP","floor":12.0},{"not_picked":["MarkedMod:GentlePulse","Collect"],"picked":"Consecrate","floor":13.0},{"not_picked":["jedi:nirvanicrebirth","SashWhip"],"picked":"ReachHeaven","floor":14.0},{"not_picked":["ConjureBlade","Omniscience"],"picked":"DevaForm","floor":16},{"not_picked":["Swivel","Replay:ManipulateFuture","CrushJoints"],"picked":"SKIP","floor":18},{"not_picked":["Consecrate","EmptyFist"],"picked":"BowlingBash","floor":19},{"not_picked":["Crescendo","WindmillStrike+1"],"picked":"Devotion","floor":21},{"not_picked":["FlyingSleeves","PathToVictory+1"],"picked":"FollowUp","floor":22},{"not_picked":["Evaluate","FlyingSleeves"],"picked":"DeceiveReality","floor":24},{"not_picked":["MarkedMod:Acupuncture","SashWhip"],"picked":"ClearTheMind+1","floor":27},{"not_picked":["DeusExMachina+1","MarkedMod:NorthStar+1"],"picked":"Brilliance","floor":33},{"not_picked":["ClearTheMind+1","Replay:AtTheReady+1"],"picked":"ThirdEye+1","floor":35},{"not_picked":["Tantrum+1","MarkedMod:ChiBlock+1","Pray+1"],"picked":"SKIP","floor":39},{"not_picked":["Replay:AtTheReady+1","Wireheading+1"],"picked":"Halt+1","floor":41},{"not_picked":["Replay:BluntJabs+1","Nirvana","Replay:ManipulateFuture+1"],"picked":"SKIP","floor":45},{"not_picked":["LikeWater","Adaptation+1","MarkedMod:GracefulMovements"],"picked":"SKIP","floor":47}],"player_experience":1689823,"relics_obtained":[{"floor":6.0,"key":"Blue Candle"},{"floor":8.0,"key":"War Paint"},{"floor":9.0,"key":"Ancient Tea Set"},{"floor":13.0,"key":"Potion Belt"},{"floor":26,"key":"Toxic Egg 2"},{"floor":27,"key":"Juzu Bracelet"},{"floor":41,"key":"Akabeko"},{"floor":43,"key":"aspiration:Lifesprig"},{"floor":47,"key":"jedi:crownofsimplicity"}],"event_choices":[],"is_beta":false,"boss_relics":[{"not_picked":["Honey Jar","aspiration:FutureDiary"],"picked":"halation:SmartPhone"},{"not_picked":["jedi:hotpepper","energizedSpire:CrystalSphere"],"picked":"VioletLotus"}],"items_purged_floors":[20,37,42],"is_endless":false,"potions_floor_spawned":[4,12,14,16,18,21,33,39,45,47],"ascension_level":17}}