{"host":"qojc688juf5ijsln","time":1609917822,"event":{"mods":["AchievementEnabler","BaseMod","BetterRewards","Colored Powertips","Highlight Path","Minty Spire (QoL Compilation)","Quick Restart","Shop Mod","StSLib"],"gold_per_floor":[111,111,11,21,38,68,83,109,185,185,198,198,208,208,208,308,308,322,421,262,281,281,281,131,164,188,113,113,113,388,413,413,516,516,531,531,531,101,121,146,166,166,166,179,209,9,29,29,29,29],"floor_reached":51,"playtime":1496,"items_purged":["Defend_R","Defend_R","Defend_R","Strike_R","Shame","Strike_R"],"score":1126,"play_id":"fdb436bc-523c-4f9b-8c5b-fce03d76159d","local_time":"20210106152342","is_ascension_mode":true,"campfire_choices":[{"floor":10.0,"key":"REST"},{"data":"Inflame","floor":12.0,"key":"SMITH"},{"floor":15.0,"key":"REST"},{"data":"Seeing Red","floor":23.0,"key":"SMITH"},{"floor":29.0,"key":"REST"},{"floor":32,"key":"REST"},{"data":"Seeing Red","floor":49,"key":"SMITH"}],"circlet_count":0,"master_deck":["Clash","Anger","Seeing Red+1","Seeing Red+1","Inflame+1","Demon Form","Whirlwind","Flex","Flex+1","Rage+1","Hemokinesis+1","Whirlwind+1","Sadistic Nature","Seeing Red+1"],"relics":["Burning Blood","Unceasing Top","Shuriken","Medical Kit","Oddly Smooth Stone","InkBottle","Toy Ornithopter","Runic Cube","Ornamental Fan","War Paint","Gambling Chip","Astrolabe","Bottled Flame","Akabeko","Blue Candle","Mercury Hourglass","Singing Bowl"],"acts_visited":["Exordium","TheCity","TheBeyond"],"potions_floor_usage":[31,40,50,50,50],"damage_taken":[{"damage":9.0,"enemies":"2 Louse","floor":1.0,"turns":3.0},{"damage":7.0,"enemies":"Jaw Worm","floor":4.0,"turns":2.0},{"damage":0.0,"enemies":"Small Slimes","floor":5.0,"turns":2.0},{"damage":3.0,"enemies":"Lagavulin","floor":6.0,"turns":3.0},{"damage":21.0,"enemies":"Exordium Thugs","floor":7.0,"turns":3.0},{"damage":44.0,"enemies":"3 Sentries","floor":8.0,"turns":6.0},{"damage":5.0,"enemies":"Looter","floor":11.0,"turns":2.0},{"damage":0.0,"enemies":"Large Slime","floor":13.0,"turns":3.0},{"damage":0.0,"enemies":"Slime Boss","floor":16.0,"turns":4.0},{"damage":24.0,"enemies":"3 Byrds","floor":18.0,"turns":4.0},{"damage":12.0,"enemies":"Chosen","floor":21.0,"turns":2.0},{"damage":34.0,"enemies":"Slavers","floor":25.0,"turns":2.0},{"damage":29,"enemies":"Book of Stabbing","floor":31,"turns":3},{"damage":19,"enemies":"Collector","floor":33,"turns":4},{"damage":18,"enemies":"3 Shapes","floor":35,"turns":1},{"damage":9,"enemies":"Orb Walker","floor":39,"turns":2},{"damage":4,"enemies":"Giant Head","floor":40,"turns":3},{"damage":4,"enemies":"Spire Growth","floor":41,"turns":2},{"damage":7,"enemies":"4 Shapes","floor":44,"turns":1},{"damage":2,"enemies":"Reptomancer","floor":45,"turns":1},{"damage":0,"enemies":"Jaw Worm Horde","floor":47,"turns":1},{"damage":0,"enemies":"Awakened One","floor":50,"turns":2}],"seed_played":"3487734578288916585","potions_obtained":[{"floor":4.0,"key":"Block Potion"},{"floor":5.0,"key":"SkillPotion"},{"floor":8.0,"key":"Explosive Potion"},{"floor":13.0,"key":"Fire Potion"},{"floor":16.0,"key":"CultistPotion"},{"floor":18.0,"key":"Dexterity Potion"},{"floor":21.0,"key":"Strength Potion"},{"floor":40,"key":"Fruit Juice"},{"floor":45,"key":"ElixirPotion"}],"is_trial":false,"path_per_floor":["M","?","$","M","M","E","M","E","T","R","M","R","M","?","R","B",null,"M","?","$","M","?","R","$","E","T","?","$","R","?","E","R","B",null,"M","?","?","$","M","E","M","?","T","M","E","$","M","T","R","B",null],"character_chosen":"IRONCLAD","items_purchased":["Shuriken","Medical Kit","Whirlwind","Bottled Flame"],"campfire_rested":4,"item_purchase_floors":[0,0,20,38],"current_hp_per_floor":[77,70,70,69,75,78,63,25,25,49,50,50,56,38,62,78,80,62,62,62,56,56,56,56,28,28,28,28,52,52,34,58,45,80,68,68,68,68,65,77,79,79,79,78,82,82,85,85,85,85],"gold":29,"neow_bonus":"","is_daily":false,"chose_seed":false,"campfire_upgraded":3,"win_rate":0.0,"timestamp":1609917822,"path_taken":["M","?","$","M","M","E","M","E","T","R","M","R","M","?","R","BOSS","M","?","$","M","?","R","?","E","T","?","$","R","?","E","R","BOSS","M","?","?","$","M","E","M","?","T","M","E","$","M","?","R","BOSS"],"items_purchased_type":["Relic","Relic","Card","Relic"],"build_version":"2020-12-22","purchased_purges":6,"victory":true,"max_hp_per_floor":[80,80,80,80,80,80,80,80,80,80,80,80,80,80,80,80,80,80,80,80,80,80,80,80,80,80,80,80,80,80,80,80,80,80,80,80,80,80,80,85,85,85,85,85,85,85,85,85,85,85],"card_choices":[{"not_picked":["Shrug It Off","Clothesline"],"picked":"Clash","floor":1.0},{"not_picked":["Sword Boomerang","Pommel Strike","Iron Wave"],"picked":"SKIP","floor":4.0},{"not_picked":["Wild Strike","Iron Wave"],"picked":"Anger","floor":5.0},{"not_picked":["Heavy Blade","Anger"],"picked":"Seeing Red","floor":6.0},{"not_picked":["Disarm","Headbutt"],"picked":"Seeing Red","floor":7.0},{"not_picked":["Havoc","Clothesline","Brutality"],"picked":"SKIP","floor":8.0},{"not_picked":["Havoc","Combust"],"picked":"Inflame","floor":11.0},{"not_picked":["Cleave","Shrug It Off","True Grit"],"picked":"SKIP","floor":13.0},{"not_picked":["Corruption","Exhume"],"picked":"Demon Form","floor":16.0},{"not_picked":["Intimidate","Combust"],"picked":"Anger","floor":18.0},{"not_picked":["Hemokinesis","Pommel Strike"],"picked":"Flex","floor":21.0},{"not_picked":["Searing Blow","Rage+1"],"picked":"Flex","floor":25.0},{"not_picked":["Hemokinesis","Clothesline+1","Rampage+1"],"picked":"SKIP","floor":31},{"not_picked":["Battle Trance","Blood for Blood","True Grit"],"picked":"SKIP","floor":35},{"not_picked":["Armaments","True Grit"],"picked":"Whirlwind+1","floor":39},{"not_picked":["Power Through","True Grit+1","Juggernaut"],"picked":"SKIP","floor":40},{"not_picked":["Twin Strike+1","Shrug It Off+1","Iron Wave+1"],"picked":"SKIP","floor":41},{"not_picked":["Apotheosis","Thinking Ahead"],"picked":"Sadistic Nature","floor":42},{"not_picked":["True Grit+1","Body Slam+1","Flex"],"picked":"SKIP","floor":44},{"not_picked":["Barricade","Iron Wave"],"picked":"Seeing Red","floor":45},{"not_picked":["Burning Pact","Evolve","Dropkick+1"],"picked":"SKIP","floor":47}],"player_experience":55162,"relics_obtained":[{"floor":6.0,"key":"Oddly Smooth Stone"},{"floor":9.0,"key":"InkBottle"},{"floor":25.0,"key":"Ornamental Fan"},{"floor":26.0,"key":"War Paint"},{"floor":31,"key":"Gambling Chip"},{"floor":40,"key":"Akabeko"},{"floor":43,"key":"Blue Candle"},{"floor":45,"key":"Mercury Hourglass"},{"floor":48,"key":"Singing Bowl"}],"event_choices":[{"cards_removed":["Defend_R"],"damage_healed":0.0,"max_hp_gain":0.0,"max_hp_loss":0.0,"gold_gain":0.0,"event_name":"Golden Wing","player_choice":"Card Removal","floor":2.0,"gold_loss":0.0,"damage_taken":7.0},{"damage_healed":0.0,"max_hp_gain":0.0,"max_hp_loss":0.0,"gold_gain":0.0,"event_name":"Scrap Ooze","player_choice":"Success","floor":14.0,"gold_loss":0.0,"damage_taken":18.0,"relics_obtained":["Toy Ornithopter"]},{"damage_healed":0.0,"max_hp_gain":0.0,"max_hp_loss":0.0,"gold_gain":99.0,"event_name":"Nest","player_choice":"Stole From Cult","floor":19.0,"gold_loss":0.0,"damage_taken":0.0},{"cards_removed":["Bash"],"damage_healed":0.0,"max_hp_gain":0.0,"max_hp_loss":0.0,"gold_gain":0.0,"event_name":"Back to Basics","player_choice":"Elegance","floor":22.0,"gold_loss":0.0,"damage_taken":0.0},{"cards_removed":["Strike_R"],"damage_healed":0.0,"max_hp_gain":0.0,"max_hp_loss":0.0,"gold_gain":0.0,"event_name":"Beggar","player_choice":"Gave Gold","floor":27.0,"gold_loss":75.0,"damage_taken":0.0},{"damage_healed":0.0,"max_hp_gain":0.0,"max_hp_loss":0.0,"gold_gain":275.0,"event_name":"Golden Shrine","player_choice":"Desecrate","floor":30.0,"gold_loss":0.0,"damage_taken":0.0,"cards_obtained":["Regret"]},{"damage_healed":0,"gold_gain":0,"player_choice":"Ignored","damage_taken":0,"max_hp_gain":0,"max_hp_loss":0,"event_name":"Tomb of Lord Red Mask","floor":36,"gold_loss":0},{"cards_removed":["Anger"],"damage_healed":0,"gold_gain":0,"player_choice":"Removed Attack","damage_taken":0,"max_hp_gain":0,"max_hp_loss":0,"event_name":"Falling","floor":37,"gold_loss":0},{"damage_healed":0,"gold_gain":0,"player_choice":"Memory 1","damage_taken":0,"max_hp_gain":0,"max_hp_loss":0,"event_name":"SensoryStone","floor":42,"gold_loss":0}],"is_beta":false,"boss_relics":[{"not_picked":["Ectoplasm","Calling Bell"],"picked":"Runic Cube"},{"not_picked":["Runic Pyramid","Black Blood"],"picked":"Astrolabe"}],"items_purged_floors":[0,3,20,24,38,46],"is_endless":false,"potions_floor_spawned":[4,5,8,13,16,18,21,40,45],"ascension_level":4}}