{"host":"6za4ayowsop7ft3x","time":1609934135,"event":{"mods":["AchievementEnabler","BaseMod","Bestiary","Colored Map","Colored Powertips","Curses Come First","Highlight Path","Minty Spire (QoL Compilation)","Quick Restart","StSLib"],"gold_per_floor":[109,128,147,147,147,176,176,203,203,213,248,276,276,289,289,388,388,408,458,473,486,486,486],"floor_reached":22,"playtime":831,"items_purged":[],"score":216,"play_id":"f8b4ed13-0fbe-4599-9d7b-c033cb4402ad","local_time":"20210106195535","is_ascension_mode":true,"campfire_choices":[{"floor":7,"key":"REST"},{"floor":13,"key":"REST"},{"floor":15,"key":"REST"}],"circlet_count":0,"master_deck":["Strike_G","Strike_G","Strike_G","Strike_G","Strike_G","Defend_G","Defend_G","Defend_G","Defend_G","Defend_G","Survivor","Neutralize","Backstab","Predator","Skewer","Backstab","Adrenaline","Noxious Fumes","Blade Dance","Terror","Cloak And Dagger","Envenom","Quick Slash+1","Cloak And Dagger","Skewer+1"],"relics":["Fusion Hammer","Ginger","Peace Pipe","Tingsha","Regal Pillow","Odd Mushroom"],"acts_visited":["Exordium","TheCity"],"potions_floor_usage":[21,21,21],"damage_taken":[{"damage":0,"enemies":"Small Slimes","floor":1,"turns":4},{"damage":1,"enemies":"Jaw Worm","floor":2,"turns":3},{"damage":1,"enemies":"Cultist","floor":3,"turns":3},{"damage":24,"enemies":"Lagavulin","floor":6,"turns":7},{"damage":18,"enemies":"Gremlin Nob","floor":8,"turns":4},{"damage":0,"enemies":"Red Slaver","floor":10,"turns":1},{"damage":13,"enemies":"Lagavulin","floor":11,"turns":4},{"damage":23,"enemies":"The Mushroom Lair","floor":12,"turns":3},{"damage":7,"enemies":"2 Fungi Beasts","floor":14,"turns":2},{"damage":10,"enemies":"Slime Boss","floor":16,"turns":5},{"damage":20,"enemies":"3 Byrds","floor":18,"turns":5},{"damage":17,"enemies":"Spheric Guardian","floor":20,"turns":4},{"damage":30,"enemies":"Cultist and Chosen","floor":21,"turns":6},{"damage":11,"enemies":"Snecko","floor":22,"turns":3}],"seed_played":"-1918638901715099938","potions_obtained":[{"floor":2,"key":"LiquidMemories"},{"floor":3,"key":"LiquidBronze"},{"floor":6,"key":"DistilledChaos"}],"is_trial":false,"path_per_floor":["M","M","M","?","?","E","R","E","T","M","E","?","R","M","R","B",null,"M","?","M","M","M"],"character_chosen":"THE_SILENT","items_purchased":[],"campfire_rested":3,"item_purchase_floors":[],"current_hp_per_floor":[70,69,68,68,73,49,71,53,53,53,40,17,54,47,75,65,75,55,55,38,8,0,0],"gold":486,"neow_bonus":"BOSS_RELIC","is_daily":false,"chose_seed":false,"campfire_upgraded":0,"win_rate":0.0,"timestamp":1609934135,"path_taken":["M","M","M","?","?","E","R","E","T","M","E","?","R","M","R","BOSS","M","?","?","M","M"],"items_purchased_type":[],"build_version":"2020-12-22","purchased_purges":0,"victory":false,"max_hp_per_floor":[70,70,70,70,75,75,75,75,75,75,75,75,75,75,75,75,75,75,75,75,75,75,75],"card_choices":[{"not_picked":["Deflect","Quick Slash"],"picked":"Backstab","floor":1},{"not_picked":["Deflect","Leg Sweep"],"picked":"Predator","floor":2},{"not_picked":["Expertise","Bane"],"picked":"Skewer","floor":3},{"not_picked":["Cloak And Dagger","Poisoned Stab"],"picked":"Backstab","floor":6},{"not_picked":["Distraction","Underhanded Strike"],"picked":"Adrenaline","floor":8},{"not_picked":["Deadly Poison","Skewer"],"picked":"Noxious Fumes","floor":10},{"not_picked":["Adrenaline","Setup"],"picked":"Blade Dance","floor":11},{"not_picked":["Deadly Poison","Dodge and Roll"],"picked":"Terror","floor":12},{"not_picked":["Underhanded Strike","Outmaneuver"],"picked":"Cloak And Dagger","floor":14},{"not_picked":["Burst","Doppelganger"],"picked":"Envenom","floor":16},{"not_picked":["Bane+1","Infinite Blades"],"picked":"Quick Slash+1","floor":18},{"not_picked":["Infinite Blades","Deflect"],"picked":"Cloak And Dagger","floor":20},{"not_picked":["Bane","Backflip"],"picked":"Skewer+1","floor":21}],"player_experience":38274,"relics_obtained":[{"floor":6,"key":"Ginger"},{"floor":8,"key":"Peace Pipe"},{"floor":9,"key":"Tingsha"},{"floor":11,"key":"Regal Pillow"},{"floor":12,"key":"Odd Mushroom"}],"event_choices":[{"damage_healed":0,"gold_gain":0,"player_choice":"Ignored","damage_taken":0,"max_hp_gain":0,"max_hp_loss":0,"event_name":"Golden Idol","floor":4,"gold_loss":0},{"damage_healed":0,"gold_gain":0,"player_choice":"Donut","damage_taken":0,"max_hp_gain":5,"max_hp_loss":0,"event_name":"Big Fish","floor":5,"gold_loss":0},{"damage_healed":0,"gold_gain":0,"player_choice":"Fought Mushrooms","damage_taken":0,"max_hp_gain":0,"max_hp_loss":0,"event_name":"Mushrooms","floor":12,"gold_loss":0},{"damage_healed":0,"gold_gain":100,"player_choice":"Bet on Murderer","damage_taken":0,"max_hp_gain":0,"max_hp_loss":0,"event_name":"The Joust","floor":19,"gold_loss":50}],"is_beta":false,"boss_relics":[{"not_picked":["Ectoplasm","Astrolabe","Busted Crown"]}],"items_purged_floors":[],"is_endless":false,"potions_floor_spawned":[2,3,6,8,11,14],"killed_by":"Snecko","ascension_level":1}}