{"host":"sav7uxregyirlf69","time":1609950310,"event":{"mods":["AchievementEnabler","BaseMod","Colored Map","DeckTracker","Keyboard Shortcuts","Minty Spire (QoL Compilation)","READ ME - Guardian Mod","StSLib","SuperFastMode"],"gold_per_floor":[114,39,56,66,81,81,113,113,187,221,221,221,238,248,248,327,327,345,345,270,301,112,112,129,129,129],"floor_reached":25,"playtime":438,"items_purged":["Writhe","Defend_R"],"score":447,"play_id":"8b7caacf-3edd-40e9-913a-ac911e21601d","local_time":"20210107012510","is_ascension_mode":true,"campfire_choices":[{"data":"Fire Breathing","floor":6,"key":"SMITH"},{"data":"Carnage","floor":8,"key":"SMITH"},{"data":"Shrug It Off","floor":15,"key":"SMITH"},{"floor":23,"key":"REST"}],"circlet_count":0,"master_deck":["AscendersBane","Defend_R","Defend_R","Defend_R","Bash+1","Second Wind","Carnage+1","Fire Breathing+1","Cleave","Reckless Charge","Ghostly Armor","Shrug It Off+1","Sentinel","Reckless Charge","Infernal Blade","Flame Barrier"],"relics":["Burning Blood","Mango","Pear","PreservedInsect","Sozu","Red Mask"],"acts_visited":["Exordium","TheCity"],"potions_floor_usage":[10,16,21],"damage_taken":[{"damage":6,"enemies":"2 Louse","floor":1,"turns":4},{"damage":1,"enemies":"Cultist","floor":3,"turns":3},{"damage":4,"enemies":"Small Slimes","floor":4,"turns":3},{"damage":7,"enemies":"Looter","floor":5,"turns":3},{"damage":20,"enemies":"3 Sentries","floor":7,"turns":5},{"damage":31,"enemies":"Gremlin Nob","floor":10,"turns":4},{"damage":8,"enemies":"3 Louse","floor":13,"turns":3},{"damage":8,"enemies":"Blue Slaver","floor":14,"turns":4},{"damage":32,"enemies":"The Guardian","floor":16,"turns":9},{"damage":34,"enemies":"Shell Parasite","floor":18,"turns":6},{"damage":58,"enemies":"Masked Bandits","floor":21,"turns":5},{"damage":13,"enemies":"Chosen","floor":24,"turns":4},{"damage":37,"enemies":"Slavers","floor":25,"turns":3}],"seed_played":"-8612318518001297285","potions_obtained":[{"floor":1,"key":"BloodPotion"},{"floor":4,"key":"CultistPotion"},{"floor":10,"key":"PowerPotion"},{"floor":16,"key":"Strength Potion"}],"is_trial":false,"path_per_floor":["M","$","M","M","M","R","E","R","T","E","?","?","M","M","R","B",null,"M","?","?","?","$","R","M","E"],"character_chosen":"IRONCLAD","items_purchased":["Flame Barrier"],"campfire_rested":1,"item_purchase_floors":[22],"current_hp_per_floor":[68,68,73,75,74,74,74,74,84,78,83,83,81,79,79,53,91,63,63,63,11,11,42,35,0,0],"gold":129,"neow_bonus":"TRANSFORM_TWO_CARDS","is_daily":false,"chose_seed":false,"campfire_upgraded":3,"win_rate":0.0,"timestamp":1609950310,"path_taken":["M","$","M","M","M","R","E","R","T","E","?","?","?","M","R","BOSS","M","?","?","?","?","R","M","E"],"items_purchased_type":["Card"],"build_version":"2020-12-22","purchased_purges":2,"victory":false,"max_hp_per_floor":[75,75,75,75,75,75,89,89,99,99,104,104,104,104,104,104,104,104,104,104,104,104,104,104,104,104],"card_choices":[{"not_picked":["Pommel Strike","Cleave"],"picked":"Fire Breathing","floor":1},{"not_picked":["Rupture","Perfected Strike"],"picked":"Cleave","floor":3},{"not_picked":["Headbutt","Feel No Pain"],"picked":"Reckless Charge","floor":4},{"not_picked":["Flex","Sword Boomerang"],"picked":"Ghostly Armor","floor":5},{"not_picked":["Battle Trance","Rupture"],"picked":"Shrug It Off","floor":7},{"not_picked":["True Grit","Thunderclap","Headbutt"],"picked":"SKIP","floor":10},{"not_picked":["True Grit","Spot Weakness"],"picked":"Sentinel","floor":13},{"not_picked":["Hemokinesis","Clash","Cleave"],"picked":"SKIP","floor":14},{"not_picked":["Warcry","Iron Wave","Havoc"],"picked":"SKIP","floor":18},{"not_picked":["Thunderclap","Rampage","Anger"],"picked":"SKIP","floor":24}],"player_experience":1163738,"relics_obtained":[{"floor":7,"key":"Mango"},{"floor":9,"key":"Pear"},{"floor":10,"key":"PreservedInsect"},{"floor":21,"key":"Red Mask"}],"event_choices":[{"damage_healed":0,"gold_gain":0,"player_choice":"Donut","damage_taken":0,"max_hp_gain":5,"max_hp_loss":0,"event_name":"Big Fish","floor":11,"gold_loss":0},{"damage_healed":0,"gold_gain":0,"player_choice":"Upgraded","damage_taken":0,"max_hp_gain":0,"max_hp_loss":0,"event_name":"Upgrade Shrine","floor":12,"gold_loss":0,"cards_upgraded":["Bash"]},{"damage_healed":0,"gold_gain":0,"cards_transformed":["Strike_R","Strike_R"],"player_choice":"Became Test Subject","damage_taken":0,"max_hp_gain":0,"max_hp_loss":0,"event_name":"Drug Dealer","floor":19,"gold_loss":0,"cards_obtained":["Reckless Charge","Infernal Blade"]},{"cards_removed":["Strike_R"],"damage_healed":0,"gold_gain":0,"player_choice":"Gave Gold","damage_taken":0,"max_hp_gain":0,"max_hp_loss":0,"event_name":"Beggar","floor":20,"gold_loss":75},{"damage_healed":0,"gold_gain":0,"player_choice":"Fought Bandits","damage_taken":0,"max_hp_gain":0,"max_hp_loss":0,"event_name":"Masked Bandits","floor":21,"gold_loss":0}],"is_beta":false,"boss_relics":[{"not_picked":["Ectoplasm","Philosopher\u0027s Stone"],"picked":"Sozu"}],"items_purged_floors":[2,22],"is_endless":false,"potions_floor_spawned":[1,4,10,16,21,24],"killed_by":"Slavers","ascension_level":20}}