{"host":"6pgtslebjnyv5xmi","time":1609921184,"event":{"mods":["AchievementEnabler","BaseMod","Colored Map","Minty Spire (QoL Compilation)","Rare Cards Sparkle","StSLib","SuperFastMode","everything is the same but u backflip on backflip"],"gold_per_floor":[112,128,128,128,142,142,177,352,375,386,239,272,272,284,284,382,382,394,147,246,246,264,264,139,150,196,211,211,231,231,243,243,243,243],"floor_reached":33,"playtime":1466,"items_purged":["Doubt","Strike_R","Strike_R"],"score":257,"play_id":"538b8897-cfab-48a9-8f2c-afe9d1cea1c1","local_time":"20210106171944","is_ascension_mode":false,"campfire_choices":[{"data":"Flex","floor":6,"key":"SMITH"},{"floor":13,"key":"REST"},{"floor":15,"key":"REST"},{"data":"Inflame","floor":30,"key":"SMITH"},{"floor":32,"key":"REST"}],"circlet_count":0,"master_deck":["Strike_R","Strike_R","Strike_R","Defend_R","Defend_R","Defend_R","Defend_R+1","Bash+1","Limit Break+1","Second Wind","Flex+1","Inflame+1","Sword Boomerang","Flame Barrier","Shrug It Off","Fiend Fire+1","Sword Boomerang+1","Second Wind","Feel No Pain","Ghostly Armor","Battle Trance","Evolve","Feed"],"relics":["Burning Blood"],"acts_visited":["Exordium","TheCity"],"potions_floor_usage":[16,22,29,33],"damage_taken":[{"damage":0,"enemies":"2 Louse","floor":1,"turns":3},{"damage":17,"enemies":"Jaw Worm","floor":2,"turns":5},{"damage":0,"enemies":"Small Slimes","floor":5,"turns":3},{"damage":36,"enemies":"3 Sentries","floor":7,"turns":10},{"damage":6,"enemies":"Exordium Wildlife","floor":10,"turns":3},{"damage":23,"enemies":"Lagavulin","floor":12,"turns":4},{"damage":18,"enemies":"Exordium Thugs","floor":14,"turns":6},{"damage":7,"enemies":"Slime Boss","floor":16,"turns":6},{"damage":0,"enemies":"Spheric Guardian","floor":18,"turns":3},{"damage":4,"enemies":"Shell Parasite","floor":22,"turns":3},{"damage":7,"enemies":"Snecko","floor":25,"turns":5},{"damage":24,"enemies":"Snake Plant","floor":27,"turns":4},{"damage":13,"enemies":"Chosen and Byrds","floor":29,"turns":6},{"damage":19,"enemies":"Centurion and Healer","floor":31,"turns":9},{"damage":96,"enemies":"Collector","floor":33,"turns":6}],"seed_played":"8294367541045701535","potions_obtained":[{"floor":7,"key":"Strength Potion"},{"floor":12,"key":"Explosive Potion"},{"floor":16,"key":"SmokeBomb"},{"floor":21,"key":"Energy Potion"},{"floor":21,"key":"ColorlessPotion"},{"floor":21,"key":"Fire Potion"},{"floor":25,"key":"FairyPotion"}],"is_trial":false,"path_per_floor":["M","M","?","?","M","R","E","?","T","M","$","E","R","M","R","B",null,"M","$","?","?","M","?","$","M","T","M","?","M","R","M","R","B"],"character_chosen":"IRONCLAD","items_purchased":["Flame Barrier","Second Wind","Feel No Pain"],"campfire_rested":3,"item_purchase_floors":[11,19,19],"current_hp_per_floor":[80,69,53,53,59,59,29,29,29,29,29,12,36,24,48,47,80,80,80,80,80,80,80,80,79,79,61,61,54,54,41,65,0,0],"gold":243,"neow_bonus":"ONE_RANDOM_RARE_CARD","is_daily":false,"chose_seed":false,"campfire_upgraded":2,"win_rate":0.0,"timestamp":1609921184,"path_taken":["M","M","?","?","M","R","E","?","T","?","$","E","R","M","R","BOSS","M","$","?","?","?","?","?","M","T","M","?","M","R","M","R","BOSS"],"items_purchased_type":["Card","Card","Card"],"build_version":"2020-12-22","purchased_purges":3,"victory":false,"max_hp_per_floor":[80,80,80,80,80,80,80,80,80,80,80,80,80,80,80,80,80,80,80,80,80,80,80,80,80,80,80,80,80,80,80,80,80,80],"card_choices":[{"not_picked":["Clothesline","True Grit"],"picked":"Second Wind","floor":1},{"not_picked":["Combust","Cleave"],"picked":"Flex","floor":2},{"not_picked":["Corruption","Rage"],"picked":"Inflame","floor":5},{"not_picked":["Flex","Havoc"],"picked":"Sword Boomerang","floor":7},{"not_picked":["Clothesline","True Grit","Thunderclap"],"picked":"SKIP","floor":10},{"not_picked":["Combust","True Grit"],"picked":"Shrug It Off","floor":12},{"not_picked":["Clothesline","Body Slam","Sentinel"],"picked":"SKIP","floor":14},{"not_picked":["Barricade","Corruption"],"picked":"Fiend Fire","floor":16},{"not_picked":["Seeing Red","Havoc"],"picked":"Sword Boomerang+1","floor":18},{"not_picked":["Clash","Combust"],"picked":"Ghostly Armor","floor":22},{"not_picked":["Headbutt","Perfected Strike"],"picked":"Battle Trance","floor":25},{"not_picked":["Armaments","Shockwave","Metallicize"],"picked":"SKIP","floor":27},{"not_picked":["Metallicize","Dropkick+1"],"picked":"Evolve","floor":29},{"not_picked":["Thunderclap","True Grit+1"],"picked":"Feed","floor":31}],"player_experience":750018,"relics_obtained":[],"event_choices":[{"damage_healed":0,"gold_gain":0,"player_choice":"Entered Light","damage_taken":16,"max_hp_gain":0,"max_hp_loss":0,"event_name":"Shining Light","floor":3,"gold_loss":0,"cards_upgraded":["Defend_R","Bash"]},{"damage_healed":0,"gold_gain":0,"player_choice":"Grow","damage_taken":0,"max_hp_gain":0,"max_hp_loss":0,"event_name":"Living Wall","floor":4,"gold_loss":0,"cards_upgraded":["Limit Break"]},{"damage_healed":0,"gold_gain":175,"player_choice":"AGREE","damage_taken":0,"max_hp_gain":0,"max_hp_loss":0,"event_name":"Liars Game","floor":8,"gold_loss":0,"cards_obtained":["Doubt"]},{"damage_healed":0,"gold_gain":99,"player_choice":"Stole From Cult","damage_taken":0,"max_hp_gain":0,"max_hp_loss":0,"event_name":"Nest","floor":20,"gold_loss":0},{"damage_healed":0,"gold_gain":0,"player_choice":"Got Potions","damage_taken":0,"max_hp_gain":0,"max_hp_loss":0,"event_name":"Lab","floor":21,"gold_loss":0},{"damage_healed":0,"gold_gain":0,"player_choice":"Upgraded","damage_taken":0,"max_hp_gain":0,"max_hp_loss":0,"event_name":"Upgrade Shrine","floor":23,"gold_loss":0,"cards_upgraded":["Fiend Fire"]},{"damage_healed":0,"gold_gain":0,"player_choice":"Bought 0 Potions","damage_taken":0,"max_hp_gain":0,"max_hp_loss":0,"event_name":"The Woman in Blue","floor":28,"gold_loss":0}],"is_beta":false,"boss_relics":[{"not_picked":["SlaversCollar","Ectoplasm","Mark of Pain"]}],"items_purged_floors":[11,19,24],"is_endless":false,"potions_floor_spawned":[7,12,16,25,27],"killed_by":"Collector","ascension_level":0}}