{"host":"we0tvcz4okyzqurd","time":1609898259,"event":{"mods":["BaseMod","Colored Powertips","Downfall","Hermit","Hubris","Infinite Spire","Minty Spire (QoL Compilation)","Replay The Spire","StSLib","The Jungle"],"gold_per_floor":[114,134,134,134,54,73,73,107,107,107,107,123,151,170,170,180,180,283,283,310,337,387,387,387,416,416,430,455,301,311,86,86,108,108,214,214,236,256,256,272,286,286,326,353,353,376,389,419,419,103,103,110,110],"floor_reached":52,"playtime":4197,"items_purged":["Delirium","Shame","hermit:Determination"],"score":621,"play_id":"07cb0f60-8445-40de-af52-09a282314383","local_time":"20210105175739","is_ascension_mode":false,"campfire_choices":[{"data":"hermit:Scavenge","floor":9,"key":"SMITH"},{"data":"hermit:CalledShot","floor":15,"key":"SMITH"},{"data":"hermit:GoldenBullet","floor":17,"key":"SMITH"},{"floor":26,"key":"REST"},{"data":"hermit:FatalDesire","floor":32,"key":"SMITH"},{"data":"hermit:FinalCanter","floor":34,"key":"SMITH"},{"data":"hermit:GoldenBullet","floor":42,"key":"SMITH"},{"floor":49,"key":"REST"},{"floor":51,"key":"DIG"}],"circlet_count":0,"master_deck":["hermit:Strike_Hermit","hermit:Strike_Hermit","hermit:Strike_Hermit","hermit:Strike_Hermit","hermit:Defend_Hermit","hermit:Defend_Hermit","hermit:Defend_Hermit","hermit:Defend_Hermit","hermit:Snapshot","hermit:Covet+1","hermit:Misfire","hermit:GoldenBullet+1","hermit:GoldenBullet+1","hermit:Scavenge+1","hermit:CalledShot+1","hermit:Enervate","hermit:FatalDesire+1","ReplayTheSpireMod:Splinters","hermit:DeadMansHand+1","hermit:Roulette","hermit:ShadowCloak","hermit:Quickdraw+1","hermit:ShadowCloak","hermit:FinalCanter+1","hermit:Reprieve","hermit:Gambit","hermit:CalledShot+1","hermit:CalledShot+1"],"relics":["hermit:Momento","NeowsBlessing","Kunai","ReplayTheSpireMod:Ring of Exchange","ReplayTheSpireMod:Ring of Addiction","White Beast Statue","Chameleon Ring","Anchor","Darkstone Periapt","SacredBark","Tiny Chest","hubris:Towel","infinitespire:CursedDice","ReplayTheSpireMod:Lightbulb","Ice Cream","ReplayTheSpireMod:CursedCoin","Sling","infinitespire:PuzzleCube","Sundial","infinitespire:Bottled Soul","Replay:Wax Seal","hubris:SlimyHat","infinitespire:ShieldingShard"],"acts_visited":["Exordium","Exordium","TheBeyond"],"potions_floor_usage":[8,13,14,18,18,21,25,27,33,35,35,35,40,41,43,43,43,46,48,48,52,52,52],"damage_taken":[{"damage":0,"enemies":"2 Louse","floor":1,"turns":1},{"damage":0,"enemies":"Small Slimes","floor":2,"turns":1},{"damage":0,"enemies":"Cultist","floor":6,"turns":1},{"damage":14,"enemies":"Replay:BlueRogue","floor":8,"turns":10},{"damage":0,"enemies":"3 Louse","floor":12,"turns":3},{"damage":0,"enemies":"Gremlin Nob","floor":13,"turns":2},{"damage":0,"enemies":"2 Fungi Beasts","floor":14,"turns":2},{"damage":2,"enemies":"Blue Slaver","floor":16,"turns":3},{"damage":16,"enemies":"The Guardian","floor":18,"turns":9},{"damage":20,"enemies":"Shell Parasite","floor":20,"turns":5},{"damage":2,"enemies":"theJungle:GiantWrat","floor":21,"turns":5},{"damage":31,"enemies":"theJungle:2_Phrogs","floor":25,"turns":9},{"damage":30,"enemies":"theJungle:SlimyTreeVines","floor":27,"turns":6},{"damage":3,"enemies":"theJungle:2_Snecko_Cultists","floor":30,"turns":3},{"damage":0,"enemies":"Snake Plant","floor":33,"turns":2},{"damage":78,"enemies":"theJungle:TotemBoss","floor":35,"turns":8},{"damage":0,"enemies":"3 Shapes","floor":37,"turns":3},{"damage":14,"enemies":"Orb Walker","floor":38,"turns":3},{"damage":1,"enemies":"Jaw Worm Horde","floor":40,"turns":4},{"damage":1,"enemies":"Writhing Mass","floor":41,"turns":3},{"damage":39,"enemies":"Nightmare","floor":43,"turns":5},{"damage":10,"enemies":"Transient","floor":44,"turns":5},{"damage":5,"enemies":"Sphere and 2 Shapes","floor":46,"turns":3},{"damage":28,"enemies":"Spire Growth","floor":47,"turns":4},{"damage":0,"enemies":"Giant Head","floor":48,"turns":9},{"damage":117,"enemies":"hubris:GrandSnecko","floor":52,"turns":18}],"seed_played":"-8025999537533752002","potions_obtained":[{"floor":1,"key":"infinitespire:BlackPotion"},{"floor":8,"key":"SteroidPotion"},{"floor":10,"key":"hermit:BlackBile"},{"floor":10,"key":"Elixir"},{"floor":10,"key":"SkillPotion"},{"floor":13,"key":"Fruit Juice"},{"floor":14,"key":"PowerPotion"},{"floor":18,"key":"DistilledChaos"},{"floor":20,"key":"champ:CounterPotion"},{"floor":21,"key":"Adrenaline Potion"},{"floor":25,"key":"Regen Potion"},{"floor":27,"key":"Explosive Potion"},{"floor":33,"key":"sneckomod:MuddlingPotion"},{"floor":35,"key":"Reflective Coating"},{"floor":37,"key":"DistilledChaos"},{"floor":38,"key":"champ:CounterPotion"},{"floor":40,"key":"CultistPotion"},{"floor":41,"key":"Regen Potion"},{"floor":43,"key":"Swift Potion"},{"floor":44,"key":"Strength Potion"},{"floor":46,"key":"hermit:Eclipse"},{"floor":47,"key":"Fruit Juice"},{"floor":48,"key":"LiquidBronze"}],"is_trial":false,"path_per_floor":["M","M","PTL","PTL","$","M","?","E","R","?","T","M","E","M","R","M","R","B",null,"M","M","?","?","?","E","R","M","T","$","M","$","R","M","R","B",null,"M","M","AVR","M","M","R","NM","M","T","M","M","E","R","$","R","B"],"character_chosen":"HERMIT","items_purchased":["hermit:GoldenBullet","hermit:ShadowCloak","Ice Cream","ReplayTheSpireMod:CursedCoin","hermit:ShadowCloak","hubris:SlimyHat","hexamod:EctoCoolerPotion"],"campfire_rested":2,"item_purchase_floors":[5,29,31,31,31,50,50],"current_hp_per_floor":[75,75,75,75,75,75,75,61,61,61,61,61,61,68,68,66,66,50,80,60,58,64,64,64,33,58,72,72,72,69,75,75,75,75,31,88,88,74,74,73,72,72,79,69,69,64,52,71,101,101,101,0,0],"gold":110,"neow_bonus":"THREE_ENEMY_KILL","is_daily":false,"chose_seed":false,"campfire_upgraded":6,"win_rate":0.0,"timestamp":1609898259,"path_taken":["M","M","PTL","PTL","$","M","?","E","R","?","T","M","E","M","R","M","R","BOSS","M","M","?","?","?","E","R","M","T","?","M","$","R","M","R","BOSS","M","M","AVR","M","M","R","NM","M","T","M","M","E","R","$","R","BOSS"],"items_purchased_type":["Card","Card","Relic","Relic","Card","Relic","Potion"],"build_version":"2020-12-22","purchased_purges":3,"victory":false,"max_hp_per_floor":[75,75,75,75,75,75,75,75,75,75,75,75,75,82,82,82,82,80,80,80,80,86,86,86,84,84,84,84,84,84,88,88,88,88,88,88,88,88,86,86,86,86,86,86,86,86,86,101,101,101,101,99,99],"card_choices":[{"not_picked":["hermit:BigShot","hermit:ItchyTrigger"],"picked":"hermit:Misfire","floor":1},{"not_picked":["hermit:Feint","hermit:Roulette","hermit:BodyArmor"],"picked":"SKIP","floor":2},{"not_picked":["hermit:Misfire","hermit:Roulette"],"picked":"hermit:GoldenBullet","floor":6},{"not_picked":["hermit:EternalForm","hermit:Desperado"],"picked":"hermit:Scavenge","floor":8},{"not_picked":["hermit:SprayPray","hermit:Gestalt","hermit:Headshot"],"picked":"SKIP","floor":12},{"not_picked":["hermit:Midnight","hermit:SprayPray","hermit:Vantage"],"picked":"SKIP","floor":13},{"not_picked":["hermit:TrackingShot","hermit:Cheat"],"picked":"hermit:CalledShot","floor":14},{"not_picked":["hermit:CalledShot","hermit:TrackingShot"],"picked":"hermit:Enervate","floor":16},{"not_picked":["hermit:BlackWind","hermit:Roughhouse"],"picked":"hermit:FatalDesire","floor":18},{"not_picked":["hermit:Vantage","hermit:Ricochet","hermit:BigShot"],"picked":"SKIP","floor":20},{"not_picked":["hermit:BodyArmor","hermit:Brawl+1"],"picked":"hermit:Determination","floor":21},{"not_picked":["hermit:TakeAim+1","hermit:TakeCover"],"picked":"hermit:DeadMansHand+1","floor":22},{"not_picked":["hermit:Quickdraw","hermit:Virtue"],"picked":"hermit:Roulette","floor":25},{"not_picked":["hermit:LowProfile","hermit:TakeCover","hermit:Midnight"],"picked":"SKIP","floor":27},{"not_picked":["hermit:Glare","hermit:Roulette"],"picked":"hermit:Quickdraw+1","floor":30},{"not_picked":["hermit:Shortfuse","hermit:WideOpen"],"picked":"hermit:FinalCanter","floor":33},{"not_picked":["hermit:FatalDesire","hermit:RoundhouseKick"],"picked":"hermit:Reprieve","floor":35},{"not_picked":["hermit:NoHoldsBarred+1","hermit:TakeCover+1","hermit:Feint"],"picked":"SKIP","floor":37},{"not_picked":["hermit:LuckOfTheDraw","hermit:NoHoldsBarred+1","hermit:GhostlyPresence+1"],"picked":"SKIP","floor":38},{"not_picked":["hermit:Feint+1","hermit:FullyLoaded+1","hermit:Desperado+1"],"picked":"SKIP","floor":40},{"not_picked":["hermit:Roulette","hermit:Misfire","hermit:HighCaliber+1"],"picked":"SKIP","floor":41},{"not_picked":["hermit:Headshot","hermit:FromBeyond"],"picked":"hermit:Gambit","floor":43},{"not_picked":["hermit:Gestalt+1","hermit:Enervate"],"picked":"hermit:CalledShot+1","floor":44},{"not_picked":["hermit:HoleUp+1","hermit:SprayPray","hermit:Headshot"],"picked":"SKIP","floor":46},{"not_picked":["hermit:TakeCover+1","hermit:Snipe","hermit:Misfire"],"picked":"SKIP","floor":47},{"not_picked":["hermit:EyeOfTheStorm+1","hermit:Vantage"],"picked":"hermit:CalledShot+1","floor":48}],"player_experience":449380,"relics_obtained":[{"floor":8,"key":"Kunai"},{"floor":10,"key":"ReplayTheSpireMod:Ring of Exchange"},{"floor":10,"key":"ReplayTheSpireMod:Ring of Addiction"},{"floor":10,"key":"White Beast Statue"},{"floor":10,"key":"Chameleon Ring"},{"floor":11,"key":"Anchor"},{"floor":13,"key":"Darkstone Periapt"},{"floor":22,"key":"Tiny Chest"},{"floor":25,"key":"infinitespire:CursedDice"},{"floor":28,"key":"ReplayTheSpireMod:Lightbulb"},{"floor":43,"key":"Sundial"},{"floor":45,"key":"infinitespire:Bottled Soul"},{"floor":48,"key":"Replay:Wax Seal"},{"floor":51,"key":"infinitespire:ShieldingShard"}],"event_choices":[],"is_beta":false,"boss_relics":[{"not_picked":["Coffee Dripper","Empty Cage"],"picked":"SacredBark"},{"not_picked":["hubris:BlackHole","Membership Card"],"picked":"Sling"}],"items_purged_floors":[29,39,50],"is_endless":true,"potions_floor_spawned":[1,8,12,13,14,16,18,20,21,25,27,30,33,35,37,38,40,41,43,44,46,47,48],"killed_by":"hubris:GrandSnecko","ascension_level":0}}