{"host":"fdmexzkyss3ff9bv","time":1609956548,"event":{"mods":["BaseMod","Beaked The Cultist","BetterRewards","Downfall","Glutton Mod","Halation","Hubris","Infinite Spire","Minty Spire (QoL Compilation)","Replay The Spire","StSLib","The Animator","The Blackbeard","The Bug Knight","The Construct","The Mystic","The Servant 0.9.4","The Witch"],"gold_per_floor":[116,116,36,48,48,48,67,97,167,76,76,110,110,110,110,207,207,227,244,257,270,298,298,60,60,130,130,130,180,180,202,202,319,319,352,1351,1351,1351,1377,1422,1422,1434,1460,1481,1173,1173,1203,125,125,143,143,143,43,98,106,106],"floor_reached":55,"playtime":3495,"items_purged":["Normality","Normality"],"score":780,"play_id":"8f04df48-4652-4c24-b6cf-c8b21831f702","local_time":"20210106190908","is_ascension_mode":false,"campfire_choices":[{"floor":6,"key":"REST"},{"floor":11,"key":"REST"},{"data":"hubris:InfiniteBlow","floor":15,"key":"SMITH"},{"floor":23,"key":"REST"},{"data":"Pain","floor":27,"key":"SMITH"},{"data":"sneckomod:Bewildered","floor":30,"key":"SMITH"},{"floor":32,"key":"REST"},{"floor":41,"key":"RECALL"},{"floor":49,"key":"REST"},{"floor":52,"key":"REST"}],"circlet_count":0,"master_deck":["Strike_B","Strike_B","Strike_B+1","Strike_B","Defend_B","Defend_B","Defend_B","Defend_B","Zap","Dualcast","Leap+1","Hello World","Ball Lightning","expansioncontent:Collect","Static Discharge","Static Discharge","Turbo","Beam Cell","FIFO Queue","expansioncontent:LastStand","Hyperbeam","Hallucinations","hubris:InfiniteBlow+1","Creative AI+1","Self Repair+1","Doom and Gloom+1","Turbo","Go for the Eyes","Auto Shields+1","Doom and Gloom+1","Sweeping Beam","Seek","Steam Power","Panache","Master of Strategy","Panache","Defragment+1","Heatsinks","Crystallizer+1","Stack+1","White Noise+1","Heatsinks","Barrage","hubris:SpecializedCircuitry","All For One","expansioncontent:BronzeBeam","Violence","Turbo","Sweeping Beam+1"],"relics":["Cracked Core","hubris:64BitClover","hubris:CuriousFeather","WarpedTongs","Juzu Bracelet","Replay:Rubber Ducky","halation:PinkSoulGem","Philosopher\u0027s Stone","Replay:Bandana","halation:PrussianBluePaint","halation:LostSnail","White Beast Statue","hubris:MobiusCoin","Honey Jar","Fusion Hammer","halation:Trompette","hubris:BallOfYels","Potion Belt","HollowMod:StagPassRelic","halation:BottledLove"],"acts_visited":["Exordium","TheCity","TheBeyond","TheEnding"],"potions_floor_usage":[16,20,21,22,33,33,42,44,44,46,47,50,50,50,50,50,54,55],"damage_taken":[{"damage":0,"enemies":"Small Slimes","floor":1,"turns":4},{"damage":5,"enemies":"Cultist","floor":4,"turns":4},{"damage":3,"enemies":"Jaw Worm","floor":7,"turns":4},{"damage":24,"enemies":"3 Sentries","floor":8,"turns":8},{"damage":2,"enemies":"HollowMod:MossKnight","floor":12,"turns":6},{"damage":8,"enemies":"Slime Boss","floor":16,"turns":8},{"damage":27,"enemies":"Spheric Guardian","floor":18,"turns":6},{"damage":11,"enemies":"Chosen","floor":19,"turns":5},{"damage":14,"enemies":"Snake Plant","floor":20,"turns":5},{"damage":22,"enemies":"Chosen and Byrds","floor":21,"turns":6},{"damage":16,"enemies":"Shelled Parasite and Fungi","floor":22,"turns":4},{"damage":28,"enemies":"Snake Plant","floor":31,"turns":3},{"damage":39,"enemies":"hubris:MusketHawk","floor":33,"turns":8},{"damage":18,"enemies":"3 Shapes","floor":35,"turns":2},{"damage":4,"enemies":"Orb Walker","floor":39,"turns":4},{"damage":0,"enemies":"HollowMod:StalkingDevout","floor":40,"turns":6},{"damage":31,"enemies":"Writhing Mass","floor":42,"turns":5},{"damage":7,"enemies":"Sphere and 2 Shapes","floor":44,"turns":3},{"damage":0,"enemies":"4 Shapes","floor":46,"turns":1},{"damage":8,"enemies":"3 Darklings","floor":47,"turns":2},{"damage":59,"enemies":"Awakened One","floor":50,"turns":5},{"damage":30,"enemies":"Shield and Spear","floor":54,"turns":4},{"damage":64,"enemies":"The Heart","floor":55,"turns":3}],"seed_played":"5102676677229527145","potions_obtained":[{"floor":1,"key":"ColorlessPotion"},{"floor":19,"key":"Explosive Potion"},{"floor":22,"key":"Guardian:BlockOnCardUsePotion"},{"floor":31,"key":"Energy Potion"},{"floor":33,"key":"CultistPotion"},{"floor":35,"key":"Explosive Potion"},{"floor":39,"key":"Strength Potion"},{"floor":40,"key":"SkillPotion"},{"floor":42,"key":"SteroidPotion"},{"floor":44,"key":"Swift Potion"},{"floor":47,"key":"Elixir"},{"floor":54,"key":"Adrenaline Potion"}],"is_trial":false,"path_per_floor":["M","?","$","M","?","R","M","E","T","$","R","E","?","?","R","B",null,"M","M","M","M","M","R","$","?","T","R","?","AVR","R","M","R","B",null,"M","?","?","?","M","E","R","M","T","M","$","M","M","$","R","B",null,"R","$","E","B"],"character_chosen":"DEFECT","items_purchased":["hubris:64BitClover","Leap+1","Hello World","Ball Lightning","expansioncontent:Collect","Regen Potion","Energy Potion","Static Discharge","expansioncontent:LastStand","halation:PrussianBluePaint","halation:LostSnail","White Noise+1","Heatsinks","SmokeBomb","HollowMod:StagPassRelic","hubris:SpecializedCircuitry","All For One","AttackPotion","Swift Potion","expansioncontent:BronzeBeam","Violence","Turbo","Fruit Juice"],"campfire_rested":6,"item_purchase_floors":[0,0,0,0,0,0,0,3,10,24,24,45,45,45,48,48,48,48,48,48,48,48,53],"current_hp_per_floor":[40,40,40,35,35,57,54,30,30,30,52,50,50,50,50,42,75,48,47,57,45,29,51,51,51,51,51,51,51,51,23,45,16,75,57,57,47,47,43,53,53,32,32,35,35,45,47,47,69,10,75,75,75,60,0,0],"gold":106,"neow_bonus":"","is_daily":false,"chose_seed":false,"campfire_upgraded":3,"win_rate":0.0,"timestamp":1609956548,"path_taken":["M","?","$","?","?","R","M","E","T","$","R","E","?","?","R","BOSS","M","M","M","M","M","R","$","?","T","R","?","AVR","R","M","R","BOSS","M","?","?","?","M","E","R","M","T","M","$","M","M","$","R","BOSS","R","$","E","BOSS"],"items_purchased_type":["Relic","Card","Card","Card","Card","Potion","Potion","Card","Card","Relic","Relic","Card","Card","Potion","Relic","Card","Card","Potion","Potion","Card","Card","Card","Potion"],"build_version":"2020-12-13","purchased_purges":2,"victory":false,"max_hp_per_floor":[75,75,75,75,75,75,75,75,75,75,75,75,75,75,75,75,75,75,75,75,75,75,75,75,75,75,75,75,75,75,75,75,75,75,75,75,75,75,75,75,75,75,75,75,75,75,75,75,75,75,75,75,75,80,80,80],"card_choices":[{"not_picked":["ReplayTheSpireMod:Calculation Training","Ball Lightning"],"picked":"Static Discharge","floor":1},{"not_picked":["ReplaySolidLightProjector","Leap"],"picked":"Turbo","floor":4},{"not_picked":["ReplayTheSpireMod:System Scan","Rebound"],"picked":"Beam Cell","floor":7},{"not_picked":["Rip and Tear","Beam Cell"],"picked":"FIFO Queue","floor":8},{"not_picked":["Double Energy","Coolheaded"],"picked":"Hyperbeam","floor":12},{"not_picked":["infinitespire:FinalStrike","infinitespire:SevenWalls"],"picked":"hubris:InfiniteBlow","floor":14},{"not_picked":["hubris:Prefetch","Fission"],"picked":"Creative AI","floor":16},{"not_picked":["Hologram","Redo"],"picked":"Self Repair+1","floor":18},{"not_picked":["Hologram","Glacier+1"],"picked":"Doom and Gloom+1","floor":19},{"not_picked":["BootSequence","Beam Cell+1"],"picked":"Turbo","floor":20},{"not_picked":["hubris:Ukulele","Streamline"],"picked":"Go for the Eyes","floor":21},{"not_picked":["Ball Lightning+1","ReplaySolidLightProjector+1"],"picked":"Auto Shields+1","floor":22},{"not_picked":["Streamline","BasicCrystalCard+1","Rebound"],"picked":"Sweeping Beam","floor":31},{"not_picked":["Multi-Cast","Mirror Shield","Machine Learning"],"picked":"Seek","floor":33},{"not_picked":["Chaos","ReplayTheSpireMod:GoodbyeWorld+1","Cold Snap"],"picked":"Steam Power","floor":35},{"not_picked":["expansioncontent:StudyTheSpire","Magnetism","Swift Strike"],"picked":"Panache","floor":37},{"not_picked":["hubris:Ssssneak","Panacea","expansioncontent:FaceSlap"],"picked":"Master of Strategy","floor":37},{"not_picked":["Secret Technique","Swift Strike","Forethought"],"picked":"Panache","floor":37},{"not_picked":["hubris:PowerSurge","Scrape","White Noise"],"picked":"Defragment+1","floor":39},{"not_picked":["hubris:PowerSurge","Force Field","Redo+1"],"picked":"Heatsinks","floor":40},{"not_picked":["Turbo+1","Leap+1","ReplayTheSpireMod:Repulse"],"picked":"Crystallizer+1","floor":42},{"not_picked":["Turbo","Recycle+1","Conserve Battery+1"],"picked":"Stack+1","floor":44},{"not_picked":["Static Discharge+1","ReplayTheSpireMod:Reroute Power+1","Coolheaded+1"],"picked":"Barrage","floor":47},{"not_picked":["Doom and Gloom","Lockon","Beam Cell+1"],"picked":"Sweeping Beam+1","floor":54}],"player_experience":83080,"relics_obtained":[{"floor":8,"key":"Juzu Bracelet"},{"floor":12,"key":"Replay:Rubber Ducky"},{"floor":20,"key":"Replay:Bandana"},{"floor":26,"key":"White Beast Statue"},{"floor":40,"key":"halation:Trompette"},{"floor":42,"key":"hubris:BallOfYels"},{"floor":43,"key":"Potion Belt"},{"floor":54,"key":"halation:BottledLove"}],"event_choices":[{"damage_healed":0,"gold_gain":0,"player_choice":"Rummage","damage_taken":0,"relics_obtained":["WarpedTongs"],"max_hp_gain":0,"max_hp_loss":0,"event_name":"Accursed Blacksmith","floor":2,"gold_loss":0,"cards_obtained":["Pain"]},{"damage_healed":0,"gold_gain":0,"player_choice":"Ignored","damage_taken":0,"max_hp_gain":0,"max_hp_loss":0,"event_name":"Purifier","floor":5,"gold_loss":0},{"damage_healed":0,"gold_gain":0,"player_choice":"Copied","damage_taken":0,"max_hp_gain":0,"max_hp_loss":0,"event_name":"Duplicator","floor":25,"gold_loss":0,"cards_obtained":["Doom and Gloom"]},{"damage_healed":0,"gold_gain":0,"player_choice":"Ignored","damage_taken":0,"max_hp_gain":0,"max_hp_loss":0,"event_name":"Cursed Tome","floor":28,"gold_loss":0},{"damage_healed":0,"gold_gain":999,"player_choice":"Gold","damage_taken":0,"max_hp_gain":0,"max_hp_loss":0,"event_name":"MindBloom","floor":36,"gold_loss":0,"cards_obtained":["Normality","Normality"]},{"damage_healed":0,"gold_gain":0,"player_choice":"Memory 3","damage_taken":10,"max_hp_gain":0,"max_hp_loss":0,"event_name":"SensoryStone","floor":37,"gold_loss":0}],"is_beta":false,"boss_relics":[{"not_picked":["halation:PinkAlligatorPlush","beaked:SacredDeck"],"picked":"Philosopher\u0027s Stone"},{"not_picked":["Snecko Eye","halation:LoveArrow"],"picked":"Fusion Hammer"}],"items_purged_floors":[45,48],"is_endless":false,"potions_floor_spawned":[1,7,12,19,22,31,33,35,39,40,42,44,46,47,54],"killed_by":"The Heart","ascension_level":0}}