{"host":"TheHustler","time":1609942712,"event":{"mods":["BaseMod","Block Reminder","Colored Map","Colored Powertips","Minty Spire (QoL Compilation)","Quick Restart","StSLib","SuperFastMode","Unceasing Turn Reminder"],"gold_per_floor":[115,127,127,52,64,64,79,79,79,106,106,122,137,154,154,253,253,267,267,278,203,8,33,46,46,123,123,140,165,181,201,201,304,304,324,344,344,354,26,26,26,36,62,62,92,102,102,121,121,121],"floor_reached":51,"playtime":1549,"items_purged":["Strike_G","Strike_G"],"score":748,"play_id":"3f1800af-03db-4008-aa89-4033a35ffba0","local_time":"20210106151832","is_ascension_mode":false,"campfire_choices":[{"data":"Bouncing Flask","floor":6,"key":"SMITH"},{"data":"Tactician","floor":8,"key":"SMITH"},{"data":"Concentrate","floor":15,"key":"SMITH"},{"data":"Acrobatics","floor":25,"key":"SMITH"},{"data":"Apotheosis","floor":27,"key":"SMITH"},{"floor":32,"key":"REST"},{"floor":41,"key":"REST"},{"floor":47,"key":"REST"},{"floor":49,"key":"REST"}],"circlet_count":0,"master_deck":["Strike_G","Strike_G","Defend_G","Defend_G","Defend_G","Survivor","Neutralize+1","Bouncing Flask+1","Acrobatics+1","Dagger Spray","Tactician+1","Reflex","Storm of Steel","Blade Dance","Concentrate+1","After Image","Backflip+1","Apotheosis+1","Crippling Poison+1","Quick Slash","Dagger Throw+1","Venomology","Tactician","Catalyst+1","Well Laid Plans+1","Unload","Flash of Steel","Underhanded Strike+1","Footwork+1"],"relics":["Ring of the Snake","Mercury Hourglass","Strawberry","Ornamental Fan","Philosopher\u0027s Stone","Orichalcum","StrikeDummy","Darkstone Periapt","Matryoshka","Fusion Hammer","Letter Opener","Dream Catcher","Thread and Needle"],"acts_visited":["Exordium","TheCity","TheBeyond"],"potions_floor_usage":[16,23,24,33,33,33,36,45,46,50,50,50],"damage_taken":[{"damage":2,"enemies":"Small Slimes","floor":1,"turns":5},{"damage":2,"enemies":"2 Louse","floor":2,"turns":2},{"damage":0,"enemies":"Jaw Worm","floor":5,"turns":4},{"damage":0,"enemies":"3 Louse","floor":7,"turns":3},{"damage":9,"enemies":"3 Sentries","floor":10,"turns":4},{"damage":1,"enemies":"Lots of Slimes","floor":12,"turns":2},{"damage":3,"enemies":"Exordium Thugs","floor":13,"turns":2},{"damage":0,"enemies":"2 Fungi Beasts","floor":14,"turns":2},{"damage":40,"enemies":"The Guardian","floor":16,"turns":8},{"damage":0,"enemies":"Chosen","floor":18,"turns":4},{"damage":15,"enemies":"Spheric Guardian","floor":20,"turns":4},{"damage":15,"enemies":"Slavers","floor":23,"turns":4},{"damage":18,"enemies":"Snake Plant","floor":24,"turns":4},{"damage":0,"enemies":"3 Cultists","floor":28,"turns":4},{"damage":7,"enemies":"Book of Stabbing","floor":29,"turns":4},{"damage":2,"enemies":"Shelled Parasite and Fungi","floor":30,"turns":4},{"damage":0,"enemies":"Snecko","floor":31,"turns":3},{"damage":17,"enemies":"Champ","floor":33,"turns":11},{"damage":4,"enemies":"3 Darklings","floor":35,"turns":3},{"damage":2,"enemies":"Orb Walker","floor":36,"turns":4},{"damage":0,"enemies":"Transient","floor":38,"turns":5},{"damage":11,"enemies":"4 Shapes","floor":42,"turns":4},{"damage":19,"enemies":"Reptomancer","floor":45,"turns":5},{"damage":25,"enemies":"Writhing Mass","floor":46,"turns":4},{"damage":12,"enemies":"Spire Growth","floor":48,"turns":5},{"damage":46,"enemies":"Awakened One","floor":50,"turns":12}],"seed_played":"-5262321108074232461","potions_obtained":[{"floor":1,"key":"SkillPotion"},{"floor":7,"key":"GamblersBrew"},{"floor":10,"key":"Poison Potion"},{"floor":24,"key":"Weak Potion"},{"floor":28,"key":"Poison Potion"},{"floor":30,"key":"FearPotion"},{"floor":31,"key":"GamblersBrew"},{"floor":35,"key":"Fire Potion"},{"floor":46,"key":"Block Potion"}],"is_trial":false,"path_per_floor":["M","M","?","$","M","R","M","R","T","E","?","M","M","M","R","B",null,"M","?","M","?","$","E","M","R","T","R","M","E","M","M","R","B",null,"M","M","?","M","$","?","R","M","T","?","E","M","R","M","R","B",null],"character_chosen":"THE_SILENT","items_purchased":["Apotheosis","Unload","Flash of Steel"],"campfire_rested":4,"item_purchase_floors":[22,39,39],"current_hp_per_floor":[68,66,66,66,66,66,66,66,66,64,52,51,48,48,48,8,77,77,77,62,62,62,47,29,29,29,29,29,22,20,20,43,26,77,73,71,71,71,71,71,77,66,66,66,47,22,45,33,56,10],"gold":121,"neow_bonus":"UPGRADE_CARD","is_daily":false,"chose_seed":false,"campfire_upgraded":5,"win_rate":0.0,"timestamp":1609942712,"path_taken":["M","M","?","$","M","R","M","R","T","E","?","M","M","M","R","BOSS","M","?","M","?","$","E","M","R","T","R","M","E","M","M","R","BOSS","M","M","?","M","$","?","R","?","T","?","E","?","R","M","R","BOSS"],"items_purchased_type":["Card","Card","Card"],"build_version":"2020-12-18","purchased_purges":2,"victory":true,"max_hp_per_floor":[70,70,70,70,70,70,70,70,70,77,77,77,77,77,77,77,77,77,77,77,77,77,77,77,77,77,77,77,77,77,77,77,77,77,77,77,77,77,77,77,77,77,77,77,77,77,77,77,77,77],"card_choices":[{"not_picked":["Masterful Stab","Underhanded Strike"],"picked":"Bouncing Flask","floor":1},{"not_picked":["Prepared","Reflex"],"picked":"Acrobatics","floor":2},{"not_picked":["Outmaneuver","Finisher"],"picked":"Tactician","floor":5},{"not_picked":["Quick Slash","Predator"],"picked":"Reflex","floor":7},{"not_picked":["Deadly Poison","Acrobatics","Accuracy"],"picked":"SKIP","floor":10},{"not_picked":["Deflect","Choke"],"picked":"Storm of Steel","floor":12},{"not_picked":["Expertise","Flechettes"],"picked":"Blade Dance","floor":13},{"not_picked":["Dagger Throw","Bouncing Flask"],"picked":"Concentrate","floor":14},{"not_picked":["Glass Knife","Night Terror"],"picked":"After Image","floor":16},{"not_picked":["Flying Knee+1","Outmaneuver","Deflect"],"picked":"SKIP","floor":18},{"not_picked":["Outmaneuver+1","Flechettes"],"picked":"Backflip+1","floor":20},{"not_picked":["Distraction+1","Bane"],"picked":"Crippling Poison+1","floor":23},{"not_picked":["Underhanded Strike","Deadly Poison","Die Die Die"],"picked":"SKIP","floor":24},{"not_picked":["Deflect","Dagger Spray","Deadly Poison"],"picked":"SKIP","floor":28},{"not_picked":["Dagger Spray+1","Blade Dance"],"picked":"Quick Slash","floor":29},{"not_picked":["Sucker Punch","Corpse Explosion"],"picked":"Dagger Throw+1","floor":30},{"not_picked":["Sucker Punch","Deflect","Backstab"],"picked":"SKIP","floor":31},{"not_picked":["Bullet Time","Burst"],"picked":"Venomology","floor":33},{"not_picked":["Terror+1","Underhanded Strike+1"],"picked":"Tactician","floor":35},{"not_picked":["Flying Knee+1","Cloak And Dagger+1"],"picked":"Catalyst+1","floor":36},{"not_picked":["Concentrate","Endless Agony"],"picked":"Well Laid Plans+1","floor":38},{"not_picked":["Infinite Blades","Slice","Terror+1"],"picked":"SKIP","floor":42},{"not_picked":["Backstab","Terror","Deflect"],"picked":"SKIP","floor":45},{"not_picked":["Cloak And Dagger","Bouncing Flask+1","Flying Knee+1"],"picked":"SKIP","floor":46},{"not_picked":["Dodge and Roll","Acrobatics"],"picked":"Underhanded Strike+1","floor":48},{"not_picked":["Dodge and Roll+1","Crippling Poison"],"picked":"Footwork+1","floor":49}],"player_experience":620953,"relics_obtained":[{"floor":9,"key":"Mercury Hourglass"},{"floor":10,"key":"Strawberry"},{"floor":23,"key":"StrikeDummy"},{"floor":26,"key":"Darkstone Periapt"},{"floor":29,"key":"Matryoshka"},{"floor":43,"key":"Letter Opener"},{"floor":43,"key":"Dream Catcher"},{"floor":45,"key":"Thread and Needle"}],"event_choices":[{"damage_healed":0,"gold_gain":0,"cards_transformed":["Defend_G"],"player_choice":"Change","damage_taken":0,"max_hp_gain":0,"max_hp_loss":0,"event_name":"Living Wall","floor":3,"gold_loss":0,"cards_obtained":["Dagger Spray"]},{"damage_healed":0,"gold_gain":0,"player_choice":"Success","damage_taken":12,"relics_obtained":["Ornamental Fan"],"max_hp_gain":0,"max_hp_loss":0,"event_name":"Scrap Ooze","floor":11,"gold_loss":0},{"damage_healed":0,"gold_gain":0,"player_choice":"Opened","damage_taken":0,"relics_obtained":["Orichalcum"],"max_hp_gain":0,"max_hp_loss":0,"event_name":"The Mausoleum","floor":19,"gold_loss":0,"cards_obtained":["Writhe"]},{"cards_removed":["Writhe"],"damage_healed":0,"gold_gain":0,"player_choice":"Gave Gold","damage_taken":0,"max_hp_gain":0,"max_hp_loss":0,"event_name":"Beggar","floor":21,"gold_loss":75},{"damage_healed":0,"gold_gain":0,"player_choice":"Ignored","damage_taken":0,"max_hp_gain":0,"max_hp_loss":0,"event_name":"Tomb of Lord Red Mask","floor":37,"gold_loss":0},{"cards_removed":["Strike_G"],"damage_healed":0,"gold_gain":0,"player_choice":"Removed Attack","damage_taken":0,"max_hp_gain":0,"max_hp_loss":0,"event_name":"Falling","floor":40,"gold_loss":0},{"cards_removed":["Defend_G"],"damage_healed":0,"gold_gain":0,"player_choice":"Offered Basic","damage_taken":0,"max_hp_gain":0,"max_hp_loss":0,"event_name":"Bonfire Elementals","floor":44,"gold_loss":0}],"is_beta":true,"boss_relics":[{"not_picked":["SacredBark","Calling Bell"],"picked":"Philosopher\u0027s Stone"},{"not_picked":["Tiny House","Runic Dome"],"picked":"Fusion Hammer"}],"items_purged_floors":[4,39],"is_endless":false,"potions_floor_spawned":[1,7,10,12,14,24,28,30,31,35,46],"ascension_level":0}}