{"host":"vsdszi3rnxsdp24p","time":1609973476,"event":{"mods":["AchievementEnabler","BaseMod","Bestiary","Colored Map","Colored Powertips","Curses Come First","DeckTracker","Hermit","Highlight Path","Ironclad Rager","Minty Spire (QoL Compilation)","Quick Restart","Relic Sorter","Relic Stats","StSLib","SuperFastMode","Synergy Search","The Cursed","The Mystic"],"gold_per_floor":[117,117,42,42,142,142,174,184,184,194,207,223,236,66,66,66,66],"floor_reached":16,"playtime":594,"items_purged":["Defend_G","Strike_G"],"score":152,"play_id":"6edc3732-8ba3-4c32-8214-ae287840359f","local_time":"20210106235116","is_ascension_mode":false,"campfire_choices":[{"data":"Neutralize","floor":6.0,"key":"SMITH"},{"data":"Survivor","floor":15.0,"key":"SMITH"}],"circlet_count":0,"master_deck":["Strike_G","Strike_G","Strike_G","Strike_G","Defend_G","Defend_G","Defend_G","Defend_G","Survivor+1","Neutralize+1","Escape Plan"],"relics":["Ring of the Snake","NeowsBlessing","Pear"],"acts_visited":["Exordium"],"potions_floor_usage":[16],"damage_taken":[{"damage":0.0,"enemies":"Small Slimes","floor":1.0,"turns":1.0},{"damage":0.0,"enemies":"3 Sentries","floor":7.0,"turns":1.0},{"damage":0.0,"enemies":"Cultist","floor":8.0,"turns":1.0},{"damage":0.0,"enemies":"2 Louse","floor":10.0,"turns":2.0},{"damage":15.0,"enemies":"Large Slime","floor":11.0,"turns":10.0},{"damage":17.0,"enemies":"Exordium Thugs","floor":12.0,"turns":7.0},{"damage":1.0,"enemies":"Blue Slaver","floor":13.0,"turns":5.0},{"damage":67,"enemies":"Slime Boss","floor":16,"turns":12}],"seed_played":"-8104065758302386719","potions_obtained":[{"floor":7.0,"key":"Regen Potion"},{"floor":11.0,"key":"DistilledChaos"},{"floor":12.0,"key":"Ancient Potion"}],"is_trial":false,"path_per_floor":["M","?","$","?","?","R","E","M","T","M","M","M","M","$","R","B"],"character_chosen":"THE_SILENT","items_purchased":["Escape Plan"],"campfire_rested":0,"item_purchase_floors":[14],"current_hp_per_floor":[70,70,70,75,75,75,85,85,85,85,70,65,64,64,64,0,0],"gold":66,"neow_bonus":"THREE_ENEMY_KILL","is_daily":false,"chose_seed":false,"campfire_upgraded":2,"win_rate":0.0,"timestamp":1609973476,"path_taken":["M","?","?","?","?","R","E","M","T","M","M","M","M","$","R","BOSS"],"items_purchased_type":["Card"],"build_version":"2020-12-22","purchased_purges":2,"victory":false,"max_hp_per_floor":[70,70,70,75,75,75,85,85,85,85,85,85,85,85,85,85,85],"relic_stats":{"counters":[8,39],"obtain_stats":[{"Pear":7,"NeowsBlessing":0,"Ring of the Snake":0},{"Pear":2,"NeowsBlessing":0,"Ring of the Snake":0},{"Pear":2,"NeowsBlessing":0,"Ring of the Snake":0}],"Ring of the Snake":[16]},"card_choices":[{"not_picked":["Flying Knee","Deflect","Dodge and Roll"],"picked":"SKIP","floor":1.0},{"not_picked":["Outmaneuver","Prepared","Underhanded Strike"],"picked":"SKIP","floor":7.0},{"not_picked":["PiercingWail","Cloak And Dagger","Footwork"],"picked":"SKIP","floor":8.0},{"not_picked":["Choke","Setup","Underhanded Strike"],"picked":"SKIP","floor":10.0},{"not_picked":["Footwork","All Out Attack","Bane"],"picked":"SKIP","floor":11.0},{"not_picked":["Dagger Spray","Predator","Quick Slash"],"picked":"SKIP","floor":12.0},{"not_picked":["Calculated Gamble","Grand Finale","Bane"],"picked":"SKIP","floor":13.0}],"player_experience":149407,"relics_obtained":[{"floor":7.0,"key":"Pear"}],"event_choices":[{"damage_healed":0.0,"max_hp_gain":0.0,"max_hp_loss":0.0,"gold_gain":0.0,"event_name":"The Woman in Blue","player_choice":"Bought 0 Potions","floor":2.0,"gold_loss":0.0,"damage_taken":0.0},{"damage_healed":0.0,"max_hp_gain":5.0,"max_hp_loss":0.0,"gold_gain":0.0,"event_name":"Big Fish","player_choice":"Donut","floor":4.0,"gold_loss":0.0,"damage_taken":0.0},{"damage_healed":0.0,"max_hp_gain":0.0,"max_hp_loss":0.0,"gold_gain":100.0,"event_name":"Golden Shrine","player_choice":"Pray","floor":5.0,"gold_loss":0.0,"damage_taken":0.0}],"is_beta":false,"boss_relics":[],"items_purged_floors":[3,14],"is_endless":false,"potions_floor_spawned":[7,11,12],"killed_by":"Slime Boss","ascension_level":0}}