{"host":"k6u7q08ihsmpx7o5","time":1609917534,"event":{"mods":["BaseMod","Bestiary","Filter the Spire","Minty Spire (QoL Compilation)","Permanent Neow","Relic Stats","StSLib"],"gold_per_floor":[110,110,133,143,143,172,187,217,286,286,286,286,302,336,336,434,434,455,455,335,335],"floor_reached":20,"playtime":1121,"items_purged":[],"score":430,"play_id":"c456dc2f-fad6-4468-8542-a7a96e4fef81","local_time":"20210106081854","is_ascension_mode":true,"campfire_choices":[{"data":"MasterReality","floor":10,"key":"SMITH"},{"data":"MentalFortress","floor":12,"key":"SMITH"},{"data":"Ragnarok","floor":15,"key":"SMITH"}],"circlet_count":0,"master_deck":["AscendersBane","Eruption","Vigilance","LikeWater","FearNoEvil","Wireheading","Wireheading","Weave","Halt","Vengeance","MasterReality+1","FearNoEvil","ThirdEye","BowlingBash","MentalFortress+1","Wallop","Ragnarok+1","Brilliance","TalkToTheHand"],"relics":["Pandora\u0027s Box","Oddly Smooth Stone","Damaru","Regal Pillow","Golden Idol","Dead Branch","SlaversCollar"],"acts_visited":["Exordium","TheCity"],"potions_floor_usage":[6,13,20,20],"damage_taken":[{"damage":6.0,"enemies":"2 Louse","floor":1.0,"turns":2.0},{"damage":8.0,"enemies":"Jaw Worm","floor":4.0,"turns":3.0},{"damage":30,"enemies":"3 Sentries","floor":6,"turns":6},{"damage":1,"enemies":"Cultist","floor":7,"turns":3},{"damage":11,"enemies":"Gremlin Nob","floor":8,"turns":4},{"damage":0,"enemies":"Large Slime","floor":13,"turns":5},{"damage":0,"enemies":"Lagavulin","floor":14,"turns":6},{"damage":16,"enemies":"Slime Boss","floor":16,"turns":4},{"damage":10,"enemies":"Chosen","floor":18,"turns":5},{"damage":49,"enemies":"2 Thieves","floor":20,"turns":3}],"seed_played":"-5220720933858797020","potions_obtained":[{"floor":4.0,"key":"Fire Potion"},{"floor":7,"key":"Energy Potion"},{"floor":13,"key":"SkillPotion"},{"floor":18,"key":"Swift Potion"}],"is_trial":false,"path_per_floor":["M","?","T","M","?","E","M","E","T","R","?","R","M","E","R","B",null,"M","$","M"],"character_chosen":"WATCHER","items_purchased":[],"campfire_rested":0,"item_purchase_floors":[],"current_hp_per_floor":[55,60,60,52,73,43,42,31,31,31,31,31,31,31,31,15,53,43,43,0,0],"gold":335,"neow_bonus":"BOSS_RELIC","is_daily":false,"chose_seed":false,"campfire_upgraded":3,"win_rate":0.0,"timestamp":1609917534,"path_taken":["M","?","?","M","?","E","?","E","T","R","?","R","M","E","R","BOSS","M","$","M"],"items_purchased_type":[],"build_version":"2020-12-22","purchased_purges":0,"victory":false,"max_hp_per_floor":[68,73,73,73,73,73,73,73,73,73,66,66,66,66,66,66,66,66,66,66,66],"relic_stats":{"Regal Pillow":0,"counters":[10,41],"Golden Idol":34,"Dead Branch":[5],"Pandora\u0027s Box":["LikeWater","FearNoEvil","Wireheading","Wireheading","Weave","Halt","Vengeance","MasterReality"],"obtain_stats":[{"SlaversCollar":17,"Regal Pillow":8,"Golden Idol":11,"Dead Branch":14,"Oddly Smooth Stone":3,"Damaru":6,"Pandora\u0027s Box":0,"PureWater":0},{"SlaversCollar":8,"Regal Pillow":5,"Golden Idol":5,"Dead Branch":7,"Oddly Smooth Stone":1,"Damaru":3,"Pandora\u0027s Box":0,"PureWater":0},{"SlaversCollar":33,"Regal Pillow":18,"Golden Idol":18,"Dead Branch":29,"Oddly Smooth Stone":2,"Damaru":11,"Pandora\u0027s Box":0,"PureWater":0}]},"card_choices":[{"not_picked":["Crescendo","ClearTheMind"],"picked":"FearNoEvil","floor":1.0},{"not_picked":["FearNoEvil","FollowUp"],"picked":"ThirdEye","floor":4.0},{"not_picked":["BowlingBash","ClearTheMind","Collect"],"picked":"SKIP","floor":6},{"not_picked":["ClearTheMind","Collect"],"picked":"BowlingBash","floor":6},{"not_picked":["FlyingSleeves","FearNoEvil"],"picked":"MentalFortress","floor":7},{"not_picked":["Study","Nirvana"],"picked":"Wallop","floor":8},{"not_picked":["Vengeance","FlyingSleeves"],"picked":"Ragnarok","floor":13},{"not_picked":["Indignation","CrushJoints","SpiritShield"],"picked":"SKIP","floor":14},{"not_picked":["SpiritShield","Ragnarok"],"picked":"Brilliance","floor":16},{"not_picked":["CrushJoints","CarveReality"],"picked":"TalkToTheHand","floor":18}],"player_experience":1968408,"relics_obtained":[{"floor":3.0,"key":"Oddly Smooth Stone"},{"floor":6,"key":"Damaru"},{"floor":8,"key":"Regal Pillow"},{"floor":14,"key":"Dead Branch"}],"event_choices":[{"damage_healed":0.0,"max_hp_gain":5.0,"max_hp_loss":0.0,"gold_gain":0.0,"event_name":"Big Fish","player_choice":"Donut","floor":2.0,"gold_loss":0.0,"damage_taken":0.0},{"damage_healed":21.0,"max_hp_gain":0.0,"max_hp_loss":0.0,"gold_gain":0.0,"event_name":"Wheel of Change","player_choice":"Full Heal","floor":5.0,"gold_loss":0.0,"damage_taken":0.0},{"damage_healed":0,"gold_gain":0,"player_choice":"Lose Max HP","damage_taken":0,"relics_obtained":["Golden Idol"],"max_hp_gain":0,"max_hp_loss":7,"event_name":"Golden Idol","floor":11,"gold_loss":0}],"is_beta":false,"boss_relics":[{"not_picked":["Empty Cage","Cursed Key"],"picked":"SlaversCollar"}],"items_purged_floors":[],"is_endless":false,"potions_floor_spawned":[4,7,13,18],"killed_by":"2 Thieves","ascension_level":20}}