{"host":"jm9833yuloeli2yd","time":1609962822,"event":{"mods":["BaseMod","Better Altar","Better Match","Better Note","Better Sensory Stone","Better Skull","Better Third Choice","Better Vampires","BetterRewards","Colored Map","Colored Powertips","DeckTracker","Minty Spire (QoL Compilation)","Permanent Neow","Quick Restart","StSLib","SuperFastMode"],"gold_per_floor":[110,123,135,59,71,99,99,116,116,133,143,173,201,215,215,293,293,307,357,357,109,124,154,154,173,246,273,273,273,306,221,233,245,245],"floor_reached":33,"playtime":1190,"items_purged":["Strike_G"],"score":884,"play_id":"d3fee549-59a0-4a58-a124-d4f14ebdb0b7","local_time":"20210106145342","is_ascension_mode":true,"campfire_choices":[{"data":"Corpse Explosion","floor":7,"key":"SMITH"},{"data":"Dodge and Roll","floor":15,"key":"SMITH"},{"data":"Burst","floor":24,"key":"SMITH"},{"data":"Adrenaline","floor":29,"key":"SMITH"},{"floor":32,"key":"REST"}],"circlet_count":0,"master_deck":["AscendersBane","Defend_G","Defend_G","Defend_G","Defend_G","Defend_G","Survivor","Neutralize","All Out Attack+1","Dagger Throw+1","Endless Agony+1","Endless Agony+1","Corpse Explosion+1","PiercingWail","Leg Sweep","Dagger Spray+1","Escape Plan","Dodge and Roll+1","Leg Sweep","Burst+1","Venomology+1","Quick Slash+1","Underhanded Strike+1","Venomology+1","Adrenaline+1","Deflect","Bite+1","Doppelganger"],"relics":["Ring of the Snake","Molten Egg 2","Vajra","Pear","Pantograph","Odd Mushroom","Astrolabe","Bag of Preparation","Paper Crane","The Courier","Prayer Wheel","Juzu Bracelet","MawBank"],"acts_visited":["Exordium","TheCity"],"potions_floor_usage":[12,16,22,23,23,25,27,27,30,33,33,33],"damage_taken":[{"damage":1,"enemies":"Cultist","floor":1,"turns":4},{"damage":0,"enemies":"Small Slimes","floor":2,"turns":1},{"damage":0,"enemies":"2 Louse","floor":3,"turns":1},{"damage":0,"enemies":"2 Fungi Beasts","floor":5,"turns":2},{"damage":31,"enemies":"Gremlin Nob","floor":6,"turns":4},{"damage":7,"enemies":"Exordium Thugs","floor":8,"turns":4},{"damage":0,"enemies":"Looter","floor":10,"turns":2},{"damage":0,"enemies":"3 Louse","floor":11,"turns":1},{"damage":8,"enemies":"Lagavulin","floor":12,"turns":6},{"damage":7,"enemies":"The Mushroom Lair","floor":13,"turns":3},{"damage":1,"enemies":"Large Slime","floor":14,"turns":4},{"damage":12,"enemies":"The Guardian","floor":16,"turns":14},{"damage":0,"enemies":"3 Byrds","floor":18,"turns":2},{"damage":22,"enemies":"Shell Parasite","floor":22,"turns":3},{"damage":7,"enemies":"Slavers","floor":23,"turns":3},{"damage":1,"enemies":"Snecko","floor":25,"turns":6},{"damage":5,"enemies":"Book of Stabbing","floor":27,"turns":6},{"damage":31,"enemies":"Slavers","floor":30,"turns":4},{"damage":83,"enemies":"Champ","floor":33,"turns":23}],"seed_played":"5545164965671759547","potions_obtained":[{"floor":2,"key":"Energy Potion"},{"floor":8,"key":"Dexterity Potion"},{"floor":12,"key":"Dexterity Potion"},{"floor":25,"key":"CultistPotion"}],"is_trial":false,"path_per_floor":["M","M","M","$","M","E","R","M","T","M","M","E","?","M","R","B",null,"M","?","?","$","M","E","R","M","T","E","?","R","E","?","R","B"],"character_chosen":"THE_SILENT","items_purchased":["Molten Egg 2","All Out Attack+1","FairyPotion","Corpse Explosion","Bag of Preparation"],"campfire_rested":1,"item_purchase_floors":[0,0,0,4,21],"current_hp_per_floor":[58,58,58,58,58,27,27,20,30,30,30,22,15,14,14,27,64,64,64,64,64,42,35,35,34,34,29,29,29,21,21,42,0,0],"gold":245,"neow_bonus":"","is_daily":false,"chose_seed":false,"campfire_upgraded":4,"win_rate":0.0,"timestamp":1609962822,"path_taken":["M","M","?","$","M","E","R","M","T","M","?","E","?","M","R","BOSS","M","?","?","$","?","E","R","M","T","E","?","R","E","?","R","BOSS"],"items_purchased_type":["Relic","Card","Potion","Card","Relic"],"build_version":"2020-12-22","purchased_purges":1,"victory":false,"max_hp_per_floor":[66,66,66,66,66,66,66,66,76,76,76,76,76,76,76,76,76,76,76,76,76,76,76,76,76,76,76,71,71,71,71,71,71,71],"card_choices":[{"not_picked":["Quick Slash+1","Sucker Punch+1"],"picked":"Dagger Throw+1","floor":1},{"not_picked":["Bouncing Flask","Backflip"],"picked":"Endless Agony+1","floor":2},{"not_picked":["Blade Dance","Deadly Poison"],"picked":"Endless Agony+1","floor":3},{"not_picked":["Backstab+1","Riddle With Holes+1"],"picked":"PiercingWail","floor":5},{"not_picked":["Sucker Punch+1","Bane+1"],"picked":"Leg Sweep","floor":6},{"not_picked":["Quick Slash+1","Reflex"],"picked":"Dagger Spray+1","floor":8},{"not_picked":["Deadly Poison","Poisoned Stab+1"],"picked":"Escape Plan","floor":10},{"not_picked":["Underhanded Strike+1","Quick Slash+1"],"picked":"Dodge and Roll","floor":11},{"not_picked":["After Image","Envenom"],"picked":"Leg Sweep","floor":12},{"not_picked":["Flying Knee+1","Dagger Throw+1","Sucker Punch+1"],"picked":"SKIP","floor":14},{"not_picked":["Envenom","Storm of Steel"],"picked":"Burst","floor":16},{"not_picked":["Dagger Throw+1","Dagger Spray+1","Cloak And Dagger"],"picked":"SKIP","floor":18},{"not_picked":["Bane+1","Predator+1","Dagger Throw+1"],"picked":"SKIP","floor":22},{"not_picked":["Acrobatics","Catalyst"],"picked":"Adrenaline","floor":23},{"not_picked":["Sucker Punch+1","Underhanded Strike+1"],"picked":"Deflect","floor":25},{"not_picked":["Blade Dance","Distraction","Outmaneuver"],"picked":"SKIP","floor":27},{"not_picked":["Underhanded Strike+1","Eviscerate+1"],"picked":"Doppelganger","floor":30}],"player_experience":1272888,"relics_obtained":[{"floor":6,"key":"Vajra"},{"floor":9,"key":"Pear"},{"floor":12,"key":"Pantograph"},{"floor":13,"key":"Odd Mushroom"},{"floor":23,"key":"Paper Crane"},{"floor":26,"key":"The Courier"},{"floor":27,"key":"Prayer Wheel"},{"floor":30,"key":"Juzu Bracelet"}],"event_choices":[{"damage_healed":0,"gold_gain":0,"player_choice":"Fought Mushrooms","damage_taken":0,"max_hp_gain":0,"max_hp_loss":0,"event_name":"Mushrooms","floor":13,"gold_loss":0},{"damage_healed":0,"gold_gain":50,"player_choice":"Steal","damage_taken":0,"max_hp_gain":0,"max_hp_loss":0,"event_name":"betterThird:BetterNest","floor":19,"gold_loss":0},{"damage_healed":0,"gold_gain":0,"player_choice":"Copied","damage_taken":0,"max_hp_gain":0,"max_hp_loss":0,"event_name":"Duplicator","floor":20,"gold_loss":0,"cards_obtained":["Venomology"]},{"damage_healed":0,"gold_gain":0,"player_choice":"Became a vampire","damage_taken":0,"max_hp_gain":0,"max_hp_loss":5,"event_name":"Vampires","floor":28,"gold_loss":0,"cards_obtained":["Bite"]},{"damage_healed":0,"gold_gain":0,"player_choice":"Obtained Relic","damage_taken":0,"relics_obtained":["MawBank"],"max_hp_gain":0,"max_hp_loss":0,"event_name":"Addict","floor":31,"gold_loss":85}],"is_beta":false,"boss_relics":[{"not_picked":["Sozu","Philosopher\u0027s Stone"],"picked":"Astrolabe"}],"items_purged_floors":[21],"is_endless":false,"potions_floor_spawned":[2,6,8,11,12,25],"killed_by":"Champ","ascension_level":20}}