{"host":"066y5nba5qw19k68","time":1609918121,"event":{"mods":["BaseMod","Colored Powertips","Downfall","Minty Spire (QoL Compilation)","Replay The Spire","Shop Mod","StSLib"],"gold_per_floor":[110,130,149,19,33,33,49,49,49,84,99,122,156,202,202,300,300,314,330,330,160,160,160],"floor_reached":22,"playtime":1320,"items_purged":["Strike_B","Strike_B"],"score":196,"play_id":"72c27f04-ff1b-45e1-8dc7-ab606be9eda1","local_time":"20210106152841","is_ascension_mode":false,"campfire_choices":[{"data":"Dualcast","floor":6,"key":"SMITH"},{"data":"Zap","floor":8,"key":"SMITH"},{"floor":15,"key":"REST"}],"circlet_count":0,"master_deck":["Strike_B","Defend_B","Defend_B","Defend_B","Defend_B","Zap+1","Dualcast+1","Storm","Cold Snap","Gash","Capacitor+1","Tempest","Sweeping Beam","Reboot","Coolheaded","Gash","Go for the Eyes","ReplayTheSpireMod:Splinters","Hologram","BootSequence","Fission","Gash","Beam Cell","Self Repair"],"relics":["FrozenCore","NeowsBlessing","Chameleon Ring","Pen Nib","Odd Mushroom","Torii","Solar Panel"],"acts_visited":["Exordium","TheCity"],"potions_floor_usage":[16],"damage_taken":[{"damage":0,"enemies":"Small Slimes","floor":1,"turns":1},{"damage":0,"enemies":"2 Louse","floor":2,"turns":1},{"damage":0,"enemies":"Jaw Worm","floor":3,"turns":1},{"damage":5,"enemies":"Blue Slaver","floor":5,"turns":5},{"damage":16,"enemies":"Exordium Wildlife","floor":7,"turns":5},{"damage":16,"enemies":"3 Sentries","floor":10,"turns":7},{"damage":7,"enemies":"3 Louse","floor":11,"turns":4},{"damage":5,"enemies":"The Mushroom Lair","floor":12,"turns":4},{"damage":11,"enemies":"Gremlin Nob","floor":13,"turns":4},{"damage":18,"enemies":"Slime Boss","floor":16,"turns":12},{"damage":11,"enemies":"Spheric Guardian","floor":18,"turns":6},{"damage":31,"enemies":"3 Byrds","floor":19,"turns":7},{"damage":55,"enemies":"3 Cultists","floor":22,"turns":5}],"seed_played":"1846669126248552074","potions_obtained":[{"floor":1,"key":"hexamod:EctoCoolerPotion"},{"floor":3,"key":"champ:CounterPotion"},{"floor":7,"key":"DuplicationPotion"},{"floor":11,"key":"BlessingOfTheForge"},{"floor":18,"key":"Energy Potion"}],"is_trial":false,"path_per_floor":["M","M","M","$","M","R","M","R","T","E","M","?","E","?","R","B",null,"M","M","?","$","M"],"character_chosen":"DEFECT","items_purchased":["Capacitor+1","Self Repair"],"campfire_rested":1,"item_purchase_floors":[4,21],"current_hp_per_floor":[75,75,75,75,70,70,54,54,54,38,31,26,15,15,37,29,75,68,41,41,41,0,0],"gold":160,"neow_bonus":"THREE_ENEMY_KILL","is_daily":false,"chose_seed":false,"campfire_upgraded":2,"win_rate":0.0,"timestamp":1609918121,"path_taken":["M","M","M","$","M","R","M","R","T","E","M","?","E","?","R","BOSS","M","M","?","$","M"],"items_purchased_type":["Card","Card"],"build_version":"2020-12-22","purchased_purges":2,"victory":false,"max_hp_per_floor":[75,75,75,75,75,75,75,75,75,75,75,75,75,75,75,75,75,75,75,75,75,75,75],"card_choices":[{"not_picked":["Redo","Lockon"],"picked":"Storm","floor":1},{"not_picked":["Skim","BasicCrystalCard"],"picked":"Cold Snap","floor":2},{"not_picked":["Beam Cell","Leap"],"picked":"Gash","floor":3},{"not_picked":["Steam","ReplayTheSpireMod:GoodbyeWorld"],"picked":"Tempest","floor":5},{"not_picked":["Seek","Compile Driver"],"picked":"Sweeping Beam","floor":7},{"not_picked":["Auto Shields","FTL"],"picked":"Reboot","floor":10},{"not_picked":["BasicCrystalCard","Stack"],"picked":"Coolheaded","floor":11},{"not_picked":["Leap","Conserve Battery"],"picked":"Gash","floor":12},{"not_picked":["Rebound","Machine Learning"],"picked":"Go for the Eyes","floor":13},{"not_picked":["Stack","Coolheaded"],"picked":"Hologram","floor":14},{"not_picked":["Hologram","Self Repair"],"picked":"BootSequence","floor":14},{"not_picked":["Buffer","Echo Form"],"picked":"Fission","floor":16},{"not_picked":["Fusion","Streamline"],"picked":"Gash","floor":18},{"not_picked":["Hologram","Steam Power"],"picked":"Beam Cell","floor":19}],"player_experience":65917,"relics_obtained":[{"floor":9,"key":"Chameleon Ring"},{"floor":10,"key":"Pen Nib"},{"floor":12,"key":"Odd Mushroom"},{"floor":13,"key":"Torii"},{"floor":14,"key":"Solar Panel"}],"event_choices":[{"damage_healed":0,"gold_gain":0,"player_choice":"Fought Mushrooms","damage_taken":0,"max_hp_gain":0,"max_hp_loss":0,"event_name":"Mushrooms","floor":12,"gold_loss":0},{"cards_removed":["Strike_B"],"damage_healed":0,"gold_gain":0,"player_choice":"Elegance","damage_taken":0,"max_hp_gain":0,"max_hp_loss":0,"event_name":"Back to Basics","floor":20,"gold_loss":0}],"is_beta":false,"boss_relics":[{"not_picked":["Replay:Grab Bag","Runic Dome"],"picked":"FrozenCore"}],"items_purged_floors":[4,21],"is_endless":false,"potions_floor_spawned":[1,3,7,11,13,18],"killed_by":"3 Cultists","ascension_level":0}}