{"host":"hgkb2zpbo2dcws21","time":1609944017,"event":{"mods":["AchievementEnabler","BaseMod","Colored Map","Colored Powertips","Custom Start","DeckTracker","KOR Keyword Fix","Minty Spire (QoL Compilation)","Relic Stats","StSLib","SuperFastMode"],"gold_per_floor":[109,109,123,17,167,167,197,197,221,221,247,172,202,230,242,326,338,362,274,309,309,326,326,326],"floor_reached":23,"playtime":472,"items_purged":["Strike_R","Strike_R"],"score":460,"play_id":"79ba40c1-cb7f-4aa1-bb65-f5e962f715e4","local_time":"20210106234017","is_ascension_mode":true,"campfire_choices":[{"data":"Bludgeon","floor":15,"key":"SMITH"}],"circlet_count":0,"master_deck":["AscendersBane","Strike_R","Defend_R","Defend_R","Defend_R","Defend_R","Bash","Pommel Strike","Flash of Steel","Shrug It Off","Bludgeon+1","Dual Wield","Offering","Twin Strike","Rage","Shrug It Off"],"relics":["Burning Blood","NeowsBlessing","Gremlin Horn","Regal Pillow","Ancient Tea Set","Strawberry","MawBank","Philosopher\u0027s Stone","Red Mask"],"acts_visited":["Exordium","TheCity"],"potions_floor_usage":[11,20],"damage_taken":[{"damage":0,"enemies":"Jaw Worm","floor":1,"turns":1},{"damage":0,"enemies":"Small Slimes","floor":3,"turns":1},{"damage":0,"enemies":"Lagavulin","floor":7,"turns":1},{"damage":12,"enemies":"3 Sentries","floor":11,"turns":5},{"damage":32,"enemies":"Lagavulin","floor":13,"turns":5},{"damage":0,"enemies":"2 Louse","floor":14,"turns":2},{"damage":6,"enemies":"Slime Boss","floor":16,"turns":6},{"damage":42,"enemies":"Shell Parasite","floor":18,"turns":4},{"damage":7,"enemies":"Masked Bandits","floor":20,"turns":2},{"damage":33,"enemies":"3 Byrds","floor":22,"turns":8},{"damage":9,"enemies":"Slavers","floor":23,"turns":2}],"seed_played":"5031084908060277088","potions_obtained":[{"floor":1,"key":"BlessingOfTheForge"},{"floor":14,"key":"Energy Potion"},{"floor":16,"key":"LiquidMemories"},{"floor":22,"key":"Weak Potion"}],"is_trial":false,"path_per_floor":["M","?","M","$","?","T","E","?","T","?","E","$","E","M","R","B",null,"M","$","?","?","M","E"],"character_chosen":"IRONCLAD","items_purchased":["Flash of Steel"],"campfire_rested":0,"item_purchase_floors":[4],"current_hp_per_floor":[74,67,73,73,73,73,75,75,75,75,76,76,50,56,56,56,76,40,40,39,39,12,3,3],"gold":326,"neow_bonus":"THREE_ENEMY_KILL","is_daily":false,"chose_seed":false,"campfire_upgraded":1,"win_rate":0.0,"timestamp":1609944017,"path_taken":["M","?","M","?","?","?","E","?","T","?","E","$","E","?","R","BOSS","M","$","?","?","M","E"],"items_purchased_type":["Card"],"build_version":"2020-12-22","purchased_purges":2,"victory":false,"max_hp_per_floor":[75,75,75,75,75,75,75,75,75,75,82,82,82,82,82,82,82,82,82,82,82,82,82,82],"relic_stats":{"Regal Pillow":0,"Gremlin Horn":[8,8],"counters":[11,37],"MawBank":72,"obtain_stats":[{"Regal Pillow":7,"NeowsBlessing":0,"Gremlin Horn":6,"Strawberry":11,"Philosopher\u0027s Stone":17,"Red Mask":20,"Ancient Tea Set":9,"MawBank":13,"Burning Blood":0},{"Regal Pillow":3,"NeowsBlessing":0,"Gremlin Horn":2,"Strawberry":4,"Philosopher\u0027s Stone":7,"Red Mask":9,"Ancient Tea Set":3,"MawBank":5,"Burning Blood":0},{"Regal Pillow":3,"NeowsBlessing":0,"Gremlin Horn":2,"Strawberry":8,"Philosopher\u0027s Stone":21,"Red Mask":27,"Ancient Tea Set":3,"MawBank":13,"Burning Blood":0}],"Burning Blood":56},"card_choices":[{"not_picked":["Seeing Red","Heavy Blade"],"picked":"Pommel Strike","floor":1},{"not_picked":["Perfected Strike","Heavy Blade","Dropkick"],"picked":"SKIP","floor":3},{"not_picked":["Anger","Sentinel"],"picked":"Shrug It Off","floor":7},{"not_picked":["Blood for Blood","Disarm","Feel No Pain"],"picked":"SKIP","floor":11},{"not_picked":["Hemokinesis","Body Slam"],"picked":"Dual Wield","floor":13},{"not_picked":["Sword Boomerang","Wild Strike","Thunderclap"],"picked":"SKIP","floor":14},{"not_picked":["Immolate","Corruption"],"picked":"Offering","floor":16},{"not_picked":["Heavy Blade","Clothesline"],"picked":"Twin Strike","floor":18},{"not_picked":["Thunderclap","Wild Strike"],"picked":"Rage","floor":20},{"not_picked":["Pummel","Anger"],"picked":"Shrug It Off","floor":22}],"player_experience":1131407,"relics_obtained":[{"floor":6,"key":"Gremlin Horn"},{"floor":7,"key":"Regal Pillow"},{"floor":9,"key":"Ancient Tea Set"},{"floor":11,"key":"Strawberry"},{"floor":13,"key":"MawBank"},{"floor":20,"key":"Red Mask"}],"event_choices":[{"cards_removed":["Strike_R"],"damage_healed":0,"gold_gain":0,"player_choice":"Card Removal","damage_taken":7,"max_hp_gain":0,"max_hp_loss":0,"event_name":"Golden Wing","floor":2,"gold_loss":0},{"damage_healed":0,"gold_gain":150,"player_choice":"AGREE","damage_taken":0,"max_hp_gain":0,"max_hp_loss":0,"event_name":"Liars Game","floor":5,"gold_loss":0,"cards_obtained":["Doubt"]},{"cards_removed":["Doubt"],"damage_healed":0,"gold_gain":0,"player_choice":"Forget","damage_taken":0,"max_hp_gain":0,"max_hp_loss":0,"event_name":"Living Wall","floor":8,"gold_loss":0},{"damage_healed":0,"gold_gain":0,"cards_transformed":["Strike_R"],"player_choice":"Transformed","damage_taken":0,"max_hp_gain":0,"max_hp_loss":0,"event_name":"Transmorgrifier","floor":10,"gold_loss":0,"cards_obtained":["Bludgeon"]},{"damage_healed":0,"gold_gain":0,"player_choice":"Fought Bandits","damage_taken":0,"max_hp_gain":0,"max_hp_loss":0,"event_name":"Masked Bandits","floor":20,"gold_loss":0},{"damage_healed":0,"gold_gain":0,"player_choice":"Ignored","damage_taken":0,"max_hp_gain":0,"max_hp_loss":0,"event_name":"Ghosts","floor":21,"gold_loss":0}],"is_beta":false,"boss_relics":[{"not_picked":["Coffee Dripper","Tiny House"],"picked":"Philosopher\u0027s Stone"}],"items_purged_floors":[12,19],"is_endless":false,"potions_floor_spawned":[1,14,16,18,22],"killed_by":"Slavers","ascension_level":20}}