{"host":"w4b7hmige5bnqipq","time":1609918292,"event":{"mods":["2.2 Compatiblity","BaseMod","Colored Map","DeckTracker","Keyboard Shortcuts","Minty Spire (QoL Compilation)","Permanent Neow","Rare Cards Sparkle","SuperFastMode","everything is the same but u backflip on backflip","slay the spire mod where everything is the same but ironclad has a cowboy hat"],"gold_per_floor":[116,41,52,52,52,52,52,52,120,132,147,181,181,213,213,289,289,301,301,151,179,179,179],"floor_reached":22,"playtime":674,"items_purged":["Strike_G"],"score":380,"play_id":"03df2569-0d82-4648-8bc2-1ee654b83297","local_time":"20210106163132","is_ascension_mode":true,"campfire_choices":[{"data":"Noxious Fumes","floor":6.0,"key":"SMITH"},{"data":"Neutralize","floor":8.0,"key":"SMITH"},{"data":"Backflip","floor":13.0,"key":"SMITH"},{"floor":15.0,"key":"REST"}],"circlet_count":0,"master_deck":["AscendersBane","Strike_G","Strike_G","Strike_G","Defend_G","Defend_G","Defend_G","Defend_G","Survivor","Neutralize+1","Backflip+1","Noxious Fumes+1","Leg Sweep","Blade Dance","Reflex","Backstab","Envenom+1","Accuracy+1"],"relics":["Ring of the Snake","Tough Bandages","Gremlin Horn","Frozen Egg 2","Potion Belt","Philosopher\u0027s Stone","Red Mask"],"acts_visited":["Exordium","TheCity"],"potions_floor_usage":[22],"damage_taken":[{"damage":0.0,"enemies":"2 Louse","floor":1.0,"turns":2.0},{"damage":1.0,"enemies":"Jaw Worm","floor":3.0,"turns":8.0},{"damage":0.0,"enemies":"Cultist","floor":10.0,"turns":5.0},{"damage":26.0,"enemies":"Exordium Thugs","floor":11.0,"turns":7.0},{"damage":7.0,"enemies":"Lagavulin","floor":12.0,"turns":9.0},{"damage":33.0,"enemies":"Gremlin Nob","floor":14.0,"turns":5.0},{"damage":20.0,"enemies":"Hexaghost","floor":16.0,"turns":13.0},{"damage":25.0,"enemies":"3 Byrds","floor":18.0,"turns":5.0},{"damage":33.0,"enemies":"Masked Bandits","floor":21.0,"turns":5.0},{"damage":13,"enemies":"Chosen","floor":22,"turns":3}],"seed_played":"7843106873834403117","potions_obtained":[{"floor":1.0,"key":"Regen Potion"},{"floor":3.0,"key":"Energy Potion"},{"floor":14.0,"key":"BlessingOfTheForge"},{"floor":21.0,"key":"SkillPotion"}],"is_trial":false,"path_per_floor":["M","?","M","?","?","R","?","R","T","M","M","E","R","E","R","B",null,"M","?","$","?","M"],"character_chosen":"THE_SILENT","items_purchased":["Accuracy+1"],"campfire_rested":1,"item_purchase_floors":[20],"current_hp_per_floor":[59,59,58,58,51,51,60,60,60,60,34,42,42,9,27,7,47,22,34,34,1,0,0],"gold":179,"neow_bonus":"ONE_RARE_RELIC","is_daily":false,"chose_seed":false,"campfire_upgraded":3,"win_rate":0.0,"timestamp":1609918292,"path_taken":["M","?","M","?","?","R","?","R","T","?","M","E","R","E","R","BOSS","M","?","$","?","M"],"items_purchased_type":["Card"],"build_version":"2020-12-22","purchased_purges":1,"victory":false,"max_hp_per_floor":[60,60,60,60,60,60,60,60,60,60,60,60,60,60,60,60,60,60,60,60,60,60,60],"card_choices":[{"not_picked":["Leg Sweep","Catalyst"],"picked":"Backflip","floor":1.0},{"not_picked":["Dagger Spray","PiercingWail"],"picked":"Noxious Fumes","floor":3.0},{"not_picked":["Predator","Finisher"],"picked":"Leg Sweep","floor":10.0},{"not_picked":["Deadly Poison","A Thousand Cuts"],"picked":"Blade Dance","floor":11.0},{"not_picked":["Poisoned Stab","Calculated Gamble"],"picked":"Reflex","floor":12.0},{"not_picked":["PiercingWail","Choke"],"picked":"Backstab","floor":14.0},{"not_picked":["Night Terror","A Thousand Cuts+1"],"picked":"Envenom+1","floor":16.0},{"not_picked":["Dagger Spray","Flying Knee","Deflect"],"picked":"SKIP","floor":18.0}],"player_experience":471679,"relics_obtained":[{"floor":9.0,"key":"Gremlin Horn"},{"floor":12.0,"key":"Frozen Egg 2"},{"floor":14.0,"key":"Potion Belt"},{"floor":21.0,"key":"Red Mask"}],"event_choices":[{"cards_removed":["Strike_G"],"damage_healed":0.0,"max_hp_gain":0.0,"max_hp_loss":0.0,"gold_gain":0.0,"event_name":"The Cleric","player_choice":"Card Removal","floor":2.0,"gold_loss":75.0,"damage_taken":0.0},{"damage_healed":0.0,"max_hp_gain":0.0,"max_hp_loss":0.0,"gold_gain":0.0,"event_name":"Liars Game","player_choice":"Ignored","floor":4.0,"gold_loss":0.0,"damage_taken":0.0},{"cards_removed":["Defend_G"],"damage_healed":0.0,"max_hp_gain":0.0,"max_hp_loss":0.0,"gold_gain":0.0,"event_name":"Golden Wing","player_choice":"Card Removal","floor":5.0,"gold_loss":0.0,"damage_taken":7.0},{"damage_healed":9.0,"max_hp_gain":0.0,"max_hp_loss":0.0,"gold_gain":0.0,"event_name":"Wheel of Change","player_choice":"Full Heal","floor":7.0,"gold_loss":0.0,"damage_taken":0.0},{"damage_healed":12.0,"max_hp_gain":0.0,"max_hp_loss":0.0,"gold_gain":0.0,"event_name":"The Library","player_choice":"Heal","floor":19.0,"gold_loss":0.0,"damage_taken":0.0},{"damage_healed":0.0,"max_hp_gain":0.0,"max_hp_loss":0.0,"gold_gain":0.0,"event_name":"Masked Bandits","player_choice":"Fought Bandits","floor":21.0,"gold_loss":0.0,"damage_taken":0.0}],"is_beta":false,"boss_relics":[{"not_picked":["Astrolabe","Tiny House"],"picked":"Philosopher\u0027s Stone"}],"items_purged_floors":[20],"is_endless":false,"potions_floor_spawned":[1,3,14,21],"killed_by":"Chosen","ascension_level":20}}