{"host":"vucub2jtaeo9vgh1","time":1609962329,"event":{"mods":["BaseMod","BetterRewards","Minty Spire (QoL Compilation)","Quick Restart","Rare Cards Sparkle","Replay The Spire","StSLib"],"gold_per_floor":[117,66,78,5,21,48,48,64,90,90,122,134,34,47,47,149,149,163,176,51,61,160,188,188,202,275,310,320,353,453,453,453,550,550,562,264,284,284,130,158,208,235,235,12,27,27,40,66,66,66],"floor_reached":51,"playtime":3521,"items_purged":["Doubt","Strike_G","Toxin Wave","Defend_G"],"score":1555,"play_id":"e5a8516a-4a93-4688-b31a-4e7bbcfce249","local_time":"20210106204529","is_ascension_mode":false,"campfire_choices":[{"data":"Draining Mist","floor":7.0,"key":"SMITH"},{"data":"Cloak And Dagger","floor":10.0,"key":"SMITH"},{"floor":15.0,"key":"REST"},{"data":"ReplayTheSpireMod:Scrap Shanks","floor":24.0,"key":"SMITH"},{"data":"Blade Dance","floor":32.0,"key":"SMITH"},{"data":"Accuracy","floor":49,"key":"SMITH"}],"circlet_count":1,"master_deck":["Strike_G+1","Strike_G+1","Defend_G","Defend_G","Defend_G","Defend_G","Survivor","Neutralize","Footwork","Infinite Blades","Cloak And Dagger+1","After Image","Blade Dance+1","Cloak And Dagger","Pot Of Greed","Pot Of Greed","ReplayTheSpireMod:Scrap Shanks+1","Prepared","Adrenaline","Prepared","Pot Of Greed","Prepared","ReplayTheSpireMod:Scrap Shanks+1","Cloak And Dagger+1","Phantasmal Killer","Accuracy+1"],"relics":["Ring of the Snake","Lizard Tail","ReplayTheSpireMod:CursedCoin","Replay:Kaleidoscope","Replay:Rubber Ducky","Whetstone","Grinning Jar","Replay:Drink Me","Potion Belt","Molten Egg 2","Eternal Feather","Replay:Baseball","InkBottle","Circlet","Snecko Scales","Nunchaku","Pen Nib","Oddly Smooth Stone","Mango","ReplayTheSpireMod:Lightbulb","Centennial Puzzle","Vajra","Toy Ornithopter"],"acts_visited":["Exordium","TheCity","TheBeyond"],"potions_floor_usage":[50,50,50],"damage_taken":[{"damage":2.0,"enemies":"Cultist","floor":1.0,"turns":4.0},{"damage":0.0,"enemies":"Small Slimes","floor":3.0,"turns":4.0},{"damage":6.0,"enemies":"Jaw Worm","floor":5.0,"turns":5.0},{"damage":11.0,"enemies":"Lagavulin","floor":6.0,"turns":9.0},{"damage":6.0,"enemies":"Exordium Wildlife","floor":8.0,"turns":5.0},{"damage":3.0,"enemies":"Gremlin Nob","floor":11.0,"turns":4.0},{"damage":0.0,"enemies":"2 Fungi Beasts","floor":12.0,"turns":3.0},{"damage":0.0,"enemies":"3 Louse","floor":14.0,"turns":3.0},{"damage":10.0,"enemies":"The Guardian","floor":16.0,"turns":13.0},{"damage":0.0,"enemies":"Chosen","floor":18.0,"turns":6.0},{"damage":0.0,"enemies":"Shell Parasite","floor":19.0,"turns":6.0},{"damage":0.0,"enemies":"Centurion and Healer","floor":21.0,"turns":7.0},{"damage":9.0,"enemies":"Slavers","floor":23.0,"turns":4.0},{"damage":0.0,"enemies":"Sentry and Sphere","floor":25.0,"turns":6.0},{"damage":0.0,"enemies":"Book of Stabbing","floor":27.0,"turns":5.0},{"damage":0.0,"enemies":"Snecko","floor":28.0,"turns":5.0},{"damage":6.0,"enemies":"Slavers","floor":29.0,"turns":9.0},{"damage":5.0,"enemies":"Colosseum Slavers","floor":30.0,"turns":4.0},{"damage":0.0,"enemies":"Colosseum Nobs","floor":30.0,"turns":5.0},{"damage":0,"enemies":"Pondfish","floor":33,"turns":11},{"damage":0,"enemies":"3 Shapes","floor":35,"turns":3},{"damage":0,"enemies":"3 Darklings","floor":37,"turns":2},{"damage":3,"enemies":"Nemesis","floor":40,"turns":3},{"damage":0,"enemies":"Mind Bloom Boss Battle","floor":41,"turns":3},{"damage":0,"enemies":"Giant Head","floor":42,"turns":3},{"damage":3,"enemies":"Sphere and 2 Shapes","floor":45,"turns":2},{"damage":0,"enemies":"Transient","floor":47,"turns":4},{"damage":0,"enemies":"Reptomancer","floor":48,"turns":2},{"damage":0,"enemies":"Awakened One","floor":50,"turns":3}],"seed_played":"4951366582244890276","potions_obtained":[{"floor":5.0,"key":"SkillPotion"},{"floor":6.0,"key":"Regen Potion"},{"floor":8.0,"key":"LiquidMemories"},{"floor":12.0,"key":"SpeedPotion"},{"floor":14.0,"key":"SteroidPotion"},{"floor":18.0,"key":"DistilledChaos"},{"floor":21.0,"key":"PowerPotion"},{"floor":27.0,"key":"DistilledChaos"},{"floor":33,"key":"Reflective Coating"},{"floor":35,"key":"BlessingOfTheForge"},{"floor":40,"key":"SkillPotion"},{"floor":47,"key":"LiquidMemories"},{"floor":48,"key":"BlessingOfTheForge"}],"is_trial":false,"path_per_floor":["M","$","M","$","M","E","R","M","T","R","E","M","$","M","R","B",null,"M","M","$","M","?","E","R","M","T","E","M","E","?","?","R","B",null,"M","$","M","?","$","E","?","E","T","$","M","?","M","E","R","B",null],"character_chosen":"THE_SILENT","items_purchased":["ReplayTheSpireMod:CursedCoin","Footwork","Toxin Wave","Infinite Blades","Cloak And Dagger","After Image","Nunchaku","Pen Nib","Accuracy","Vajra"],"campfire_rested":1,"item_purchase_floors":[0,0,0,0,2,4,36,39,44,44],"current_hp_per_floor":[40,40,40,40,34,23,23,31,31,31,28,28,28,28,49,39,53,53,53,53,53,53,44,44,44,44,44,44,38,33,33,48,48,53,53,53,53,53,53,50,64,64,64,64,61,61,61,61,64,64],"gold":66,"neow_bonus":"","is_daily":false,"chose_seed":false,"campfire_upgraded":5,"win_rate":0.0,"timestamp":1609962329,"path_taken":["M","$","M","?","M","E","R","?","T","R","E","M","$","M","R","BOSS","M","?","?","M","?","E","R","M","T","E","M","E","?","?","R","BOSS","M","$","M","?","$","E","?","E","T","$","M","?","M","E","R","BOSS"],"items_purchased_type":["Relic","Card","Card","Card","Card","Card","Relic","Relic","Card","Relic"],"build_version":"2020-12-22","purchased_purges":4,"victory":true,"max_hp_per_floor":[70,70,70,70,70,70,70,70,70,70,70,70,70,70,70,70,53,53,53,53,53,53,53,53,53,53,53,53,53,53,53,53,53,53,53,53,53,53,53,53,67,67,67,67,67,64,64,64,64,64],"card_choices":[{"not_picked":["Setup","Deadly Poison","PiercingWail"],"picked":"SKIP","floor":1.0},{"not_picked":["Poisoned Stab","Well Laid Plans","Dagger Throw"],"picked":"SKIP","floor":3.0},{"not_picked":["Well Laid Plans","Dagger Spray"],"picked":"Draining Mist","floor":5.0},{"not_picked":["Masterful Stab","Flying Knee"],"picked":"Blade Dance","floor":6.0},{"not_picked":["Endless Agony","PiercingWail"],"picked":"Cloak And Dagger","floor":8.0},{"not_picked":["Cloak And Dagger","Dagger Spray","Malaise"],"picked":"SKIP","floor":11.0},{"not_picked":["Flying Knee","ReplayTheSpireMod:Exploit Weakness"],"picked":"ReplayTheSpireMod:Scrap Shanks","floor":12.0},{"not_picked":["Dodge and Roll","Poisoned Stab"],"picked":"Prepared","floor":14.0},{"not_picked":["Corpse Explosion","Bullet Time"],"picked":"Adrenaline","floor":16.0},{"not_picked":["Backflip+1","Outmaneuver+1","Expertise+1"],"picked":"SKIP","floor":18.0},{"not_picked":["Expertise","Setup+1"],"picked":"Prepared","floor":19.0},{"not_picked":["Sucker Punch","Deflect+1","Poisoned Stab"],"picked":"SKIP","floor":21.0},{"not_picked":["Flechettes","Dagger Spray"],"picked":"Prepared","floor":23.0},{"not_picked":["Flying Knee","All Out Attack","Dodge and Roll"],"picked":"SKIP","floor":25.0},{"not_picked":["Bane+1","Deflect","Noxious Fumes"],"picked":"SKIP","floor":27.0},{"not_picked":["Blade Dance","PiercingWail+1","Outmaneuver"],"picked":"SKIP","floor":28.0},{"not_picked":["Finisher+1","Dagger Throw+1"],"picked":"ReplayTheSpireMod:Scrap Shanks+1","floor":29.0},{"not_picked":["Outmaneuver","Riddle With Holes+1"],"picked":"Cloak And Dagger+1","floor":30.0},{"not_picked":["Doppelganger","Glass Knife+1"],"picked":"Phantasmal Killer","floor":33},{"not_picked":["Dagger Spray+1","Setup+1","Bouncing Flask"],"picked":"SKIP","floor":35},{"not_picked":["Poisoned Stab+1","PiercingWail+1","Sucker Punch+1"],"picked":"SKIP","floor":37},{"not_picked":["Dodge and Roll","Dagger Spray+1","Outmaneuver+1"],"picked":"SKIP","floor":40},{"not_picked":["Slice+1","Bullet Time","Deadly Poison+1"],"picked":"SKIP","floor":42},{"not_picked":["Acrobatics+1","Bane+1","Leg Sweep+1"],"picked":"SKIP","floor":45},{"not_picked":["Heel Hook+1","Reflex+1","Blur"],"picked":"SKIP","floor":47},{"not_picked":["Quick Slash+1","Cloak And Dagger+1","Backflip+1"],"picked":"SKIP","floor":48}],"player_experience":264798,"relics_obtained":[{"floor":6.0,"key":"Replay:Rubber Ducky"},{"floor":9.0,"key":"Whetstone"},{"floor":11.0,"key":"Grinning Jar"},{"floor":23.0,"key":"Potion Belt"},{"floor":26.0,"key":"Molten Egg 2"},{"floor":27.0,"key":"Eternal Feather"},{"floor":29.0,"key":"Replay:Baseball"},{"floor":30.0,"key":"Dead Branch"},{"floor":30.0,"key":"InkBottle"},{"floor":40,"key":"Oddly Smooth Stone"},{"floor":41,"key":"Mango"},{"floor":42,"key":"ReplayTheSpireMod:Lightbulb"},{"floor":43,"key":"Centennial Puzzle"},{"floor":48,"key":"Toy Ornithopter"}],"event_choices":[{"damage_healed":0.0,"max_hp_gain":0.0,"max_hp_loss":0.0,"gold_gain":99.0,"event_name":"Nest","player_choice":"Stole From Cult","floor":22.0,"gold_loss":0.0,"damage_taken":0.0},{"damage_healed":0.0,"max_hp_gain":0.0,"max_hp_loss":0.0,"gold_gain":0.0,"event_name":"Colosseum","player_choice":"Fight","floor":30.0,"gold_loss":0.0,"damage_taken":0.0},{"damage_healed":0.0,"max_hp_gain":0.0,"max_hp_loss":0.0,"gold_gain":0.0,"event_name":"Colosseum","player_choice":"Fought Nobs","floor":30.0,"gold_loss":0.0,"damage_taken":0.0},{"damage_healed":0.0,"max_hp_gain":0.0,"max_hp_loss":0.0,"gold_gain":0.0,"event_name":"Ghosts","player_choice":"Ignored","floor":31.0,"gold_loss":0.0,"damage_taken":0.0},{"damage_healed":0,"gold_gain":0,"player_choice":"Memory 1","damage_taken":0,"max_hp_gain":0,"max_hp_loss":0,"event_name":"SensoryStone","floor":38,"gold_loss":0},{"damage_healed":0,"gold_gain":0,"player_choice":"Fight","damage_taken":0,"max_hp_gain":0,"max_hp_loss":0,"event_name":"MindBloom","floor":41,"gold_loss":0},{"damage_healed":0,"gold_gain":0,"player_choice":"Max HP","damage_taken":0,"max_hp_gain":0,"max_hp_loss":3,"event_name":"Winding Halls","floor":46,"gold_loss":0}],"is_beta":false,"boss_relics":[{"not_picked":["Ectoplasm","Empty Cage"],"picked":"Replay:Drink Me"},{"not_picked":["Replay:Wanted Poster","Pandora\u0027s Box"],"picked":"Snecko Scales"}],"items_purged_floors":[0,13,20,36],"is_endless":false,"potions_floor_spawned":[5,6,8,12,14,18,21,27,30,33,35,40,47,48],"ascension_level":0}}