{"host":"isy2gwbfe91wqj1j","time":1609954420,"event":{"mods":["AchievementEnabler","BaseMod","Better Altar","Better Match","Better Note","Better Sensory Stone","Better Skull","Better Third Choice","BetterRewards","Minty Spire (QoL Compilation)","StSLib"],"gold_per_floor":[111,50,64,75,95,20,33,33,78,106,136,154,154,166,166,166,166],"floor_reached":16,"playtime":633,"items_purged":["Strike_R"],"score":169,"play_id":"06bf8438-d1cf-44cf-be8f-09f75ff43a19","local_time":"20210106103340","is_ascension_mode":true,"campfire_choices":[{"floor":8,"key":"REST"},{"floor":13,"key":"REST"},{"data":"Apotheosis","floor":15,"key":"SMITH"}],"circlet_count":0,"master_deck":["Strike_R","Strike_R","Strike_R","Strike_R","Defend_R","Defend_R","Defend_R","Defend_R","Bash","Apotheosis+1","Metallicize","Whirlwind+1","Evolve"],"relics":["Burning Blood","Molten Egg 2","Vajra","Juzu Bracelet"],"acts_visited":["Exordium"],"potions_floor_usage":[10,16,16],"damage_taken":[{"damage":23,"enemies":"Jaw Worm","floor":1,"turns":4},{"damage":6,"enemies":"Cultist","floor":3,"turns":5},{"damage":12,"enemies":"2 Louse","floor":4,"turns":4},{"damage":14,"enemies":"Large Slime","floor":5,"turns":8},{"damage":10,"enemies":"Blue Slaver","floor":7,"turns":4},{"damage":22,"enemies":"Lagavulin","floor":10,"turns":5},{"damage":15,"enemies":"Gremlin Gang","floor":12,"turns":3},{"damage":30,"enemies":"Exordium Thugs","floor":14,"turns":6},{"damage":45,"enemies":"Hexaghost","floor":16,"turns":11}],"seed_played":"3653500535933122815","potions_obtained":[{"floor":1,"key":"CultistPotion"},{"floor":3,"key":"SteroidPotion"},{"floor":5,"key":"Ancient Potion"}],"is_trial":false,"path_per_floor":["M","?","M","M","M","$","M","R","T","E","?","M","R","M","R","B"],"character_chosen":"IRONCLAD","items_purchased":["Apotheosis"],"campfire_rested":2,"item_purchase_floors":[0],"current_hp_per_floor":[63,63,63,57,49,49,45,69,69,53,53,44,68,44,44,0,0],"gold":166,"neow_bonus":"","is_daily":false,"chose_seed":false,"campfire_upgraded":1,"win_rate":0.0,"timestamp":1609954420,"path_taken":["M","?","M","M","M","?","M","R","T","E","?","M","R","M","R","BOSS"],"items_purchased_type":["Card"],"build_version":"2020-12-22","purchased_purges":1,"victory":false,"max_hp_per_floor":[80,80,80,80,80,80,80,80,80,80,80,80,80,80,80,80,80],"card_choices":[{"not_picked":["Warcry","Havoc","Sever Soul"],"picked":"SKIP","floor":1},{"not_picked":["Twin Strike+1","Infernal Blade"],"picked":"Metallicize","floor":3},{"not_picked":["Warcry","Sever Soul+1","Wild Strike+1"],"picked":"SKIP","floor":4},{"not_picked":["Sever Soul+1","True Grit","Combust"],"picked":"SKIP","floor":5},{"not_picked":["Iron Wave+1","Pommel Strike+1"],"picked":"Whirlwind+1","floor":7},{"not_picked":["Cleave+1","Perfected Strike+1"],"picked":"Evolve","floor":10},{"not_picked":["Clash+1","Headbutt+1","Flex"],"picked":"SKIP","floor":12},{"not_picked":["Clothesline+1","Inflame","Pommel Strike+1"],"picked":"SKIP","floor":14}],"player_experience":152722,"relics_obtained":[{"floor":9,"key":"Vajra"},{"floor":10,"key":"Juzu Bracelet"}],"event_choices":[{"damage_healed":0,"gold_gain":0,"player_choice":"Paid Gold","damage_taken":0,"relics_obtained":["Molten Egg 2"],"max_hp_gain":0,"max_hp_loss":0,"event_name":"WeMeetAgain","floor":2,"gold_loss":61},{"damage_healed":0,"gold_gain":30,"player_choice":"Searched \u00271\u0027 times","damage_taken":0,"max_hp_gain":0,"max_hp_loss":0,"event_name":"Dead Adventurer","floor":11,"gold_loss":0}],"is_beta":false,"boss_relics":[],"items_purged_floors":[6],"is_endless":false,"potions_floor_spawned":[1,3,5,7],"killed_by":"Hexaghost","ascension_level":2}}