{"host":"nsxzlb359hv0da5z","time":1609967410,"event":{"mods":["BaseMod","Bestiary","Colored Map","Minty Spire (QoL Compilation)","Permanent Neow","Relic Stats","Slay the Relics Exporter","ojb\u0027s Info Mod"],"gold_per_floor":[111,122,122,132,148,173,173,206,252,252,278,306,306,60,60,131,131,142,142,162,162,52,66,84,116,116,116,146,146,181,197,197,274,274,287,299,17,32,43,74,99,99,99],"floor_reached":42,"playtime":3111,"items_purged":[],"score":1062,"play_id":"8b267221-7c3a-4e2b-b787-be8677bf53e1","local_time":"20210106131010","is_ascension_mode":true,"campfire_choices":[{"data":"Deadly Poison","floor":7,"key":"SMITH"},{"data":"Neutralize","floor":13,"key":"SMITH"},{"floor":15,"key":"REST"},{"data":"Glass Knife","floor":27,"key":"SMITH"},{"floor":29,"key":"REST"},{"data":"Backflip","floor":32,"key":"SMITH"}],"circlet_count":0,"master_deck":["AscendersBane","Strike_G+1","Strike_G+1","Strike_G+1","Strike_G+1","Defend_G+1","Defend_G+1","Defend_G+1","Defend_G+1","Defend_G+1","Survivor","Neutralize+1","Dagger Spray","Underhanded Strike","Deadly Poison+1","Blur","Dash","Noxious Fumes","Eviscerate","Glass Knife+1","Blade Dance","Backflip+1","Blade Dance","Doppelganger","Blur","PiercingWail+1","Adrenaline","Crippling Poison","Terror","Cloak And Dagger+1","Adrenaline","Well Laid Plans"],"relics":["Ring of the Snake","Regal Pillow","Boot","Shuriken","Snake Skull","Odd Mushroom","Centennial Puzzle","Runic Dome","Strawberry","Darkstone Periapt","Bag of Marbles","Blue Candle","SlaversCollar","Pantograph","Lantern","Orichalcum"],"acts_visited":["Exordium","TheCity","TheBeyond"],"potions_floor_usage":[6,8,24,33,40,42,42,42],"damage_taken":[{"damage":5,"enemies":"Small Slimes","floor":1,"turns":5},{"damage":0,"enemies":"Cultist","floor":2,"turns":4},{"damage":0,"enemies":"2 Louse","floor":4,"turns":3},{"damage":4,"enemies":"Blue Slaver","floor":5,"turns":4},{"damage":21,"enemies":"Gremlin Nob","floor":6,"turns":4},{"damage":15,"enemies":"3 Sentries","floor":8,"turns":6},{"damage":29,"enemies":"Lagavulin","floor":11,"turns":6},{"damage":0,"enemies":"The Mushroom Lair","floor":12,"turns":3},{"damage":19,"enemies":"Hexaghost","floor":16,"turns":8},{"damage":4,"enemies":"3 Byrds","floor":18,"turns":4},{"damage":2,"enemies":"Spheric Guardian","floor":20,"turns":4},{"damage":1,"enemies":"Snecko","floor":23,"turns":6},{"damage":8,"enemies":"Shelled Parasite and Fungi","floor":24,"turns":6},{"damage":25,"enemies":"Book of Stabbing","floor":25,"turns":5},{"damage":13,"enemies":"Slavers","floor":28,"turns":5},{"damage":1,"enemies":"Gremlin Leader","floor":30,"turns":5},{"damage":16,"enemies":"Chosen and Byrds","floor":31,"turns":5},{"damage":35,"enemies":"Champ","floor":33,"turns":11},{"damage":0,"enemies":"Orb Walker","floor":35,"turns":3},{"damage":0,"enemies":"3 Shapes","floor":36,"turns":6},{"damage":6,"enemies":"Transient","floor":38,"turns":6},{"damage":28,"enemies":"Jaw Worm Horde","floor":39,"turns":4},{"damage":0,"enemies":"Nemesis","floor":40,"turns":6},{"damage":32,"enemies":"Giant Head","floor":42,"turns":6}],"seed_played":"1473579141176312440","potions_obtained":[{"floor":2,"key":"Explosive Potion"},{"floor":5,"key":"CunningPotion"},{"floor":11,"key":"FairyPotion"},{"floor":18,"key":"Ancient Potion"},{"floor":28,"key":"BlessingOfTheForge"},{"floor":33,"key":"AttackPotion"},{"floor":35,"key":"EntropicBrew"},{"floor":38,"key":"Dexterity Potion"},{"floor":40,"key":"GamblersBrew"}],"is_trial":false,"path_per_floor":["M","M","?","M","M","E","R","E","T","?","E","?","R","$","R","B",null,"M","?","M","?","?","M","M","E","T","R","E","R","E","M","R","B",null,"M","M","$","M","M","E","T","E"],"character_chosen":"THE_SILENT","items_purchased":["Centennial Puzzle","Backflip","Blade Dance","Pantograph"],"campfire_rested":2,"item_purchase_floors":[14,14,14,37],"current_hp_per_floor":[54,54,54,54,50,29,29,14,14,36,7,7,7,7,41,22,55,51,51,49,49,49,48,40,22,22,22,9,45,44,28,28,21,60,60,60,60,54,26,26,26,0,0],"gold":99,"neow_bonus":"RANDOM_COMMON_RELIC","is_daily":false,"chose_seed":false,"campfire_upgraded":4,"win_rate":0.0,"timestamp":1609967410,"path_taken":["M","M","?","M","?","E","R","E","T","?","E","?","R","$","R","BOSS","M","?","?","?","?","M","M","E","T","R","E","R","E","M","R","BOSS","M","M","$","M","?","E","?","E"],"items_purchased_type":["Relic","Card","Card","Relic"],"build_version":"2020-12-22","purchased_purges":0,"victory":false,"max_hp_per_floor":[66,66,66,66,66,66,66,66,66,66,66,66,66,66,66,66,66,66,66,66,66,66,66,66,73,73,73,73,73,73,73,73,73,73,73,73,73,73,73,73,73,73,73],"relic_stats":{"Darkstone Periapt":0,"Regal Pillow":30,"Centennial Puzzle":[39],"counters":[24,125],"Shuriken":[56],"Blue Candle":[0],"Pantograph":0,"Snake Skull":[102],"Orichalcum":[0],"Boot":[118],"obtain_stats":[{"Darkstone Periapt":26,"Regal Pillow":0,"Lantern":40,"Blue Candle":30,"Snake Skull":11,"Odd Mushroom":12,"Orichalcum":41,"Boot":6,"Runic Dome":17,"SlaversCollar":34,"Centennial Puzzle":14,"Shuriken":8,"Strawberry":25,"Pantograph":37,"Bag of Marbles":28,"Ring of the Snake":0},{"Darkstone Periapt":14,"Regal Pillow":0,"Lantern":23,"Blue Candle":16,"Snake Skull":7,"Odd Mushroom":8,"Orichalcum":23,"Boot":5,"Runic Dome":9,"SlaversCollar":18,"Centennial Puzzle":8,"Shuriken":6,"Strawberry":14,"Pantograph":20,"Bag of Marbles":15,"Ring of the Snake":0},{"Darkstone Periapt":68,"Regal Pillow":0,"Lantern":119,"Blue Candle":78,"Snake Skull":32,"Odd Mushroom":35,"Orichalcum":119,"Boot":20,"Runic Dome":43,"SlaversCollar":94,"Centennial Puzzle":35,"Shuriken":26,"Strawberry":68,"Pantograph":103,"Bag of Marbles":73,"Ring of the Snake":0}],"Ring of the Snake":[48]},"card_choices":[{"not_picked":["Caltrops","Sucker Punch"],"picked":"Dagger Spray","floor":1},{"not_picked":["Dagger Spray","Flechettes"],"picked":"Underhanded Strike","floor":2},{"not_picked":["Acrobatics","Prepared"],"picked":"Blur","floor":4},{"not_picked":["Blade Dance","Bane"],"picked":"Dash","floor":5},{"not_picked":["Well Laid Plans","Flying Knee"],"picked":"Noxious Fumes","floor":6},{"not_picked":["Flying Knee","Slice"],"picked":"Eviscerate","floor":8},{"not_picked":["Underhanded Strike","Well Laid Plans"],"picked":"Glass Knife","floor":11},{"not_picked":["Setup","Flechettes"],"picked":"Blade Dance","floor":12},{"not_picked":["Bullet Time","Grand Finale"],"picked":"Doppelganger","floor":16},{"not_picked":["Masterful Stab","Flying Knee+1","Riddle With Holes"],"picked":"SKIP","floor":18},{"not_picked":["Slice","Prepared"],"picked":"PiercingWail","floor":20},{"not_picked":["Finisher","Terror"],"picked":"Adrenaline","floor":23},{"not_picked":["Blade Dance","Deadly Poison"],"picked":"Crippling Poison","floor":24},{"not_picked":["Poisoned Stab","Unload"],"picked":"Terror","floor":25},{"not_picked":["Finisher","Flying Knee+1","Backflip"],"picked":"SKIP","floor":28},{"not_picked":["All Out Attack+1","Skewer","Bane+1"],"picked":"SKIP","floor":30},{"not_picked":["Underhanded Strike","Skewer"],"picked":"Cloak And Dagger+1","floor":31},{"not_picked":["Storm of Steel","Venomology"],"picked":"Adrenaline","floor":33},{"not_picked":["Riddle With Holes+1","Cloak And Dagger","Setup"],"picked":"SKIP","floor":35},{"not_picked":["Sucker Punch","Bane","Dash"],"picked":"SKIP","floor":36},{"not_picked":["Prepared","Deflect","Sucker Punch"],"picked":"SKIP","floor":38},{"not_picked":["Dagger Throw","Cloak And Dagger","Infinite Blades"],"picked":"SKIP","floor":39},{"not_picked":["Masterful Stab","Blade Dance+1"],"picked":"Well Laid Plans","floor":40}],"player_experience":1926564,"relics_obtained":[{"floor":6,"key":"Boot"},{"floor":8,"key":"Shuriken"},{"floor":11,"key":"Snake Skull"},{"floor":12,"key":"Odd Mushroom"},{"floor":25,"key":"Strawberry"},{"floor":26,"key":"Darkstone Periapt"},{"floor":28,"key":"Bag of Marbles"},{"floor":30,"key":"Blue Candle"},{"floor":40,"key":"Lantern"},{"floor":41,"key":"Orichalcum"}],"event_choices":[{"damage_healed":0,"gold_gain":0,"player_choice":"1 cards matched","damage_taken":0,"max_hp_gain":0,"max_hp_loss":0,"event_name":"Match and Keep!","floor":3,"gold_loss":0,"cards_obtained":["Deadly Poison"]},{"damage_healed":22,"gold_gain":0,"player_choice":"Banana","damage_taken":0,"max_hp_gain":0,"max_hp_loss":0,"event_name":"Big Fish","floor":10,"gold_loss":0},{"damage_healed":0,"gold_gain":0,"player_choice":"Fought Mushrooms","damage_taken":0,"max_hp_gain":0,"max_hp_loss":0,"event_name":"Mushrooms","floor":12,"gold_loss":0},{"damage_healed":0,"gold_gain":0,"player_choice":"Copied","damage_taken":0,"max_hp_gain":0,"max_hp_loss":0,"event_name":"Duplicator","floor":19,"gold_loss":0,"cards_obtained":["Blur"]},{"damage_healed":0,"gold_gain":0,"player_choice":"Simplicity","damage_taken":0,"max_hp_gain":0,"max_hp_loss":0,"event_name":"Back to Basics","floor":21,"gold_loss":0,"cards_upgraded":["Strike_G","Strike_G","Strike_G","Strike_G","Strike_G","Defend_G","Defend_G","Defend_G","Defend_G","Defend_G"]},{"cards_removed":["Strike_G"],"damage_healed":0,"gold_gain":0,"player_choice":"Upgrade and Remove","damage_taken":0,"max_hp_gain":0,"max_hp_loss":0,"event_name":"Designer","floor":22,"gold_loss":110,"cards_upgraded":["PiercingWail"]}],"is_beta":false,"boss_relics":[{"not_picked":["WristBlade","Pandora\u0027s Box"],"picked":"Runic Dome"},{"not_picked":["Philosopher\u0027s Stone","Astrolabe"],"picked":"SlaversCollar"}],"items_purged_floors":[],"is_endless":false,"potions_floor_spawned":[2,5,11,18,23,28,31,33,35,38,40],"killed_by":"Giant Head","ascension_level":20}}