{"host":"nox","time":1609919138,"event":{"mods":["Act Like it!","Aspiration","BaseMod","Better Altar","Better Match","Better Note","Better Sensory Stone","Better Skull","Better Third Choice","BetterRewards","Colored Powertips","Conspire","Energized Spire","GifTheSpireLib","Hubris","Infinite Spire","Minty Spire (QoL Compilation)","Pale of the Ancients","Quick Restart","Rare Cards Sparkle","Replay The Spire","Shop Mod","Spikes Relics","StSLib","Stuff the Spire","SuperFastMode","The Alterego","vexMod"],"gold_per_floor":[119,133,11,111,121,121,152,6,6,6,23,23,35,66,66,163,163,177,102,102,102,112,112,112],"floor_reached":23,"playtime":869,"items_purged":["Strike_R"],"score":318,"play_id":"ec48776f-fd67-426c-bcea-4688123998b1","local_time":"20210106144538","is_ascension_mode":true,"campfire_choices":[{"data":"Clash","floor":6.0,"key":"SMITH"},{"data":"Armaments","floor":10.0,"key":"SMITH"},{"floor":15.0,"key":"REST"}],"circlet_count":1,"master_deck":["AscendersBane","Strike_R+1","Strike_R+1","Strike_R+1","Strike_R+1","Defend_R","Bash+1","Armaments+1","Clash+1","Clash+1","Barricade+1","Anger"],"relics":["vexMod:ImprovementManual","aspiration:Lifesprig","Circlet","StuffTheSpire:GrapeVine","Replay:Drink Me","Guide Book"],"acts_visited":["Exordium","TheCity"],"potions_floor_usage":[],"damage_taken":[{"damage":0.0,"enemies":"2 Louse","floor":1.0,"turns":2.0},{"damage":4.0,"enemies":"Jaw Worm","floor":2.0,"turns":3.0},{"damage":0.0,"enemies":"conspire:RoseBush","floor":5.0,"turns":3.0},{"damage":3.0,"enemies":"Lagavulin","floor":7.0,"turns":5.0},{"damage":29.0,"enemies":"Exordium Thugs","floor":11.0,"turns":6.0},{"damage":16.0,"enemies":"Looter","floor":13.0,"turns":4.0},{"damage":18.0,"enemies":"Replay:BlueRogue","floor":14.0,"turns":8.0},{"damage":10.0,"enemies":"Fading Forest","floor":16.0,"turns":11.0},{"damage":27.0,"enemies":"conspire:FuzzyDice","floor":18.0,"turns":14.0},{"damage":9.0,"enemies":"2 Thieves","floor":19.0,"turns":5.0},{"damage":18.0,"enemies":"Shelled Parasite and Fungi","floor":22.0,"turns":3.0},{"damage":8,"enemies":"conspire:Head Lice","floor":23,"turns":2}],"seed_played":"-1265126308583841383","potions_obtained":[{"floor":5.0,"key":"HeartOfIron"},{"floor":7.0,"key":"EssenceOfSteel"},{"floor":12.0,"key":"PowerPotion"},{"floor":22.0,"key":"Weak Potion"}],"is_trial":false,"path_per_floor":["M","M","$","?","M","R","E","$","T","R","M","?","M","E","R","B",null,"M","M","AVR","?","M","E"],"character_chosen":"IRONCLAD","items_purchased":["Armaments","aspiration:Lifesprig"],"campfire_rested":1,"item_purchase_floors":[3,8],"current_hp_per_floor":[72,68,68,68,68,68,65,65,65,65,51,51,35,17,41,54,59,32,23,23,23,5,0,0],"gold":112,"neow_bonus":"BOSS_RELIC","is_daily":false,"chose_seed":false,"campfire_upgraded":2,"win_rate":0.0,"timestamp":1609919138,"path_taken":["M","M","$","?","M","R","E","?","T","R","?","?","M","E","R","BOSS","M","?","AVR","?","M","E"],"items_purchased_type":["Card","Relic"],"build_version":"2020-11-17","purchased_purges":1,"victory":false,"max_hp_per_floor":[80,80,80,80,80,80,80,80,80,80,80,80,80,80,80,80,60,60,60,60,60,60,60,60],"card_choices":[{"not_picked":["Feel No Pain","Iron Wave","Flex"],"picked":"SKIP","floor":1.0},{"not_picked":["Cleave","infinitespire:OneForAll","StuffTheSpire:RockThrow"],"picked":"SKIP","floor":2.0},{"not_picked":["Havoc","Absolvement"],"picked":"Clash","floor":5.0},{"not_picked":["Heavy Blade","Impervious"],"picked":"Clash","floor":7.0},{"not_picked":["Power Through","True Grit","Havoc"],"picked":"SKIP","floor":11.0},{"not_picked":["StuffTheSpire:Slingshot","Clothesline","Warcry"],"picked":"SKIP","floor":13.0},{"not_picked":["Dropkick","Pommel Strike","Intimidate"],"picked":"SKIP","floor":14.0},{"not_picked":["Demonic Infusion","Demon Form"],"picked":"Barricade","floor":16.0},{"not_picked":["ReplayTheSpireMod:LeadingStrike+1","Perfected Strike","conspire:Charge"],"picked":"SKIP","floor":18.0},{"not_picked":["hubris:SharpeningStone","Clothesline"],"picked":"Anger","floor":19.0},{"not_picked":["Heavy Blade","StuffTheSpire:RockThrow","Armaments"],"picked":"SKIP","floor":22.0}],"player_experience":311578,"relics_obtained":[{"floor":7.0,"key":"Dead Branch"},{"floor":14.0,"key":"StuffTheSpire:GrapeVine"}],"event_choices":[{"damage_healed":0.0,"max_hp_gain":0.0,"max_hp_loss":0.0,"gold_gain":100.0,"event_name":"Golden Shrine","player_choice":"Pray","floor":4.0,"gold_loss":0.0,"damage_taken":0.0},{"damage_healed":0.0,"max_hp_gain":0.0,"max_hp_loss":0.0,"gold_gain":0.0,"event_name":"Lab","player_choice":"Got Potions","floor":12.0,"gold_loss":0.0,"damage_taken":0.0}],"is_beta":true,"boss_relics":[{"not_picked":["aspiration:SilentSkillbook","aspiration:PoetsPen_weak"],"picked":"Replay:Drink Me"}],"items_purged_floors":[3],"is_endless":false,"potions_floor_spawned":[5,7,13,22],"killed_by":"conspire:Head Lice","ascension_level":12}}