{"host":"uflv0e3ja7hvnij7","time":1609940992,"event":{"mods":["Aspiration","BaseMod","Better Altar","Better Match","Better Note","Better Sensory Stone","Better Skull","Better Third Choice","Conspire","Hubris","Minty Spire (QoL Compilation)","Permanent Neow","Replay The Spire","Shop Mod","StSLib"],"gold_per_floor":[111,136,136,86,86,86,103,132,157,157,82,97,115,131,131,231,231,204,204,218,26,26,26],"floor_reached":22,"playtime":1366,"items_purged":["Strike_R","Defend_R"],"score":248,"play_id":"b5774051-df8e-42fd-bb06-ef2692cbb86f","local_time":"20210106084952","is_ascension_mode":true,"campfire_choices":[{"data":"Shrug It Off","floor":6,"key":"SMITH"},{"data":"Strike_R+1","floor":10,"key":"SMITH"}],"circlet_count":0,"master_deck":["Strike_R+2","Strike_R","Strike_R","Defend_R+1","Defend_R","Defend_R","Bash","Inflame","Shrug It Off+1","Thunderclap","ReplayTheSpireMod:Stacked","Armaments","Body Slam","Demonic Infusion","Infernal Blade+1","Reckless Charge","conspire:Banana"],"relics":["Burning Blood","aspiration:Nostalgia","Ring of the Snake","Bag of Marbles","Replay:Rubber Ducky","Simple Rune","hubris:Icosahedron","Black Star"],"acts_visited":["Exordium","TheCity"],"potions_floor_usage":[8,16,18],"damage_taken":[{"damage":6,"enemies":"Cultist","floor":1,"turns":3},{"damage":1,"enemies":"2 Louse","floor":7,"turns":5},{"damage":1,"enemies":"Replay:BlueRogue","floor":8,"turns":4},{"damage":1,"enemies":"Jaw Worm","floor":12,"turns":3},{"damage":0,"enemies":"Looter","floor":13,"turns":2},{"damage":0,"enemies":"2 Fungi Beasts","floor":14,"turns":3},{"damage":50,"enemies":"The Guardian","floor":16,"turns":12},{"damage":46,"enemies":"2 Thieves","floor":18,"turns":5},{"damage":25,"enemies":"Chosen","floor":20,"turns":5},{"damage":20,"enemies":"Snake Plant","floor":22,"turns":3}],"seed_played":"-6358577620235413465","potions_obtained":[{"floor":7,"key":"Adrenaline Potion"},{"floor":12,"key":"SpeedPotion"},{"floor":13,"key":"ColorlessPotion"}],"is_trial":false,"path_per_floor":["M","T","?","$","?","R","M","E","T","R","$","M","M","M","R","B",null,"M","?","M","$","M"],"character_chosen":"IRONCLAD","items_purchased":["Shrug It Off","conspire:Banana"],"campfire_rested":0,"item_purchase_floors":[4,21],"current_hp_per_floor":[72,72,72,72,77,77,82,85,85,85,85,85,85,85,85,41,74,34,34,15,15,0,0],"gold":26,"neow_bonus":"NOSTALGIA","is_daily":false,"chose_seed":false,"campfire_upgraded":2,"win_rate":0.0,"timestamp":1609940992,"path_taken":["M","?","?","$","?","R","M","E","T","R","$","M","M","M","R","BOSS","M","?","M","$","M"],"items_purchased_type":["Card","Card"],"build_version":"2020-12-22","purchased_purges":2,"victory":false,"max_hp_per_floor":[80,80,80,80,85,85,85,85,85,85,85,85,85,85,85,85,85,85,85,85,85,86,86],"card_choices":[{"not_picked":["Sword Boomerang","Massacre"],"picked":"Inflame","floor":1},{"not_picked":["True Grit","Run Through"],"picked":"Thunderclap","floor":7},{"not_picked":["Sword Boomerang","Immolate"],"picked":"ReplayTheSpireMod:Stacked","floor":8},{"not_picked":["Rage","ReplayTheSpireMod:Stacked"],"picked":"Armaments","floor":12},{"not_picked":["Defy Death","Twin Strike"],"picked":"Body Slam","floor":13},{"not_picked":["ReplayTheSpireMod:Strike From Hell","Rampage","Shrug It Off"],"picked":"SKIP","floor":14},{"not_picked":["conspire:HitWhereItHurts","Offering"],"picked":"Demonic Infusion","floor":16},{"not_picked":["True Grit","Combust+1"],"picked":"Infernal Blade+1","floor":18},{"not_picked":["Warcry","Thunderclap","Anger"],"picked":"SKIP","floor":20}],"player_experience":494474,"relics_obtained":[{"floor":2,"key":"Bag of Marbles"},{"floor":8,"key":"Replay:Rubber Ducky"},{"floor":9,"key":"Simple Rune"}],"event_choices":[{"damage_healed":0,"gold_gain":0,"player_choice":"Leave","damage_taken":0,"max_hp_gain":0,"max_hp_loss":0,"event_name":"conspire:Investor","floor":3,"gold_loss":0},{"damage_healed":0,"gold_gain":0,"player_choice":"Donut","damage_taken":0,"max_hp_gain":5,"max_hp_loss":0,"event_name":"Big Fish","floor":5,"gold_loss":0},{"damage_healed":0,"gold_gain":0,"cards_transformed":["Strike_R"],"player_choice":"Transformed","damage_taken":0,"max_hp_gain":0,"max_hp_loss":0,"event_name":"Transmorgrifier","floor":19,"gold_loss":0,"cards_obtained":["Reckless Charge"]}],"is_beta":false,"boss_relics":[{"not_picked":["aspiration:SilentSkillbook","hubris:VirtuousBlindfold"],"picked":"Black Star"}],"items_purged_floors":[11,21],"is_endless":false,"potions_floor_spawned":[7,12,13],"killed_by":"Snake Plant","ascension_level":7}}