{"host":"ernxwr7uuf3sxvwv","time":1609974649,"event":{"mods":["BaseMod","Card Forge","Colored Map","Colored Powertips","DeckTracker","Minty Spire (QoL Compilation)","Rare Cards Sparkle","StSLib","The Cursed"],"gold_per_floor":[126,138,163,195,207,245,274,318,330,342,364,376,338,350,362,479,491,523,544,506,529,555,606,618,664,676,732,763,775,811,450,450,552,552,570,589,589,606,656,681,695,726,753,796,796,796,796,796,796,494,524,524],"floor_reached":53,"playtime":9736,"items_purged":["TheCursedMod:UltimatePain+1"],"score":1627,"play_id":"f492eb9b-0f86-434d-8baf-a854254215eb","local_time":"20210106171049","is_ascension_mode":true,"campfire_choices":[{"floor":12,"key":"RECALL"},{"data":"TheCursedMod:CursedRelics","floor":15,"key":"SMITH"},{"floor":24,"key":"REST"},{"floor":29,"key":"REST"},{"data":"TheCursedMod:CursedRelics","floor":32,"key":"SMITH"},{"data":"TheCursedMod:Evocation","floor":45,"key":"SMITH"},{"floor":49,"key":"REST"}],"circlet_count":0,"master_deck":["TheCursedMod:Strike_TheCursed+1","TheCursedMod:Strike_TheCursed+1","TheCursedMod:Defend_TheCursed+1","TheCursedMod:Defend_TheCursed+1","TheCursedMod:Defend_TheCursed+1","TheCursedMod:CursedWand+1","TheCursedMod:CleanUpWorkshop+1","TheCursedMod:Dregs","TheCursedMod:CircleOfAbyss+1","TheCursedMod:CircleOfBlood+1","TheCursedMod:CircleOfAmplification+1","TheCursedMod:CollectTribute+1","TheCursedMod:DarkBarrier+1","TheCursedMod:ForbiddenAlchemy+1","TheCursedMod:Grudge+1","TheCursedMod:LuckyCharm+1","TheCursedMod:ManaCirculation+1","TheCursedMod:SpitefulStrike+1","TheCursedMod:TroublousMinions+1","TheCursedMod:OutForBlood+1","TheCursedMod:Hemoplague+1","TheCursedMod:HellfireBreathing+1","TheCursedMod:SurpriseAttack+1","TheCursedMod:CursedShiv+1","TheCursedMod:CursedSpellbook+1","TheCursedMod:CursedBlade+1","TheCursedMod:CursedAmulet+1","TheCursedMod:Evocation+1","TheCursedMod:CursedRelics+1","TheCursedMod:VoidForm+1","CurseOfTheBell","Necronomicurse","TheCursedMod:CursedRelics+1","TheCursedMod:DemonSword+1","TheCursedMod:HellsGateOpen+1","TheCursedMod:CircleOfFlame+1"],"relics":["TheCursedMod:BlackMagic101","Hammer of Thor","Seething Fire","Anvil of the Gods","MawBank","Vajra","Frozen Egg 2","Calling Bell","CeramicFish","Pear","TheCursedMod:CrystalBall","Necronomicon","TheCursedMod:BloodyHarpoon","FossilizedHelix","Molten Egg 2","TungstenRod","StoneCalendar","Runic Dome","Lizard Tail","Ginger","Mango","Omamori","Ancient Tea Set","ClockworkSouvenir","Oddly Smooth Stone","Lantern"],"acts_visited":["TheCity","TheBeyond","TheEnding"],"potions_floor_usage":[6,6,7,7,7,8,8,8,16,16,16,16,18,21,22,22,27,30,30,30,30,36,38,38,39,39,40,40,40,40,41,42,42,44,44,47,47,47,47,52,52],"damage_taken":[{"damage":6.0,"enemies":"Small Slimes","floor":1.0,"turns":2.0},{"damage":10.0,"enemies":"Cultist","floor":3.0,"turns":4.0},{"damage":0.0,"enemies":"2 Louse","floor":4.0,"turns":2.0},{"damage":2,"enemies":"3 Sentries","floor":6,"turns":5},{"damage":0,"enemies":"Exordium Thugs","floor":7,"turns":4},{"damage":0,"enemies":"Gremlin Nob","floor":8,"turns":3},{"damage":0,"enemies":"2 Fungi Beasts","floor":11,"turns":2},{"damage":32,"enemies":"The Guardian","floor":16,"turns":6},{"damage":0,"enemies":"Spheric Guardian","floor":18,"turns":3},{"damage":7,"enemies":"2 Thieves","floor":21,"turns":2},{"damage":13,"enemies":"Chosen and Byrds","floor":22,"turns":4},{"damage":12,"enemies":"Book of Stabbing","floor":23,"turns":3},{"damage":32,"enemies":"Slavers","floor":25,"turns":3},{"damage":1,"enemies":"Book of Stabbing","floor":27,"turns":3},{"damage":0,"enemies":"Snake Plant","floor":28,"turns":1},{"damage":0,"enemies":"Centurion and Healer","floor":30,"turns":4},{"damage":0,"enemies":"Automaton","floor":33,"turns":5},{"damage":0,"enemies":"Orb Walker","floor":35,"turns":2},{"damage":0,"enemies":"3 Darklings","floor":36,"turns":4},{"damage":0,"enemies":"Spire Growth","floor":38,"turns":4},{"damage":0,"enemies":"Mind Bloom Boss Battle","floor":39,"turns":5},{"damage":0,"enemies":"Nemesis","floor":40,"turns":3},{"damage":0,"enemies":"Jaw Worm Horde","floor":41,"turns":3},{"damage":0,"enemies":"Reptomancer","floor":42,"turns":2},{"damage":9,"enemies":"Giant Head","floor":44,"turns":5},{"damage":9,"enemies":"Donu and Deca","floor":47,"turns":5},{"damage":4,"enemies":"Shield and Spear","floor":51,"turns":3},{"damage":111,"enemies":"The Heart","floor":52,"turns":7}],"seed_played":"-8465236455759525652","potions_obtained":[{"floor":4,"key":"SteroidPotion"},{"floor":11,"key":"AttackPotion"},{"floor":21,"key":"DistilledChaos"},{"floor":25,"key":"ColorlessPotion"},{"floor":27,"key":"Dexterity Potion"},{"floor":33,"key":"Swift Potion"},{"floor":38,"key":"DistilledChaos"},{"floor":39,"key":"Weak Potion"},{"floor":44,"key":"Fire Potion"}],"is_trial":false,"path_per_floor":["M","?","M","M","?","E","M","E","T","?","M","R","?","?","R","B",null,"M","?","?","M","M","E","R","E","T","E","M","R","M","$","R","B",null,"M","M","?","M","?","E","M","E","T","E","R","?","B",null,"R","$","E","B",null],"character_chosen":"THE_CURSED","items_purchased":["StoneCalendar","ClockworkSouvenir","Oddly Smooth Stone"],"campfire_rested":3,"item_purchase_floors":[31,50,50],"current_hp_per_floor":[69,69,65,65,65,63,63,71,71,71,71,71,71,71,71,51,85,85,69,69,67,58,50,75,47,47,46,46,71,71,71,71,85,85,85,85,85,85,85,85,85,99,99,90,90,90,85,99,99,99,95,26],"gold":524,"neow_bonus":"RANDOM_COMMON_RELIC","is_daily":false,"chose_seed":false,"campfire_upgraded":3,"win_rate":0.0,"timestamp":1609974649,"path_taken":["M","?","M","M","?","E","?","E","T","?","M","R","?","?","R","BOSS","M","?","?","?","M","E","R","E","T","E","?","R","M","$","R","BOSS","M","M","?","M","?","E","M","E","T","E","R","?","BOSS","R","$","E","BOSS"],"items_purchased_type":["Relic","Relic","Relic"],"build_version":"2020-12-22","purchased_purges":1,"victory":true,"max_hp_per_floor":[75,75,75,75,75,75,75,75,75,75,75,75,75,75,75,75,85,85,85,85,85,85,85,85,85,85,85,85,85,85,85,85,85,85,85,85,85,85,85,85,85,99,99,99,99,99,99,99,99,99,99,99],"card_choices":[{"not_picked":["TheCursedMod:RapidMovement","TheCursedMod:TroublousMinions","TheCursedMod:ReleasedStrength"],"picked":"SKIP","floor":1.0},{"not_picked":["TheCursedMod:CursedStaff","TheCursedMod:TacticalStrike"],"picked":"TheCursedMod:LuckyCharm","floor":3.0},{"not_picked":["TheCursedMod:HellfireBreathing","TheCursedMod:CursedShiv","TheCursedMod:RavingStaff"],"picked":"SKIP","floor":4},{"not_picked":["TheCursedMod:VitalStrike","TheCursedMod:CircleOfAmplification","TheCursedMod:SpitefulStrike"],"picked":"SKIP","floor":6},{"not_picked":["TheCursedMod:TacticalStrike","TheCursedMod:VitalStrike","TheCursedMod:Wield"],"picked":"SKIP","floor":7},{"not_picked":["TheCursedMod:AshesToAshes","TheCursedMod:CircleOfBlood"],"picked":"TheCursedMod:Evocation","floor":8},{"not_picked":["TheCursedMod:SmokeScreen","TheCursedMod:CursedShiv","TheCursedMod:Stigma"],"picked":"SKIP","floor":11},{"not_picked":["TheCursedMod:AntiAging","TheCursedMod:UltimatePain"],"picked":"TheCursedMod:VoidForm+1","floor":16},{"not_picked":["TheCursedMod:SpitefulPray","TheCursedMod:RavingStaff","TheCursedMod:CursedAmulet+1"],"picked":"SKIP","floor":18},{"not_picked":["TheCursedMod:CursedShiv","TheCursedMod:SoulCrush","TheCursedMod:VitalStrike"],"picked":"SKIP","floor":21},{"not_picked":["TheCursedMod:CursedShiv","TheCursedMod:SpitefulPlan+1","TheCursedMod:CircleOfCorruption"],"picked":"SKIP","floor":22},{"not_picked":["TheCursedMod:BlessingInDisguise","TheCursedMod:FuryStrike"],"picked":"TheCursedMod:CursedRelics","floor":23},{"not_picked":["TheCursedMod:CursedAmulet+1","TheCursedMod:SpitefulStrike","TheCursedMod:RapidMovement"],"picked":"SKIP","floor":25},{"not_picked":["TheCursedMod:SpitefulStrike+1","TheCursedMod:Obscuration"],"picked":"TheCursedMod:DemonSword+1","floor":27},{"not_picked":["TheCursedMod:SpitefulStrike+1","TheCursedMod:CircleOfCorruption+1","TheCursedMod:SurpriseAttack+1"],"picked":"SKIP","floor":28},{"not_picked":["TheCursedMod:Torture","TheCursedMod:EmpowerCircles+1"],"picked":"TheCursedMod:HellsGateOpen+1","floor":30},{"not_picked":["TheCursedMod:ReleasedStrength","TheCursedMod:CircleOfBlood","TheCursedMod:CursedMace+1"],"picked":"SKIP","floor":35},{"not_picked":["TheCursedMod:Torture","TheCursedMod:VitalStrike+1","TheCursedMod:SmokeScreen+1"],"picked":"SKIP","floor":36},{"not_picked":["TheCursedMod:Stigma+1","TheCursedMod:PrepareRite","TheCursedMod:ReleasedKnowledge"],"picked":"SKIP","floor":38},{"not_picked":["TheCursedMod:FleshFromBone+1","TheCursedMod:SmokeScreen","TheCursedMod:Mangle+1"],"picked":"SKIP","floor":40},{"not_picked":["TheCursedMod:LuckyCharm+1","TheCursedMod:AbyssShockwave+1","TheCursedMod:Obscuration+1"],"picked":"SKIP","floor":41},{"not_picked":["TheCursedMod:OutForBlood+1","TheCursedMod:CursedSpellbook+1","TheCursedMod:SpitefulPlan+1"],"picked":"SKIP","floor":42},{"not_picked":["TheCursedMod:WearCloak","TheCursedMod:CursedMace+1"],"picked":"TheCursedMod:CircleOfFlame+1","floor":44},{"not_picked":["TheCursedMod:CursedAmulet+1","TheCursedMod:VitalStrike+1","TheCursedMod:BloodBarrier+1"],"picked":"SKIP","floor":51}],"player_experience":555382,"relics_obtained":[{"floor":6,"key":"Vajra"},{"floor":8,"key":"Frozen Egg 2"},{"floor":17,"key":"CeramicFish"},{"floor":17,"key":"Pear"},{"floor":17,"key":"TheCursedMod:CrystalBall"},{"floor":19,"key":"Necronomicon"},{"floor":23,"key":"TheCursedMod:BloodyHarpoon"},{"floor":25,"key":"FossilizedHelix"},{"floor":26,"key":"Molten Egg 2"},{"floor":27,"key":"TungstenRod"},{"floor":39,"key":"Lizard Tail"},{"floor":40,"key":"Ginger"},{"floor":42,"key":"Mango"},{"floor":43,"key":"Omamori"},{"floor":44,"key":"Ancient Tea Set"},{"floor":51,"key":"Lantern"}],"event_choices":[{"damage_healed":0.0,"max_hp_gain":0.0,"max_hp_loss":0.0,"gold_gain":0.0,"event_name":"Match and Keep!","player_choice":"0 cards matched","floor":2.0,"gold_loss":0.0,"damage_taken":0.0,"cards_obtained":[]},{"damage_healed":0,"gold_gain":0,"player_choice":"Ignored","damage_taken":0,"max_hp_gain":0,"max_hp_loss":0,"event_name":"Fountain of Cleansing","floor":5,"gold_loss":0},{"damage_healed":0,"gold_gain":0,"cards_transformed":["TheCursedMod:LuckyCharm"],"player_choice":"Change","damage_taken":0,"max_hp_gain":0,"max_hp_loss":0,"event_name":"Living Wall","floor":10,"gold_loss":0,"cards_obtained":["TheCursedMod:FleshFromBone"]},{"cards_removed":["TheCursedMod:FleshFromBone"],"damage_healed":0,"gold_gain":0,"player_choice":"Card Removal","damage_taken":0,"max_hp_gain":0,"max_hp_loss":0,"event_name":"The Cleric","floor":13,"gold_loss":50},{"damage_healed":0,"gold_gain":0,"cards_transformed":["TheCursedMod:Strike_TheCursed"],"player_choice":"Transformed","damage_taken":0,"max_hp_gain":0,"max_hp_loss":0,"event_name":"Transmorgrifier","floor":14,"gold_loss":0,"cards_obtained":["TheCursedMod:CursedRelics"]},{"damage_healed":0,"gold_gain":0,"player_choice":"Obtained Book","damage_taken":16,"max_hp_gain":0,"max_hp_loss":0,"event_name":"Cursed Tome","floor":19,"gold_loss":0},{"damage_healed":0,"gold_gain":0,"player_choice":"Bet on Murderer","damage_taken":0,"max_hp_gain":0,"max_hp_loss":0,"event_name":"The Joust","floor":20,"gold_loss":50},{"cards_removed":["TheCursedMod:SurpriseAttack"],"damage_healed":0,"gold_gain":0,"player_choice":"Removed Attack","damage_taken":0,"max_hp_gain":0,"max_hp_loss":0,"event_name":"Falling","floor":37,"gold_loss":0},{"damage_healed":0,"gold_gain":0,"player_choice":"Fight","damage_taken":0,"max_hp_gain":0,"max_hp_loss":0,"event_name":"MindBloom","floor":39,"gold_loss":0},{"damage_healed":0,"gold_gain":0,"player_choice":"Took Portal","damage_taken":0,"max_hp_gain":0,"max_hp_loss":0,"event_name":"SecretPortal","floor":46,"gold_loss":0}],"is_beta":false,"boss_relics":[{"not_picked":["Pandora\u0027s Box","TheCursedMod:FourLeafCloverCharm"],"picked":"Calling Bell"},{"not_picked":["TheCursedMod:BlackMagicAdvanced","Runic Pyramid"],"picked":"Runic Dome"}],"items_purged_floors":[31],"is_endless":false,"potions_floor_spawned":[4,11,18,21,25,27,33,38,39,41,44],"ascension_level":2}}