{"host":"waq1ashgqt0tulkv","time":1609934937,"event":{"mods":["Aspiration","BaseMod","BetterRewards","Colored Powertips","Conspire","Downfall","Duelist Mod","Hermit","Hubris","Infinite Spire","Minty Spire (QoL Compilation)","Quick Restart","Rare Cards Sparkle","Replay The Spire","StSLib","SuperFastMode","The Animator","The Bug Knight","The Construct","The Cursed","The Disciple","The Hierophant","The Necromancer","The Runesmith","The Servant 0.9.4","egg"],"gold_per_floor":[119,119,129,96,196,226,226,245,245,2,2,13,13,31,31,130,130,140,21,35,35,35],"floor_reached":21,"playtime":1805,"items_purged":["Defend_P","Strike_P"],"score":179,"play_id":"8ceae4ef-9557-4c11-9712-59961be8b8c4","local_time":"20210106050857","is_ascension_mode":false,"campfire_choices":[{"data":"Ragnarok","floor":7,"key":"SMITH"},{"data":"CutThroughFate","floor":11,"key":"SMITH"},{"floor":15,"key":"REST"}],"circlet_count":0,"master_deck":["Strike_P","Strike_P","Strike_P","Defend_P","Defend_P","Defend_P","Eruption","Vigilance","Discovery+1","FlyingSleeves+1","EmptyBody","SashWhip+1","Ragnarok+1","Consecrate","CutThroughFate+1","CrushJoints","FlurryOfBlows","ConjureBlade","Collect","ThirdEye","EmptyFist","JustLucky+1"],"relics":["PureWater","hubris:Icosahedron","Potion Belt","Smiling Mask","Guide Book","GremlinMask","Black Star"],"acts_visited":["Exordium","TheCity"],"potions_floor_usage":[6,12,16],"damage_taken":[{"damage":4,"enemies":"conspire:RoseBush","floor":1,"turns":2},{"damage":0,"enemies":"Small Slimes","floor":3,"turns":2},{"damage":14,"enemies":"3 Sentries","floor":6,"turns":9},{"damage":0,"enemies":"Cultist","floor":8,"turns":3},{"damage":4,"enemies":"Exordium Wildlife","floor":12,"turns":3},{"damage":22,"enemies":"Gremlin Gang","floor":14,"turns":5},{"damage":38,"enemies":"Slime Boss","floor":16,"turns":10},{"damage":23,"enemies":"Spheric Guardian","floor":18,"turns":6},{"damage":38,"enemies":"2 Thieves","floor":20,"turns":5},{"damage":13,"enemies":"3 Cultists","floor":21,"turns":2}],"seed_played":"2121624500808613553","potions_obtained":[{"floor":1,"key":"Explosive Potion"},{"floor":6,"key":"AttackPotion"},{"floor":14,"key":"Explosive Potion"}],"is_trial":false,"path_per_floor":["M","?","M","$","?","E","R","M","T","$","R","M","?","M","R","B",null,"M","$","M","M"],"character_chosen":"WATCHER","items_purchased":["SashWhip+1","Guide Book","CutThroughFate","ThirdEye","EmptyFist"],"campfire_rested":1,"item_purchase_floors":[4,10,10,19,19],"current_hp_per_floor":[68,68,68,68,68,54,54,54,54,54,54,50,50,28,49,11,72,49,49,11,0,0],"gold":35,"neow_bonus":"RANDOM_COLORLESS","is_daily":false,"chose_seed":false,"campfire_upgraded":2,"win_rate":0.0,"timestamp":1609934937,"path_taken":["M","?","M","$","?","E","R","?","T","$","R","M","?","M","R","BOSS","M","$","?","M"],"items_purchased_type":["Card","Relic","Card","Card","Card"],"build_version":"2020-12-13","purchased_purges":2,"victory":false,"max_hp_per_floor":[72,72,72,72,72,72,72,72,72,72,72,72,72,72,72,72,72,72,72,72,72,72],"card_choices":[{"not_picked":["conspire:Banana","hubris:Ssssneak"],"picked":"Discovery","floor":0},{"not_picked":["FlurryOfBlows","Replay:AtTheReady"],"picked":"FlyingSleeves","floor":1},{"not_picked":["Fasting2","Crescendo"],"picked":"EmptyBody","floor":3},{"not_picked":["EmptyBody","BowlingBash"],"picked":"Ragnarok","floor":6},{"not_picked":["ClearTheMind","FollowUp"],"picked":"Consecrate","floor":8},{"not_picked":["Consecrate","CarveReality"],"picked":"CrushJoints","floor":12},{"not_picked":["Evaluate","Meditate"],"picked":"FlurryOfBlows","floor":14},{"not_picked":["Vault","Scrawl"],"picked":"ConjureBlade","floor":16},{"not_picked":["CrushJoints","FollowUp"],"picked":"Collect","floor":18},{"not_picked":["Indignation","Halt"],"picked":"JustLucky+1","floor":20}],"player_experience":43830,"relics_obtained":[{"floor":6,"key":"Potion Belt"},{"floor":9,"key":"Smiling Mask"}],"event_choices":[{"damage_healed":0,"gold_gain":100,"player_choice":"Pray","damage_taken":0,"max_hp_gain":0,"max_hp_loss":0,"event_name":"Golden Shrine","floor":5,"gold_loss":0},{"damage_healed":0,"gold_gain":0,"player_choice":"Trade","damage_taken":0,"relics_obtained":["GremlinMask"],"max_hp_gain":0,"max_hp_loss":0,"event_name":"FaceTrader","floor":13,"gold_loss":0}],"is_beta":false,"boss_relics":[{"not_picked":["ReplayTheSpireMod:SealedPack","Honey Jar"],"picked":"Black Star"}],"items_purged_floors":[10,19],"is_endless":false,"potions_floor_spawned":[1,6,14],"killed_by":"3 Cultists","ascension_level":0}}