{"host":"0ulgfg5uyx5zlmwg","time":1609937771,"event":{"mods":["Act Like it!","BaseMod","BetterRewards","Challenge The Spire","Grow up Mod","Marked Mod","Minty Spire (QoL Compilation)","RumiaBox-露米娅的神秘盒子","Shop Mod","Spicy Shops","StSLib","TestMod","Transform Curses","vexMod","【功能Mod】混沌之环修复补丁","【遗物卡牌】REMEMod","篝火指南"],"gold_per_floor":[111,186,186,201,201,228,328,353,353],"floor_reached":8,"playtime":595,"items_purged":[],"score":117,"play_id":"18ec6c11-dd3b-4878-a093-959d4369ee76","local_time":"20210106205611","is_ascension_mode":true,"campfire_choices":[],"circlet_count":0,"master_deck":["Strike_G","Strike_G","Strike_G","Strike_G","Strike_G","Defend_G","Defend_G","Defend_G","Defend_G","Defend_G+1","Survivor+1","Neutralize","Noxious Fumes","Dash","Flying Knee","Burst","Cloak And Dagger"],"relics":["Ring of the Snake","testmod-TestBox","REME_ComplimentaryCards","testmod-ArcanaOfDestiny","Bird Faced Urn","AddBug","SecretRecord"],"acts_visited":["Exordium"],"potions_floor_usage":[8],"damage_taken":[{"damage":0,"enemies":"2 Louse","floor":1,"turns":2},{"damage":7,"enemies":"Small Slimes","floor":4,"turns":3},{"damage":4,"enemies":"3 Sentries","floor":6,"turns":8},{"damage":20,"enemies":"Gremlin Nob","floor":8,"turns":5}],"seed_played":"-8217877011634327353","potions_obtained":[{"floor":6,"key":"BlessingOfTheForge"}],"is_trial":false,"path_per_floor":["M","?","?","M","?","E","?","E"],"character_chosen":"THE_SILENT","items_purchased":[],"campfire_rested":0,"item_purchase_floors":[],"current_hp_per_floor":[83,82,103,106,93,101,111,93,93],"gold":353,"neow_bonus":"ONE_RARE_RELIC","is_daily":false,"chose_seed":false,"campfire_upgraded":0,"win_rate":0.0,"timestamp":1609937771,"path_taken":["M","?","?","M","?","E","?","E"],"items_purchased_type":[],"build_version":"2020-12-22","purchased_purges":0,"victory":false,"max_hp_per_floor":[83,93,103,113,123,133,143,143,143],"card_choices":[{"not_picked":["Sucker Punch","Flying Knee"],"picked":"Dash","floor":1},{"not_picked":["Predator","Acrobatics"],"picked":"Flying Knee","floor":4},{"not_picked":["Tools of the Trade","Quick Slash"],"picked":"Burst","floor":6},{"not_picked":["Acrobatics","Prepared"],"picked":"Cloak And Dagger","floor":8}],"player_experience":478167,"relics_obtained":[{"floor":1,"key":"AddBug"},{"floor":6,"key":"REME_LimitBreaker"},{"floor":8,"key":"vexMod:InvisibilityCloak"}],"event_choices":[{"damage_healed":0,"gold_gain":75,"player_choice":"Gather Gold","damage_taken":11,"max_hp_gain":0,"max_hp_loss":0,"event_name":"World of Goop","floor":2,"gold_loss":0},{"damage_healed":31,"gold_gain":0,"player_choice":"Banana","damage_taken":0,"max_hp_gain":0,"max_hp_loss":0,"event_name":"Big Fish","floor":3,"gold_loss":0},{"damage_healed":0,"gold_gain":0,"player_choice":"Entered Light","damage_taken":23,"max_hp_gain":0,"max_hp_loss":0,"event_name":"Shining Light","floor":5,"gold_loss":0,"cards_upgraded":["Survivor","Defend_G"]},{"damage_healed":0,"gold_gain":100,"player_choice":"Pray","damage_taken":0,"max_hp_gain":0,"max_hp_loss":0,"event_name":"Golden Shrine","floor":7,"gold_loss":0}],"is_beta":false,"boss_relics":[],"items_purged_floors":[],"is_endless":false,"potions_floor_spawned":[6],"killed_by":"Gremlin Nob","ascension_level":1}}