{"host":"5wznv0010959mrmz","time":1609904254,"event":{"mods":["BaseMod","Highlight Path","Minty Spire (QoL Compilation)","Relic Stats"],"gold_per_floor":[17,36,36,52,66,92,92,192,192,192,223,240,240,315,315,389,389,400,413,428,428,428,428,463,463,512,537,637,664,664,664,664,741,741,756,773,788,807,818,818,843,843,843,868,886,898,898,162,162,162,162,162,162,30,55,55,55],"floor_reached":56,"playtime":1968,"items_purged":["Strike_G"],"score":2000,"play_id":"3eec81d4-5f2b-45b6-93d9-7a395729c0b8","local_time":"20210105213734","is_ascension_mode":true,"campfire_choices":[{"data":"Leg Sweep","floor":7,"key":"SMITH"},{"data":"Blade Dance","floor":10,"key":"SMITH"},{"data":"Blade Dance","floor":13,"key":"SMITH"},{"data":"Accuracy","floor":15,"key":"SMITH"},{"data":"Blade Dance","floor":23,"key":"SMITH"},{"data":"Cloak And Dagger","floor":25,"key":"SMITH"},{"data":"Burst","floor":30,"key":"SMITH"},{"data":"Cloak And Dagger","floor":32,"key":"SMITH"},{"floor":40,"key":"RECALL"},{"floor":47,"key":"REST"},{"data":"Panacea","floor":49,"key":"SMITH"},{"floor":53,"key":"REST"}],"circlet_count":0,"master_deck":["AscendersBane","Strike_G+1","Strike_G","Strike_G+1","Defend_G","Defend_G","Defend_G","Defend_G","Defend_G","Survivor","Neutralize","Terror+1","Blade Dance+1","Leg Sweep+1","Accuracy+1","Blade Dance+1","Cloak And Dagger+1","Corpse Explosion","Blade Dance+1","Cloak And Dagger+1","Cloak And Dagger+1","Burst+1","Footwork+1","Calculated Gamble+1","Parasite","Blur","Backflip","Panacea+1","Endless Agony"],"relics":["Ring of the Snake","Mercury Hourglass","Lizard Tail","Bird Faced Urn","WristBlade","Ninja Scroll","Juzu Bracelet","Red Mask","Incense Burner","White Beast Statue","CaptainsWheel","Centennial Puzzle","Empty Cage","Whetstone","Ice Cream","Oddly Smooth Stone","Ginger","Toy Ornithopter"],"acts_visited":["Exordium","TheCity","TheBeyond","TheEnding"],"potions_floor_usage":[6,12,20,20,28,29,33,36,37,50,55,56],"damage_taken":[{"damage":9,"enemies":"Small Slimes","floor":1,"turns":5},{"damage":1,"enemies":"Cultist","floor":2,"turns":3},{"damage":6,"enemies":"2 Louse","floor":4,"turns":3},{"damage":2,"enemies":"Exordium Wildlife","floor":5,"turns":3},{"damage":15,"enemies":"3 Sentries","floor":6,"turns":9},{"damage":10,"enemies":"Lagavulin","floor":11,"turns":6},{"damage":1,"enemies":"2 Fungi Beasts","floor":12,"turns":3},{"damage":0,"enemies":"Hexaghost","floor":16,"turns":7},{"damage":0,"enemies":"Chosen","floor":18,"turns":2},{"damage":0,"enemies":"3 Byrds","floor":19,"turns":2},{"damage":0,"enemies":"Snecko","floor":20,"turns":2},{"damage":7,"enemies":"Slavers","floor":24,"turns":3},{"damage":0,"enemies":"Masked Bandits","floor":27,"turns":2},{"damage":0,"enemies":"Colosseum Slavers","floor":28,"turns":1},{"damage":0,"enemies":"Colosseum Nobs","floor":28,"turns":2},{"damage":0,"enemies":"Book of Stabbing","floor":29,"turns":2},{"damage":13,"enemies":"Collector","floor":33,"turns":3},{"damage":0,"enemies":"3 Darklings","floor":35,"turns":2},{"damage":0,"enemies":"3 Shapes","floor":36,"turns":2},{"damage":6,"enemies":"Maw","floor":37,"turns":4},{"damage":4,"enemies":"Writhing Mass","floor":38,"turns":5},{"damage":0,"enemies":"Sphere and 2 Shapes","floor":39,"turns":3},{"damage":25,"enemies":"Reptomancer","floor":41,"turns":5},{"damage":0,"enemies":"Mind Bloom Boss Battle","floor":44,"turns":4},{"damage":0,"enemies":"3 Darklings","floor":45,"turns":1},{"damage":14,"enemies":"Spire Growth","floor":46,"turns":4},{"damage":13,"enemies":"Donu and Deca","floor":50,"turns":4},{"damage":73,"enemies":"Awakened One","floor":51,"turns":12},{"damage":33,"enemies":"Shield and Spear","floor":55,"turns":2},{"damage":138,"enemies":"The Heart","floor":56,"turns":5}],"seed_played":"7775873544580792695","potions_obtained":[{"floor":1,"key":"Explosive Potion"},{"floor":4,"key":"Ancient Potion"},{"floor":11,"key":"Weak Potion"},{"floor":16,"key":"SkillPotion"},{"floor":24,"key":"FearPotion"},{"floor":27,"key":"Poison Potion"},{"floor":28,"key":"BlessingOfTheForge"},{"floor":29,"key":"Explosive Potion"},{"floor":33,"key":"Poison Potion"},{"floor":35,"key":"LiquidBronze"},{"floor":36,"key":"EssenceOfSteel"},{"floor":37,"key":"Ancient Potion"},{"floor":38,"key":"FairyPotion"},{"floor":41,"key":"DistilledChaos"},{"floor":44,"key":"DuplicationPotion"},{"floor":55,"key":"Block Potion"}],"is_trial":false,"path_per_floor":["M","M","?","M","M","E","R","?","T","R","E","M","R","?","R","B",null,"M","M","M","?","?","R","E","R","T","?","?","E","R","?","R","B",null,"M","M","M","M","M","R","E","?","T","?","M","M","R","$","R","B","B",null,"R","$","E","B"],"character_chosen":"THE_SILENT","items_purchased":["Oddly Smooth Stone","Ginger","Backflip","Panacea","Endless Agony","SteroidPotion"],"campfire_rested":2,"item_purchase_floors":[48,48,48,48,54,54],"current_hp_per_floor":[62,61,61,55,53,38,38,38,38,38,28,27,27,16,16,18,63,65,65,67,67,67,67,62,62,62,62,62,62,62,62,62,51,71,73,73,71,71,71,71,50,50,50,52,52,42,65,65,65,56,23,64,78,78,47,0,0],"gold":55,"neow_bonus":"TWENTY_PERCENT_HP_BONUS","is_daily":false,"chose_seed":false,"campfire_upgraded":9,"win_rate":0.0,"timestamp":1609904254,"path_taken":["M","M","?","M","M","E","R","?","T","R","E","?","R","?","R","BOSS","M","M","M","?","?","R","E","R","T","?","?","E","R","?","R","BOSS","M","M","M","M","M","R","E","?","T","?","M","M","R","$","R","BOSS","BOSS","R","$","E","BOSS"],"items_purchased_type":["Relic","Relic","Card","Card","Card","Potion"],"build_version":"2020-12-22","purchased_purges":1,"victory":false,"max_hp_per_floor":[78,78,78,78,78,78,78,78,78,78,78,78,78,78,78,78,78,78,78,78,78,78,78,78,78,78,78,78,78,78,78,78,78,78,78,78,78,78,78,78,78,78,78,78,78,78,78,78,78,78,78,78,78,78,78,78,78],"relic_stats":{"Lizard Tail":39,"Centennial Puzzle":[27],"counters":[30,110],"Bird Faced Urn":[42],"Juzu Bracelet":0,"Whetstone":["Strike_G","Strike_G"],"Ginger":[2],"obtain_stats":[{"Ice Cream":44,"Oddly Smooth Stone":48,"Juzu Bracelet":26,"Incense Burner":28,"Whetstone":41,"Ginger":48,"Empty Cage":34,"White Beast Statue":28,"Mercury Hourglass":6,"Lizard Tail":9,"CaptainsWheel":29,"Centennial Puzzle":31,"WristBlade":17,"Ninja Scroll":24,"Bird Faced Urn":11,"Red Mask":27,"Toy Ornithopter":55,"Ring of the Snake":0},{"Ice Cream":24,"Oddly Smooth Stone":26,"Juzu Bracelet":12,"Incense Burner":15,"Whetstone":23,"Ginger":26,"Empty Cage":17,"White Beast Statue":15,"Mercury Hourglass":5,"Lizard Tail":5,"CaptainsWheel":16,"Centennial Puzzle":16,"WristBlade":8,"Ninja Scroll":12,"Bird Faced Urn":6,"Red Mask":13,"Toy Ornithopter":29,"Ring of the Snake":0},{"Ice Cream":82,"Oddly Smooth Stone":87,"Juzu Bracelet":47,"Incense Burner":52,"Whetstone":78,"Ginger":87,"Empty Cage":57,"White Beast Statue":52,"Mercury Hourglass":23,"Lizard Tail":23,"CaptainsWheel":54,"Centennial Puzzle":54,"WristBlade":38,"Ninja Scroll":47,"Bird Faced Urn":29,"Red Mask":49,"Toy Ornithopter":105,"Ring of the Snake":0}],"Toy Ornithopter":5,"Ring of the Snake":[60],"Mercury Hourglass":[343]},"card_choices":[{"not_picked":["Cloak And Dagger","Flechettes"],"picked":"Terror","floor":1},{"not_picked":["Riddle With Holes","Deadly Poison"],"picked":"Blade Dance","floor":2},{"not_picked":["Backflip","Bouncing Flask"],"picked":"Leg Sweep","floor":4},{"not_picked":["Setup","Calculated Gamble"],"picked":"Accuracy","floor":5},{"not_picked":["Footwork","Deadly Poison"],"picked":"Blade Dance","floor":6},{"not_picked":["Sucker Punch","Unload","Concentrate"],"picked":"SKIP","floor":11},{"not_picked":["Masterful Stab","Skewer"],"picked":"Cloak And Dagger","floor":12},{"not_picked":["Doppelganger","A Thousand Cuts"],"picked":"Corpse Explosion","floor":16},{"not_picked":["Bane+1","Eviscerate","Prepared"],"picked":"SKIP","floor":18},{"not_picked":["Poisoned Stab","Underhanded Strike+1"],"picked":"Blade Dance","floor":19},{"not_picked":["Deflect","Outmaneuver","Dagger Spray"],"picked":"SKIP","floor":20},{"not_picked":["Prepared","Deflect","Finisher"],"picked":"SKIP","floor":24},{"not_picked":["Deadly Poison","Blade Dance"],"picked":"Cloak And Dagger","floor":27},{"not_picked":["Envenom","Outmaneuver"],"picked":"Cloak And Dagger+1","floor":28},{"not_picked":["Slice","Dagger Throw"],"picked":"Burst","floor":29},{"not_picked":["Crippling Poison","Flechettes"],"picked":"Footwork+1","floor":35},{"not_picked":["Bane","Caltrops"],"picked":"Calculated Gamble+1","floor":36},{"not_picked":["Blade Dance","Prepared+1"],"picked":"Slice+1","floor":37},{"not_picked":["Bane+1","All Out Attack","Infinite Blades"],"picked":"SKIP","floor":38},{"not_picked":["Deflect+1","Cloak And Dagger+1"],"picked":"Blur","floor":39},{"not_picked":["Quick Slash","Noxious Fumes","Caltrops"],"picked":"SKIP","floor":41},{"not_picked":["Calculated Gamble","Dodge and Roll","Poisoned Stab"],"picked":"SKIP","floor":45},{"not_picked":["Blade Dance","Dagger Spray+1","Deflect"],"picked":"SKIP","floor":46},{"not_picked":["Endless Agony","Cloak And Dagger","Crippling Poison+1"],"picked":"SKIP","floor":55}],"player_experience":409701,"relics_obtained":[{"floor":6,"key":"Mercury Hourglass"},{"floor":9,"key":"Lizard Tail"},{"floor":11,"key":"Bird Faced Urn"},{"floor":24,"key":"Ninja Scroll"},{"floor":26,"key":"Juzu Bracelet"},{"floor":27,"key":"Red Mask"},{"floor":28,"key":"Incense Burner"},{"floor":28,"key":"White Beast Statue"},{"floor":29,"key":"CaptainsWheel"},{"floor":41,"key":"Whetstone"},{"floor":44,"key":"Ice Cream"},{"floor":55,"key":"Toy Ornithopter"}],"event_choices":[{"damage_healed":0,"gold_gain":0,"player_choice":"Grow","damage_taken":0,"max_hp_gain":0,"max_hp_loss":0,"event_name":"Living Wall","floor":3,"gold_loss":0,"cards_upgraded":["Terror"]},{"damage_healed":0,"gold_gain":100,"player_choice":"Gold","damage_taken":0,"max_hp_gain":0,"max_hp_loss":0,"event_name":"Wheel of Change","floor":8,"gold_loss":0},{"damage_healed":0,"gold_gain":75,"player_choice":"Gather Gold","damage_taken":11,"max_hp_gain":0,"max_hp_loss":0,"event_name":"World of Goop","floor":14,"gold_loss":0},{"damage_healed":0,"gold_gain":0,"player_choice":"Ignored","damage_taken":0,"max_hp_gain":0,"max_hp_loss":0,"event_name":"Vampires","floor":21,"gold_loss":0},{"damage_healed":0,"gold_gain":0,"player_choice":"Ignored","damage_taken":0,"max_hp_gain":0,"max_hp_loss":0,"event_name":"Ghosts","floor":22,"gold_loss":0},{"damage_healed":0,"gold_gain":0,"player_choice":"Fought Bandits","damage_taken":0,"max_hp_gain":0,"max_hp_loss":0,"event_name":"Masked Bandits","floor":27,"gold_loss":0},{"damage_healed":0,"gold_gain":0,"player_choice":"Fight","damage_taken":0,"max_hp_gain":0,"max_hp_loss":0,"event_name":"Colosseum","floor":28,"gold_loss":0},{"damage_healed":0,"gold_gain":0,"player_choice":"Fought Nobs","damage_taken":0,"max_hp_gain":0,"max_hp_loss":0,"event_name":"Colosseum","floor":28,"gold_loss":0},{"damage_healed":0,"gold_gain":0,"player_choice":"Opened","damage_taken":0,"relics_obtained":["Centennial Puzzle"],"max_hp_gain":0,"max_hp_loss":0,"event_name":"The Mausoleum","floor":31,"gold_loss":0,"cards_obtained":["Writhe"]},{"cards_removed":["Slice"],"damage_healed":0,"gold_gain":0,"player_choice":"Removed Attack","damage_taken":0,"max_hp_gain":0,"max_hp_loss":0,"event_name":"Falling","floor":42,"gold_loss":0},{"damage_healed":0,"gold_gain":0,"player_choice":"Fight","damage_taken":0,"max_hp_gain":0,"max_hp_loss":0,"event_name":"MindBloom","floor":44,"gold_loss":0}],"is_beta":false,"boss_relics":[{"not_picked":["Cursed Key","Runic Pyramid"],"picked":"WristBlade"},{"not_picked":["Coffee Dripper","Velvet Choker"],"picked":"Empty Cage"}],"items_purged_floors":[48],"is_endless":false,"potions_floor_spawned":[1,4,11,16,24,27,28,29,33,35,36,37,38,39,41,44,45,46,55],"killed_by":"The Heart","ascension_level":20}}