{"host":"cfluht5kr2kfk9p9","time":1609914126,"event":{"mods":["ATMod(阿瑾Mod)","Arknights The Spire","BaseMod","GungeonMod","Highlight Path","Library of Ruina","Library of Ruina Extra","Minty Spire (QoL Compilation)","Quick Restart","Rare Cards Sparkle","Relic Stats","RumiaBox-露米娅的神秘盒子","Spicy Shops","StSLib","TestMod","The Alterego","【功能Mod】混沌之环修复补丁"],"gold_per_floor":[111,111,111,111,0,0,30,43,121,121,156,167,186,215,215,319,319,330,0,19,19,19,19],"floor_reached":22,"playtime":715,"items_purged":[],"score":332,"play_id":"a0473dc1-4c31-47fe-b8dc-9ad776892f25","local_time":"20210106142206","is_ascension_mode":true,"campfire_choices":[{"data":"AT_DrawKnifeCut","floor":6,"key":"SMITH"},{"floor":10,"key":"REST"},{"data":"ats:Soul Absorption","floor":15,"key":"SMITH"}],"circlet_count":0,"master_deck":["ats:Strike C","ats:Strike G","ats:Strike S","ats:Strike V","ats:Armor Crushing Shot","ats:Defend","ats:Defend","ats:Defend","ats:Defend","ats:Emotion Absorption","AT_DrawKnifeCut+1","ats:Soul Absorption+1","ats:Disruption Kick","ats:Closed Bolt Burst Fire","ats:Curse Doll","ats:Calcification","ats:Automatic Cover","ats:Dogmatic Field","ats:Apocalypse+1","ats:Encircling Forest","Decay"],"relics":["testmod-TestBox","AT_ATBox","testmod-Faith","testmod-EnergyCheck","AT_ArchangelStaff","ats:Originium","MagicDraw1","PageOfQueenBee","testmod-CrystalShield","Potion Belt","Runic Pyramid","ats:Special"],"acts_visited":["Exordium","TheCity"],"potions_floor_usage":[14,18],"damage_taken":[{"damage":2,"enemies":"Small Slimes","floor":1,"turns":3},{"damage":50,"enemies":"Gremlin Nob","floor":7,"turns":7},{"damage":0,"enemies":"Jaw Worm","floor":8,"turns":2},{"damage":20,"enemies":"3 Sentries","floor":11,"turns":6},{"damage":0,"enemies":"Cultist","floor":12,"turns":2},{"damage":0,"enemies":"2 Fungi Beasts","floor":13,"turns":1},{"damage":1,"enemies":"Gremlin Nob","floor":14,"turns":4},{"damage":0,"enemies":"Hexaghost","floor":16,"turns":7},{"damage":17,"enemies":"Chosen","floor":18,"turns":5},{"damage":66,"enemies":"Spheric Guardian","floor":20,"turns":6},{"damage":60,"enemies":"Cultist and Chosen","floor":22,"turns":8}],"seed_played":"-4179695182222086739","potions_obtained":[{"floor":1,"key":"PowerPotion"},{"floor":8,"key":"SneckoOil"},{"floor":12,"key":"ats:Top Emergency Sanity Potion"},{"floor":16,"key":"Fire Potion"}],"is_trial":false,"path_per_floor":["M","?","$","?","$","R","E","M","T","R","E","M","M","E","R","B",null,"M","$","M","?","M"],"character_chosen":"DOCTOR_CLASS","items_purchased":["AT_ArchangelStaff","ats:Disruption Kick","ats:Special"],"campfire_rested":1,"item_purchase_floors":[3,5,19],"current_hp_per_floor":[70,70,70,70,53,53,3,3,3,24,4,4,4,11,11,12,72,70,50,9,9,0,0],"gold":19,"neow_bonus":"BOSS_RELIC","is_daily":false,"chose_seed":false,"campfire_upgraded":2,"win_rate":0.0,"timestamp":1609914126,"path_taken":["M","?","$","?","?","R","E","?","T","R","E","M","M","E","R","BOSS","M","$","M","?","M"],"items_purchased_type":["Relic","Card","Relic"],"build_version":"2020-12-22","purchased_purges":0,"victory":false,"max_hp_per_floor":[72,72,72,72,72,72,72,72,72,72,72,72,72,72,72,72,72,72,72,72,72,72,72],"relic_stats":{"counters":[11,51],"obtain_stats":[{"Potion Belt":14,"testmod-TestBox":0,"AT_ATBox":0,"DemoMod:GlassGuonStoneRelic":1,"MawBank":2,"AT_ArchangelStaff":3,"ats:Special":19,"MagicDraw1":7,"testmod-CrystalShield":11,"ats:Originium":7,"PageOfQueenBee":9,"testmod-Faith":0,"ats:Sanity":0,"testmod-EnergyCheck":0,"Runic Pyramid":17},{"Potion Belt":7,"testmod-TestBox":0,"AT_ATBox":0,"DemoMod:GlassGuonStoneRelic":1,"MawBank":1,"AT_ArchangelStaff":1,"ats:Special":9,"MagicDraw1":2,"testmod-CrystalShield":4,"ats:Originium":2,"PageOfQueenBee":3,"testmod-Faith":0,"ats:Sanity":0,"testmod-EnergyCheck":0,"Runic Pyramid":8},{"Potion Belt":25,"testmod-TestBox":0,"AT_ATBox":0,"DemoMod:GlassGuonStoneRelic":3,"MawBank":3,"AT_ArchangelStaff":3,"ats:Special":37,"MagicDraw1":10,"testmod-CrystalShield":18,"ats:Originium":10,"PageOfQueenBee":12,"testmod-Faith":0,"ats:Sanity":0,"testmod-EnergyCheck":0,"Runic Pyramid":32}]},"card_choices":[{"not_picked":["ats:Shell Defense","ats:Shadow Raid"],"picked":"ats:Soul Absorption","floor":1},{"not_picked":["ats:Powerful Strike","ats:Overload"],"picked":"ats:Closed Bolt Burst Fire","floor":7},{"not_picked":["ats:Ignite","ats:Cat Scratch"],"picked":"ats:Curse Doll","floor":8},{"not_picked":["ats:Spore Proliferation","ats:Apocalypse"],"picked":"ats:Calcification","floor":11},{"not_picked":["ats:Spore Proliferation","ats:Childhood Dance","ats:Burning Ground"],"picked":"SKIP","floor":12},{"not_picked":["ats:Flexible Camouflage","ats:Curse Doll"],"picked":"ats:Automatic Cover","floor":13},{"not_picked":["ats:Cat Scratch","ats:Curse Doll","ats:Song Of Battle"],"picked":"SKIP","floor":14},{"not_picked":["ats:True Silver Slash","ats:Disruption Kick"],"picked":"ats:Dogmatic Field","floor":16},{"not_picked":["ats:Curse Doll+1","ats:Childhood Dance+1"],"picked":"ats:Apocalypse+1","floor":18},{"not_picked":["ats:Explosion Area Strengthen","ats:Powerful Strike"],"picked":"ats:Encircling Forest","floor":20}],"player_experience":63006,"relics_obtained":[{"floor":7,"key":"ats:Originium"},{"floor":7,"key":"MagicDraw1"},{"floor":9,"key":"PageOfQueenBee"},{"floor":11,"key":"ats:Originium"},{"floor":11,"key":"testmod-CrystalShield"},{"floor":14,"key":"ats:Originium"},{"floor":14,"key":"Potion Belt"}],"event_choices":[{"damage_healed":0,"gold_gain":0,"player_choice":"Swap Relic","damage_taken":0,"relics_obtained":["MawBank"],"max_hp_gain":0,"max_hp_loss":0,"event_name":"给自己的盒子","floor":2,"relics_lost":["MawBank"],"gold_loss":0},{"damage_healed":0,"gold_gain":0,"player_choice":"Ignored","damage_taken":0,"max_hp_gain":0,"max_hp_loss":0,"event_name":"Liars Game","floor":4,"gold_loss":0},{"damage_healed":0,"gold_gain":0,"player_choice":"Smashed Altar","damage_taken":0,"max_hp_gain":0,"max_hp_loss":0,"event_name":"Forgotten Altar","floor":21,"gold_loss":0,"cards_obtained":["Decay"]}],"is_beta":false,"boss_relics":[{"not_picked":["testmod-Recursion","testmod-BloodSacrificeSpiritualization"],"picked":"Runic Pyramid"}],"items_purged_floors":[],"is_endless":false,"potions_floor_spawned":[1,8,12,16],"killed_by":"Cultist and Chosen","ascension_level":4}}