{"host":"44og2uqm53oex657","time":1609896494,"event":{"mods":["AchievementEnabler","Act Like it!","BaseMod","DeckTracker","Gensokyo","Koishi","Marisa????????","Minty Spire (QoL Compilation)","StSLib"],"gold_per_floor":[359,61,74,86,109,109,138,138,220,220,239,239,219,41,41,114,114,126,146,146,162,162,162,177,177,223,234,234,19,30,40,40,111,111,128,148,148,159,159,159],"floor_reached":39,"playtime":1384,"items_purged":["Strike_MRS","Strike_MRS"],"score":816,"play_id":"9b6713be-1046-4a92-a825-0c54a5253ac3","local_time":"20210105172814","is_ascension_mode":true,"campfire_choices":[{"data":"MysteriousBeam","floor":6.0,"key":"SMITH"},{"data":"PowerUp","floor":8.0,"key":"SMITH"},{"data":"UpSweep","floor":12.0,"key":"SMITH"},{"data":"SprinkleStarSeal","floor":15.0,"key":"SMITH"},{"data":"MagicAbsorber","floor":23,"key":"SMITH"},{"data":"MilkyWay","floor":28,"key":"SMITH"},{"floor":32,"key":"REST"}],"circlet_count":0,"master_deck":["AscendersBane","Defend_MRS+1","Defend_MRS","Defend_MRS","Defend_MRS","UpSweep+1","PowerUp+1","MysteriousBeam+1","SprinkleStarSeal+1","UnstableBomb","6A","MagicAbsorber+1","MilkyWay+1","Master of Strategy","Madness","Madness","PowerUp+1"],"relics":["MiniHakkero","MealTicket","Happy Flower","Ginger","Matryoshka","Empty Cage","Bottled Lightning","Oddly Smooth Stone","Runic Pyramid"],"acts_visited":["Exordium","TheCity","TheBeyond"],"potions_floor_usage":[21,33,36],"damage_taken":[{"damage":1.0,"enemies":"Cultist","floor":1.0,"turns":3.0},{"damage":2.0,"enemies":"Jaw Worm","floor":3.0,"turns":3.0},{"damage":0.0,"enemies":"Small Slimes","floor":4.0,"turns":3.0},{"damage":8.0,"enemies":"Gremlin Nob","floor":7.0,"turns":3.0},{"damage":0.0,"enemies":"Exordium Thugs","floor":11.0,"turns":3.0},{"damage":9.0,"enemies":"The Guardian","floor":16.0,"turns":8.0},{"damage":0.0,"enemies":"Spheric Guardian","floor":18.0,"turns":3.0},{"damage":2.0,"enemies":"Chosen","floor":19.0,"turns":4.0},{"damage":22,"enemies":"Shelled Parasite and Fungi","floor":21,"turns":4},{"damage":1,"enemies":"Centurion and Healer","floor":24,"turns":7},{"damage":15,"enemies":"Snake Plant","floor":27,"turns":3},{"damage":0,"enemies":"Cultist and Chosen","floor":30,"turns":3},{"damage":4,"enemies":"Chosen and Byrds","floor":31,"turns":4},{"damage":1,"enemies":"Champ","floor":33,"turns":9},{"damage":4,"enemies":"3 Darklings","floor":35,"turns":3},{"damage":10,"enemies":"Orb Walker","floor":36,"turns":4},{"damage":13,"enemies":"3 Darklings","floor":38,"turns":4},{"damage":25,"enemies":"4 Shapes","floor":39,"turns":3}],"seed_played":"8729474424020572903","potions_obtained":[{"floor":1.0,"key":"SteroidPotion"},{"floor":3.0,"key":"DistilledChaos"},{"floor":10.0,"key":"PowerPotion"},{"floor":21,"key":"BlessingOfTheForge"},{"floor":33,"key":"SpeedPotion"},{"floor":36,"key":"Fruit Juice"}],"is_trial":false,"path_per_floor":["M","$","M","M","T","R","E","R","T","?","M","R","?","$","R","B",null,"M","M","?","M","?","R","M","?","T","M","R","$","M","M","R","B",null,"M","M","?","M","M"],"character_chosen":"MARISA","items_purchased":["PowerUp","MealTicket","SprinkleStarSeal","Master of Strategy"],"campfire_rested":1,"item_purchase_floors":[2,2,14,29],"current_hp_per_floor":[44,44,42,42,42,42,34,34,34,34,34,34,34,49,49,40,63,63,61,61,39,39,39,38,38,38,23,23,38,38,34,55,54,66,62,57,43,30,5,5],"gold":159,"neow_bonus":"TWO_FIFTY_GOLD","is_daily":false,"chose_seed":false,"campfire_upgraded":6,"win_rate":0.0,"timestamp":1609896494,"path_taken":["M","$","M","M","?","R","E","R","T","?","?","R","?","?","R","BOSS","M","?","?","?","?","R","M","?","T","?","R","$","M","?","R","BOSS","M","M","?","M","M"],"items_purchased_type":["Card","Relic","Card","Card"],"build_version":"2020-12-22","purchased_purges":2,"victory":false,"max_hp_per_floor":[70,70,70,70,70,70,70,70,70,70,70,70,70,70,70,70,70,70,70,70,70,70,70,70,70,70,70,70,70,70,70,70,70,70,70,75,75,75,75,75],"card_choices":[{"not_picked":["OpenUniverse","SuperPerseids","ManaConvection"],"picked":"SKIP","floor":1.0},{"not_picked":["PowerUp","PulseMagic"],"picked":"MysteriousBeam","floor":3.0},{"not_picked":["Acceleration","Orbital","GrandCross"],"picked":"SKIP","floor":4.0},{"not_picked":["ManaConvection","WitchLeyline","DC"],"picked":"SKIP","floor":7.0},{"not_picked":["GravityBeat","LuminesStrike","RefractionSpark"],"picked":"SKIP","floor":11.0},{"not_picked":["Acceleration+1","LuminesStrike"],"picked":"UnstableBomb","floor":18.0},{"not_picked":["ChargeUpSpray","WitchOfGreed","PowerUp"],"picked":"SKIP","floor":19.0},{"not_picked":["Orbital+1","LuminesStrike"],"picked":"6A","floor":21},{"not_picked":["IllusionStar","CasketOfStar","Orbital"],"picked":"SKIP","floor":24},{"not_picked":["EnergyFlow","FairyDestructionRay"],"picked":"MilkyWay","floor":27},{"not_picked":["GalacticHalo","SporeBomb","ShootingEcho"],"picked":"SKIP","floor":30},{"not_picked":["Orbital+1","AsteroidBelt","MysteriousBeam"],"picked":"SKIP","floor":31},{"not_picked":["NonDirectionalLaser","Occultation","Robbery"],"picked":"SKIP","floor":35},{"not_picked":["StarBarrage","EnergyFlow","UnstableBomb"],"picked":"SKIP","floor":36},{"not_picked":["StarBarrage","EnergyFlow","UnstableBomb"],"picked":"SKIP","floor":36},{"not_picked":["GrandCross","Acceleration"],"picked":"PowerUp+1","floor":38}],"player_experience":675996,"relics_obtained":[{"floor":5.0,"key":"Happy Flower"},{"floor":7.0,"key":"Ginger"},{"floor":9.0,"key":"Matryoshka"},{"floor":26,"key":"Bottled Lightning"},{"floor":26,"key":"Oddly Smooth Stone"}],"event_choices":[{"damage_healed":0.0,"max_hp_gain":0.0,"max_hp_loss":0.0,"gold_gain":0.0,"event_name":"Lab","player_choice":"Got Potions","floor":10.0,"gold_loss":0.0,"damage_taken":0.0},{"damage_healed":0.0,"max_hp_gain":0.0,"max_hp_loss":0.0,"gold_gain":0.0,"event_name":"The Woman in Blue","player_choice":"Bought 1 Potion","floor":13.0,"gold_loss":0.0,"damage_taken":0.0},{"damage_healed":0.0,"max_hp_gain":0.0,"max_hp_loss":0.0,"gold_gain":0.0,"event_name":"Accursed Blacksmith","player_choice":"Forge","floor":20.0,"gold_loss":0.0,"damage_taken":0.0,"cards_upgraded":["Defend_MRS"]},{"damage_healed":0,"gold_gain":0,"player_choice":"Read","damage_taken":0,"max_hp_gain":0,"max_hp_loss":0,"event_name":"The Library","floor":22,"gold_loss":0,"cards_obtained":["MagicAbsorber"]},{"cards_removed":["Strike_MRS"],"damage_healed":0,"gold_gain":0,"player_choice":"Purged","damage_taken":0,"max_hp_gain":0,"max_hp_loss":0,"event_name":"Purifier","floor":25,"gold_loss":0},{"damage_healed":0,"gold_gain":0,"player_choice":"Embrace Madness","damage_taken":14,"max_hp_gain":0,"max_hp_loss":0,"event_name":"Winding Halls","floor":37,"gold_loss":0,"cards_obtained":["Madness","Madness"]}],"is_beta":false,"boss_relics":[{"not_picked":["SacredBark","Philosopher\u0027s Stone"],"picked":"Empty Cage"},{"not_picked":["Calling Bell","RampagingMagicTools"],"picked":"Runic Pyramid"}],"items_purged_floors":[2,14],"is_endless":false,"potions_floor_spawned":[1,3,21,31,33,36],"killed_by":"4 Shapes","ascension_level":20}}