{"host":"k4et7hlhlqy8fuoz","time":1609969057,"event":{"mods":["2.2 Compatiblity","AchievementEnabler","BaseMod","Colored Map","DeckTracker","Highlight Path","Minty Spire (QoL Compilation)","Random Character Button","Rare Cards Sparkle"],"gold_per_floor":[114,114,114,75,75,94,108,123,123,123,135,135,29,40,40,142,142,112,27,40,3,3,16,16,16,16],"floor_reached":25,"playtime":1701,"items_purged":[],"score":218,"play_id":"cc818514-83c6-4a72-b007-64bb6968f5ad","local_time":"20210106223737","is_ascension_mode":false,"campfire_choices":[{"floor":10,"key":"DIG"},{"data":"Eruption","floor":12,"key":"SMITH"},{"floor":15,"key":"REST"},{"floor":24,"key":"REST"}],"circlet_count":0,"master_deck":["Strike_P","Strike_P","Strike_P","Strike_P","Defend_P","Defend_P","Defend_P","Defend_P","Eruption+1","Vigilance","SandsOfTime","CarveReality","Protect","ReachHeaven","EmptyBody","InnerPeace","WheelKick","Nirvana","EmptyBody","Judgement","SandsOfTime+1","Bandage Up","FollowUp","ReachHeaven","PathToVictory"],"relics":["PureWater","HornCleat","Shovel","Anchor","Black Star"],"acts_visited":["Exordium","TheCity"],"potions_floor_usage":[16,16,16,25],"damage_taken":[{"damage":0,"enemies":"2 Louse","floor":1,"turns":4},{"damage":0,"enemies":"Small Slimes","floor":6,"turns":3},{"damage":11,"enemies":"Jaw Worm","floor":7,"turns":3},{"damage":20,"enemies":"Exordium Wildlife","floor":8,"turns":6},{"damage":2,"enemies":"Blue Slaver","floor":11,"turns":3},{"damage":19,"enemies":"Exordium Thugs","floor":14,"turns":5},{"damage":44,"enemies":"The Guardian","floor":16,"turns":17},{"damage":8,"enemies":"2 Thieves","floor":18,"turns":5},{"damage":28,"enemies":"3 Byrds","floor":20,"turns":5},{"damage":15,"enemies":"Snecko","floor":23,"turns":4},{"damage":67,"enemies":"Cultist and Chosen","floor":25,"turns":6}],"seed_played":"7306970109592735892","potions_obtained":[{"floor":7,"key":"SpeedPotion"},{"floor":8,"key":"Weak Potion"},{"floor":14,"key":"Weak Potion"},{"floor":18,"key":"AttackPotion"},{"floor":23,"key":"BottledMiracle"}],"is_trial":false,"path_per_floor":["M","?","?","$","T","M","M","M","T","R","M","R","$","M","R","B",null,"M","$","M","$","?","M","R","M"],"character_chosen":"WATCHER","items_purchased":["CarveReality","WheelKick","Nirvana","Bandage Up","ReachHeaven"],"campfire_rested":2,"item_purchase_floors":[4,13,13,19,21],"current_hp_per_floor":[79,84,84,84,84,84,73,53,53,53,51,51,51,32,57,13,84,76,76,52,52,36,25,51,0,0],"gold":16,"neow_bonus":"TEN_PERCENT_HP_BONUS","is_daily":false,"chose_seed":false,"campfire_upgraded":1,"win_rate":0.0,"timestamp":1609969057,"path_taken":["M","?","?","$","?","M","M","M","T","R","M","R","$","?","R","BOSS","M","$","M","$","?","M","R","M"],"items_purchased_type":["Card","Card","Card","Card","Card"],"build_version":"2020-12-22","purchased_purges":0,"victory":false,"max_hp_per_floor":[79,84,84,84,84,84,84,84,84,84,84,84,84,84,84,84,84,84,84,84,84,89,89,89,89,89],"card_choices":[{"not_picked":["Consecrate","Prostrate"],"picked":"SandsOfTime","floor":1},{"not_picked":["Sanctity","CrushJoints"],"picked":"Protect","floor":6},{"not_picked":["FlyingSleeves","FollowUp"],"picked":"ReachHeaven","floor":7},{"not_picked":["Crescendo","Evaluate"],"picked":"EmptyBody","floor":8},{"not_picked":["Meditate","SashWhip"],"picked":"InnerPeace","floor":11},{"not_picked":["LikeWater","Crescendo"],"picked":"EmptyBody","floor":14},{"not_picked":["Omniscience","MasterReality"],"picked":"Judgement","floor":16},{"not_picked":["ThirdEye","EmptyBody"],"picked":"SandsOfTime+1","floor":18},{"not_picked":["Halt","FlurryOfBlows"],"picked":"FollowUp","floor":20},{"not_picked":["Study","SashWhip"],"picked":"PathToVictory","floor":23}],"player_experience":78079,"relics_obtained":[{"floor":5,"key":"HornCleat"},{"floor":9,"key":"Shovel"},{"floor":10,"key":"Anchor"}],"event_choices":[{"damage_healed":0,"gold_gain":0,"player_choice":"Donut","damage_taken":0,"max_hp_gain":5,"max_hp_loss":0,"event_name":"Big Fish","floor":2,"gold_loss":0},{"damage_healed":0,"gold_gain":0,"player_choice":"Leave","damage_taken":0,"max_hp_gain":0,"max_hp_loss":0,"event_name":"The Cleric","floor":3,"gold_loss":0},{"damage_healed":0,"gold_gain":0,"player_choice":"Shed Blood","damage_taken":21,"max_hp_gain":5,"max_hp_loss":0,"event_name":"Forgotten Altar","floor":22,"gold_loss":0}],"is_beta":false,"boss_relics":[{"not_picked":["Runic Pyramid","Astrolabe"],"picked":"Black Star"}],"items_purged_floors":[],"is_endless":false,"potions_floor_spawned":[7,8,14,18,23],"killed_by":"Cultist and Chosen","ascension_level":0}}