{"host":"nc31xc38ptxi6d4c","time":1609909518,"event":{"mods":["BaseMod","Curses Come First","Evolution","Minty Spire (QoL Compilation)","StSLib"],"gold_per_floor":[119,136,61,73,73,105,105,135,135,162,162,193,193,204,204,305,305,319,63,153,163,175,175,175],"floor_reached":23,"playtime":1249,"items_purged":["Strike_P","Defend_P"],"score":234,"play_id":"690a1fc3-59c7-43d9-b2cf-9978cb410e03","local_time":"20210105230518","is_ascension_mode":false,"campfire_choices":[{"data":"FlyingSleeves","floor":7,"key":"SMITH"},{"floor":11,"key":"REST"},{"floor":13,"key":"REST"},{"data":"Ragnarok","floor":15,"key":"SMITH"}],"circlet_count":0,"master_deck":["FlyingSleeves+1","CutThroughFate+1","Strike_P","Defend_P","Defend_P+1","Defend_P+1","Eruption","Vigilance","Weave","EmptyFist","Ragnarok+1","Weave","Ragnarok","CurseOfTheBell","JustLucky","BattleHymn","Indignation+1"],"relics":["PureWater","EVO:Axolotl","Question Card","Eternal Feather","Potion Belt","War Paint","Calling Bell","Regal Pillow","Blue Candle","Dead Branch","Blood Vial"],"acts_visited":["Exordium","TheCity"],"potions_floor_usage":[10,16,16,18],"damage_taken":[{"damage":1,"enemies":"Jaw Worm","floor":1,"turns":3},{"damage":0,"enemies":"2 Louse","floor":2,"turns":1},{"damage":0,"enemies":"Cultist","floor":4,"turns":2},{"damage":36,"enemies":"3 Sentries","floor":6,"turns":9},{"damage":0,"enemies":"Gremlin Nob","floor":10,"turns":2},{"damage":36,"enemies":"Lagavulin","floor":12,"turns":3},{"damage":0,"enemies":"2 Fungi Beasts","floor":14,"turns":2},{"damage":43,"enemies":"Hexaghost","floor":16,"turns":7},{"damage":11,"enemies":"2 Thieves","floor":18,"turns":2},{"damage":19,"enemies":"3 Byrds","floor":21,"turns":4},{"damage":13,"enemies":"3 Cultists","floor":22,"turns":3},{"damage":28,"enemies":"Cultist and Chosen","floor":23,"turns":4}],"seed_played":"-5385909461758198476","potions_obtained":[{"floor":1,"key":"DuplicationPotion"},{"floor":12,"key":"BottledMiracle"},{"floor":14,"key":"Swift Potion"},{"floor":16,"key":"SteroidPotion"}],"is_trial":false,"path_per_floor":["M","M","$","M","$","E","R","?","T","E","R","E","R","M","R","B",null,"M","$","?","M","M","M"],"character_chosen":"WATCHER","items_purchased":["Blood Vial"],"campfire_rested":2,"item_purchase_floors":[19],"current_hp_per_floor":[71,71,71,71,71,35,35,35,35,35,62,26,53,53,59,16,72,61,61,49,32,21,0,0],"gold":175,"neow_bonus":"UPGRADE_CARD","is_daily":false,"chose_seed":false,"campfire_upgraded":2,"win_rate":0.0,"timestamp":1609909518,"path_taken":["M","M","$","M","$","E","R","?","T","E","R","E","R","M","R","BOSS","M","$","?","?","M","M"],"items_purchased_type":["Relic"],"build_version":"2020-12-22","purchased_purges":2,"victory":false,"max_hp_per_floor":[72,72,72,72,72,72,72,72,72,72,72,72,72,72,72,72,72,72,72,72,72,72,72,72],"card_choices":[{"not_picked":["Perseverance","Sanctity","FollowUp"],"picked":"SKIP","floor":1},{"not_picked":["FollowUp","Study","Protect"],"picked":"SKIP","floor":2},{"not_picked":["EmptyFist","Crescendo"],"picked":"Weave","floor":4},{"not_picked":["Prostrate","Weave"],"picked":"EmptyFist","floor":6},{"not_picked":["SignatureMove","TalkToTheHand","Wallop"],"picked":"Ragnarok","floor":10},{"not_picked":["EmptyFist","Study","FlurryOfBlows","Prostrate"],"picked":"SKIP","floor":12},{"not_picked":["Conclude","ClearTheMind","Protect"],"picked":"Weave","floor":14},{"not_picked":["Omniscience","Vault","Brilliance"],"picked":"Ragnarok","floor":16},{"not_picked":["Halt","EmptyBody","PathToVictory"],"picked":"JustLucky","floor":18},{"not_picked":["FollowUp","FlyingSleeves","EmptyMind"],"picked":"BattleHymn","floor":21},{"not_picked":["BattleHymn","CarveReality","Collect"],"picked":"Indignation+1","floor":22}],"player_experience":136143,"relics_obtained":[{"floor":6,"key":"Question Card"},{"floor":9,"key":"Eternal Feather"},{"floor":10,"key":"Potion Belt"},{"floor":12,"key":"War Paint"},{"floor":17,"key":"Regal Pillow"},{"floor":17,"key":"Blue Candle"},{"floor":17,"key":"Dead Branch"}],"event_choices":[{"damage_healed":0,"gold_gain":30,"player_choice":"Searched \u00272\u0027 times","damage_taken":0,"max_hp_gain":0,"max_hp_loss":0,"event_name":"Dead Adventurer","floor":8,"gold_loss":0},{"damage_healed":0,"gold_gain":90,"player_choice":"GOLD ","damage_taken":12,"max_hp_gain":0,"max_hp_loss":0,"event_name":"Knowing Skull","floor":20,"potions_obtained":[],"gold_loss":0,"cards_obtained":[]}],"is_beta":false,"boss_relics":[{"not_picked":["Busted Crown","Fusion Hammer"],"picked":"Calling Bell"}],"items_purged_floors":[3,19],"is_endless":false,"potions_floor_spawned":[1,12,14,16],"killed_by":"Cultist and Chosen","ascension_level":0}}