{"host":"5wznv0010959mrmz","time":1609954839,"event":{"mods":["BaseMod","Highlight Path","Minty Spire (QoL Compilation)","Relic Stats"],"gold_per_floor":[119,44,44,57,72,72,100,100,100,131,145,163,163,181,181,181,181],"floor_reached":16,"playtime":688,"items_purged":[],"score":224,"play_id":"43d73dfe-30fe-43a1-b30b-41c49f28e367","local_time":"20210106114039","is_ascension_mode":true,"campfire_choices":[{"data":"Poisoned Stab","floor":6,"key":"SMITH"},{"data":"Terror","floor":8,"key":"SMITH"},{"floor":13,"key":"REST"},{"data":"Eviscerate","floor":15,"key":"SMITH"}],"circlet_count":0,"master_deck":["AscendersBane","Strike_G","Strike_G","Strike_G","Strike_G","Defend_G","Defend_G","Defend_G","Defend_G","Survivor","Neutralize","Acrobatics","Dagger Spray","Poisoned Stab+1","Terror+1","Wraith Form v2","Masterful Stab","Eviscerate+1","Outmaneuver"],"relics":["Ring of the Snake","Incense Burner","Gremlin Horn","Paper Crane","Nunchaku"],"acts_visited":["Exordium"],"potions_floor_usage":[7,10],"damage_taken":[{"damage":3,"enemies":"Cultist","floor":1,"turns":4},{"damage":1,"enemies":"Small Slimes","floor":4,"turns":4},{"damage":4,"enemies":"Jaw Worm","floor":5,"turns":4},{"damage":32,"enemies":"Gremlin Nob","floor":7,"turns":4},{"damage":11,"enemies":"Lagavulin","floor":10,"turns":5},{"damage":3,"enemies":"Gremlin Gang","floor":11,"turns":4},{"damage":3,"enemies":"Exordium Wildlife","floor":12,"turns":4},{"damage":4,"enemies":"Large Slime","floor":14,"turns":3},{"damage":26,"enemies":"The Guardian","floor":16,"turns":9}],"seed_played":"8028117204635537612","potions_obtained":[{"floor":1,"key":"SteroidPotion"},{"floor":4,"key":"Fruit Juice"}],"is_trial":false,"path_per_floor":["M","?","?","M","M","R","E","R","T","E","M","M","R","M","R","B"],"character_chosen":"THE_SILENT","items_purchased":[],"campfire_rested":1,"item_purchase_floors":[],"current_hp_per_floor":[56,56,56,55,51,51,19,19,19,13,10,7,26,22,22,0,0],"gold":181,"neow_bonus":"ONE_RARE_RELIC","is_daily":false,"chose_seed":false,"campfire_upgraded":3,"win_rate":0.0,"timestamp":1609954839,"path_taken":["M","?","?","M","M","R","E","R","T","E","M","M","R","?","R","BOSS"],"items_purchased_type":[],"build_version":"2020-12-22","purchased_purges":0,"victory":false,"max_hp_per_floor":[60,60,60,60,60,60,60,60,60,65,65,65,65,65,65,65,65],"relic_stats":{"Nunchaku":[4],"Gremlin Horn":[5,5],"counters":[9,41],"obtain_stats":[{"Nunchaku":10,"Gremlin Horn":7,"Incense Burner":0,"Paper Crane":9,"Ring of the Snake":0},{"Nunchaku":5,"Gremlin Horn":4,"Incense Burner":0,"Paper Crane":4,"Ring of the Snake":0},{"Nunchaku":21,"Gremlin Horn":16,"Incense Burner":0,"Paper Crane":16,"Ring of the Snake":0}],"Ring of the Snake":[18]},"card_choices":[{"not_picked":["Concentrate","Outmaneuver"],"picked":"Acrobatics","floor":1},{"not_picked":["Dagger Throw","Blade Dance"],"picked":"Dagger Spray","floor":4},{"not_picked":["Bane","Terror"],"picked":"Poisoned Stab","floor":5},{"not_picked":["Tactician","Bane"],"picked":"Terror","floor":7},{"not_picked":["Dagger Spray","Flying Knee"],"picked":"Wraith Form v2","floor":10},{"not_picked":["Bane","Acrobatics"],"picked":"Masterful Stab","floor":11},{"not_picked":["Heel Hook","Acrobatics"],"picked":"Eviscerate","floor":12},{"not_picked":["Predator","Poisoned Stab"],"picked":"Outmaneuver","floor":14}],"player_experience":412141,"relics_obtained":[{"floor":7,"key":"Gremlin Horn"},{"floor":9,"key":"Paper Crane"},{"floor":10,"key":"Nunchaku"}],"event_choices":[{"cards_removed":["Defend_G"],"damage_healed":0,"gold_gain":0,"player_choice":"Card Removal","damage_taken":0,"max_hp_gain":0,"max_hp_loss":0,"event_name":"The Cleric","floor":2,"gold_loss":75},{"cards_removed":["Strike_G"],"damage_healed":0,"gold_gain":0,"player_choice":"Purged","damage_taken":0,"max_hp_gain":0,"max_hp_loss":0,"event_name":"Purifier","floor":3,"gold_loss":0}],"is_beta":false,"boss_relics":[],"items_purged_floors":[],"is_endless":false,"potions_floor_spawned":[1,4],"killed_by":"The Guardian","ascension_level":20}}