{"host":"w9yruvs4bqht6bhw","time":1609975393,"event":{"mods":["BaseMod","Colored Powertips","Minty Spire (QoL Compilation)"],"gold_per_floor":[113,129,139,158,33,33,63,63,63,63,63,93,107,127,127,232,232,242,46,58,58,69,69,99,112,112,12,28,28,28,42,42,42,42],"floor_reached":33,"playtime":1225,"items_purged":["Strike_R","Strike_R"],"score":391,"play_id":"850fb642-2b1f-4806-b402-089a7137650d","local_time":"20210106182313","is_ascension_mode":true,"campfire_choices":[{"data":"Trip","floor":6,"key":"SMITH"},{"data":"Inflame","floor":8,"key":"SMITH"},{"floor":15,"key":"REST"},{"floor":23,"key":"REST"},{"floor":30,"key":"REST"},{"floor":32,"key":"REST"}],"circlet_count":0,"master_deck":["Strike_R","Strike_R","Strike_R","Defend_R","Defend_R","Defend_R","Defend_R","Bash","Trip+1","Anger","Battle Trance","Inflame+1","Rage","Shrug It Off","Shrug It Off","Rampage","Limit Break","Seeing Red"],"relics":["Burning Blood","Toy Ornithopter","Sundial","Pen Nib","Black Star","Sling","Nloth\u0027s Gift","Paper Frog","MealTicket","PreservedInsect","MutagenicStrength"],"acts_visited":["Exordium","TheCity"],"potions_floor_usage":[7,7,16,24,28],"damage_taken":[{"damage":0,"enemies":"Cultist","floor":1,"turns":4},{"damage":0,"enemies":"Small Slimes","floor":2,"turns":4},{"damage":9,"enemies":"Jaw Worm","floor":3,"turns":3},{"damage":14,"enemies":"Lots of Slimes","floor":4,"turns":4},{"damage":23,"enemies":"3 Sentries","floor":7,"turns":8},{"damage":25,"enemies":"Lagavulin","floor":12,"turns":5},{"damage":0,"enemies":"Large Slime","floor":13,"turns":4},{"damage":3,"enemies":"Blue Slaver","floor":14,"turns":3},{"damage":19,"enemies":"The Guardian","floor":16,"turns":7},{"damage":15,"enemies":"Shell Parasite","floor":18,"turns":7},{"damage":1,"enemies":"Chosen","floor":20,"turns":4},{"damage":47,"enemies":"Snake Plant","floor":22,"turns":5},{"damage":54,"enemies":"Slavers","floor":24,"turns":8},{"damage":35,"enemies":"Snecko","floor":25,"turns":6},{"damage":30,"enemies":"Centurion and Healer","floor":28,"turns":7},{"damage":33,"enemies":"Snake Plant","floor":31,"turns":5},{"damage":86,"enemies":"Automaton","floor":33,"turns":6}],"seed_played":"-8341740479428086569","potions_obtained":[{"floor":2,"key":"FairyPotion"},{"floor":4,"key":"GamblersBrew"},{"floor":7,"key":"Strength Potion"},{"floor":16,"key":"LiquidMemories"}],"is_trial":false,"path_per_floor":["M","M","M","M","$","R","E","R","T","$","?","E","M","M","R","B",null,"M","$","M","?","M","R","E","M","T","$","M","?","R","M","R","B"],"character_chosen":"IRONCLAD","items_purchased":["SteroidPotion","Sling","Block Potion"],"campfire_rested":4,"item_purchase_floors":[5,19,19],"current_hp_per_floor":[78,80,77,69,69,69,52,52,52,52,45,26,32,35,59,51,73,64,64,69,69,28,52,9,21,21,36,17,17,41,14,38,0,0],"gold":42,"neow_bonus":"RANDOM_COLORLESS","is_daily":false,"chose_seed":false,"campfire_upgraded":2,"win_rate":0.0,"timestamp":1609975393,"path_taken":["M","M","M","M","$","R","E","R","T","?","?","E","M","M","R","BOSS","M","$","M","?","M","R","E","M","T","$","?","?","R","M","R","BOSS"],"items_purchased_type":["Potion","Relic","Potion"],"build_version":"2020-12-22","purchased_purges":2,"victory":false,"max_hp_per_floor":[80,80,80,80,80,80,80,80,80,80,80,80,80,80,80,80,80,80,80,80,80,80,80,80,80,80,80,80,80,80,80,80,80,80],"card_choices":[{"not_picked":["Impatience","Swift Strike"],"picked":"Trip","floor":0},{"not_picked":["Wild Strike","Havoc"],"picked":"Anger","floor":1},{"not_picked":["Uppercut","True Grit"],"picked":"Battle Trance","floor":2},{"not_picked":["Thunderclap","Dropkick"],"picked":"Inflame","floor":3},{"not_picked":["Body Slam","True Grit"],"picked":"Rage","floor":4},{"not_picked":["Wild Strike","Clash","Havoc"],"picked":"SKIP","floor":7},{"not_picked":["Burning Pact","Demon Form"],"picked":"Shrug It Off","floor":12},{"not_picked":["Body Slam","Burning Pact","Iron Wave"],"picked":"SKIP","floor":13},{"not_picked":["Wild Strike","Ghostly Armor","Cleave"],"picked":"SKIP","floor":14},{"not_picked":["Sword Boomerang","Clothesline","Shockwave"],"picked":"SKIP","floor":18},{"not_picked":["Heavy Blade","Fire Breathing+1"],"picked":"Shrug It Off","floor":20},{"not_picked":["Carnage","Flame Barrier","Blood for Blood"],"picked":"SKIP","floor":22},{"not_picked":["Warcry","Armaments"],"picked":"Rampage","floor":24},{"not_picked":["Shrug It Off","Cleave+1"],"picked":"Limit Break","floor":25},{"not_picked":["Pommel Strike","Feel No Pain"],"picked":"Seeing Red","floor":28},{"not_picked":["Warcry","Perfected Strike","Heavy Blade"],"picked":"SKIP","floor":31}],"player_experience":338271,"relics_obtained":[{"floor":7,"key":"Lantern"},{"floor":9,"key":"Toy Ornithopter"},{"floor":12,"key":"Pen Nib"},{"floor":24,"key":"Paper Frog"},{"floor":24,"key":"MealTicket"},{"floor":26,"key":"PreservedInsect"}],"event_choices":[{"damage_healed":0,"gold_gain":0,"player_choice":"Success","damage_taken":7,"relics_obtained":["Sundial"],"max_hp_gain":0,"max_hp_loss":0,"event_name":"Scrap Ooze","floor":11,"gold_loss":0},{"damage_healed":0,"gold_gain":0,"player_choice":"Traded Relic","damage_taken":0,"relics_obtained":["Nloth\u0027s Gift"],"max_hp_gain":0,"max_hp_loss":0,"event_name":"N\u0027loth","floor":21,"relics_lost":["Lantern"],"gold_loss":0},{"damage_healed":0,"gold_gain":0,"player_choice":"Inject Mutagens","damage_taken":0,"relics_obtained":["MutagenicStrength"],"max_hp_gain":0,"max_hp_loss":0,"event_name":"Drug Dealer","floor":29,"gold_loss":0}],"is_beta":false,"boss_relics":[{"not_picked":["Philosopher\u0027s Stone","Velvet Choker"],"picked":"Black Star"}],"items_purged_floors":[5,27],"is_endless":false,"potions_floor_spawned":[2,4,7,16,20,22],"killed_by":"Automaton","ascension_level":8}}