{"host":"f0gpob8hq9vgebej","time":1609977340,"event":{"mods":["AchievementEnabler","BaseMod","Minty Spire (QoL Compilation)","Quick Restart","SuperFastMode"],"gold_per_floor":[113,125,145,29,104,104,124,124,124,124,124,49,62,75,75,154,154,173,190,209,284,295,295,330,330,354,371,371,371,11,26,26,97,97,110,0,18,18,38,38,38],"floor_reached":40,"playtime":1097,"items_purged":["Strike_G","Strike_G"],"score":685,"play_id":"27988186-61fa-44f5-bb49-7c854fe3fbb9","local_time":"20210107085540","is_ascension_mode":true,"campfire_choices":[{"data":"Accuracy","floor":6.0,"key":"SMITH"},{"data":"Blade Dance","floor":8.0,"key":"SMITH"},{"data":"Acrobatics","floor":11.0,"key":"SMITH"},{"data":"Tactician","floor":15.0,"key":"SMITH"},{"data":"Phantasmal Killer","floor":23.0,"key":"SMITH"},{"floor":25.0,"key":"REST"},{"floor":32.0,"key":"REST"}],"circlet_count":0,"master_deck":["AscendersBane","Strike_G","Strike_G","Strike_G","Defend_G","Defend_G","Defend_G","Defend_G","Defend_G","Survivor","Neutralize","Blade Dance+1","Accuracy+1","Acrobatics+1","Finisher","Tactician+1","Phantasmal Killer+1","PiercingWail","Concentrate","Backflip+1","Backflip","After Image","Accuracy","Burst","Dodge and Roll+1","Escape Plan+1","Blade Dance+1"],"relics":["Ring of the Serpent","Torii","StoneCalendar","Happy Flower","TheAbacus","Runic Pyramid","Red Mask","Bottled Lightning"],"acts_visited":["Exordium","TheCity","TheBeyond"],"potions_floor_usage":[33,37],"damage_taken":[{"damage":6.0,"enemies":"Jaw Worm","floor":1.0,"turns":5.0},{"damage":7.0,"enemies":"Small Slimes","floor":2.0,"turns":5.0},{"damage":3.0,"enemies":"Cultist","floor":3.0,"turns":6.0},{"damage":2.0,"enemies":"Exordium Thugs","floor":7.0,"turns":4.0},{"damage":1.0,"enemies":"2 Fungi Beasts","floor":13.0,"turns":3.0},{"damage":1.0,"enemies":"Blue Slaver","floor":14.0,"turns":2.0},{"damage":1.0,"enemies":"Hexaghost","floor":16.0,"turns":5.0},{"damage":12.0,"enemies":"2 Thieves","floor":18.0,"turns":4.0},{"damage":1.0,"enemies":"Chosen","floor":19.0,"turns":5.0},{"damage":16.0,"enemies":"Centurion and Healer","floor":20.0,"turns":7.0},{"damage":12.0,"enemies":"3 Cultists","floor":22.0,"turns":4.0},{"damage":14.0,"enemies":"Book of Stabbing","floor":24.0,"turns":8.0},{"damage":1.0,"enemies":"Snecko","floor":27.0,"turns":6.0},{"damage":3.0,"enemies":"Snake Plant","floor":31.0,"turns":5.0},{"damage":23,"enemies":"Collector","floor":33,"turns":5},{"damage":1,"enemies":"Orb Walker","floor":35,"turns":5},{"damage":3,"enemies":"3 Shapes","floor":37,"turns":7},{"damage":40,"enemies":"Transient","floor":39,"turns":5},{"damage":29,"enemies":"Nemesis","floor":40,"turns":6}],"seed_played":"2687964569665884564","potions_obtained":[{"floor":2.0,"key":"FearPotion"},{"floor":7.0,"key":"DistilledChaos"},{"floor":16.0,"key":"FearPotion"},{"floor":18.0,"key":"GamblersBrew"},{"floor":19.0,"key":"Weak Potion"},{"floor":27.0,"key":"Block Potion"},{"floor":33,"key":"Energy Potion"},{"floor":35,"key":"Poison Potion"}],"is_trial":false,"path_per_floor":["M","M","M","$","?","R","M","R","T","?","R","$","M","M","R","B",null,"M","M","M","?","M","R","E","R","T","M","?","?","$","M","R","B",null,"M","?","M","T","M","E"],"character_chosen":"THE_SILENT","items_purchased":["Accuracy","Acrobatics","TheAbacus","CultistPotion"],"campfire_rested":2,"item_purchase_floors":[4,4,30,30],"current_hp_per_floor":[53,46,43,43,32,32,30,30,30,35,35,35,34,33,33,32,75,63,62,46,38,26,26,12,38,38,37,20,20,20,17,45,22,76,75,75,72,72,32,3,3],"gold":38,"neow_bonus":"TWENTY_PERCENT_HP_BONUS","is_daily":false,"chose_seed":false,"campfire_upgraded":5,"win_rate":0.0,"timestamp":1609977340,"path_taken":["M","M","M","$","?","R","M","R","T","?","R","$","M","M","R","BOSS","M","M","M","?","?","R","E","R","T","M","?","?","$","M","R","BOSS","M","?","M","?","?","E"],"items_purchased_type":["Card","Card","Relic","Potion"],"build_version":"2020-12-22","purchased_purges":2,"victory":false,"max_hp_per_floor":[84,84,84,84,84,84,84,84,84,89,89,89,89,89,89,89,89,89,89,89,89,89,89,89,89,89,89,94,94,94,94,94,94,94,94,94,94,94,94,94,94],"card_choices":[{"not_picked":["Flying Knee","Underhanded Strike","Quick Slash"],"picked":"SKIP","floor":1.0},{"not_picked":["Quick Slash","Slice","Flying Knee"],"picked":"SKIP","floor":2.0},{"not_picked":["Quick Slash","Prepared"],"picked":"Blade Dance","floor":3.0},{"not_picked":["Caltrops","Blur","Slice"],"picked":"SKIP","floor":7.0},{"not_picked":["Infinite Blades","Dagger Throw"],"picked":"Finisher","floor":13.0},{"not_picked":["Cloak And Dagger","Choke"],"picked":"Tactician","floor":14.0},{"not_picked":["Bullet Time","Unload"],"picked":"Phantasmal Killer","floor":16.0},{"not_picked":["Dodge and Roll","Setup+1"],"picked":"PiercingWail","floor":18.0},{"not_picked":["Acrobatics","Flying Knee"],"picked":"Concentrate","floor":19.0},{"not_picked":["Skewer","Underhanded Strike"],"picked":"Backflip+1","floor":20.0},{"not_picked":["Deadly Poison","Dagger Throw+1"],"picked":"Backflip","floor":22.0},{"not_picked":["Riddle With Holes","Deadly Poison"],"picked":"After Image","floor":24.0},{"not_picked":["Slice","Sucker Punch+1"],"picked":"Accuracy","floor":27.0},{"not_picked":["Dagger Spray","Underhanded Strike","Backstab"],"picked":"SKIP","floor":31.0},{"not_picked":["Venomology","A Thousand Cuts"],"picked":"Burst","floor":33},{"not_picked":["Infinite Blades+1","Deadly Poison+1"],"picked":"Dodge and Roll+1","floor":35},{"not_picked":["Bouncing Flask","Heel Hook+1"],"picked":"Escape Plan+1","floor":37},{"not_picked":["Leg Sweep","Catalyst"],"picked":"Blade Dance+1","floor":39}],"player_experience":120447,"relics_obtained":[{"floor":9.0,"key":"Torii"},{"floor":24.0,"key":"StoneCalendar"},{"floor":26.0,"key":"Happy Flower"},{"floor":38,"key":"Bottled Lightning"}],"event_choices":[{"damage_healed":0.0,"max_hp_gain":0.0,"max_hp_loss":0.0,"gold_gain":75.0,"event_name":"World of Goop","player_choice":"Gather Gold","floor":5.0,"gold_loss":0.0,"damage_taken":11.0},{"damage_healed":0.0,"max_hp_gain":5.0,"max_hp_loss":0.0,"gold_gain":0.0,"event_name":"Big Fish","player_choice":"Donut","floor":10.0,"gold_loss":0.0,"damage_taken":0.0},{"damage_healed":0.0,"max_hp_gain":0.0,"max_hp_loss":0.0,"gold_gain":75.0,"event_name":"FaceTrader","player_choice":"Touch","floor":21.0,"gold_loss":0.0,"damage_taken":8.0},{"damage_healed":0.0,"max_hp_gain":5.0,"max_hp_loss":0.0,"gold_gain":0.0,"event_name":"Forgotten Altar","player_choice":"Shed Blood","floor":28.0,"gold_loss":0.0,"damage_taken":22.0},{"damage_healed":0.0,"max_hp_gain":0.0,"max_hp_loss":0.0,"gold_gain":0.0,"event_name":"The Mausoleum","player_choice":"Ignored","floor":29.0,"gold_loss":0.0,"damage_taken":0.0},{"damage_healed":0,"gold_gain":0,"player_choice":"Paid","damage_taken":0,"relics_obtained":["Red Mask"],"max_hp_gain":0,"max_hp_loss":0,"event_name":"Tomb of Lord Red Mask","floor":36,"gold_loss":110}],"is_beta":false,"boss_relics":[{"not_picked":["Snecko Eye","SacredBark"],"picked":"Ring of the Serpent"},{"not_picked":["Cursed Key","Busted Crown"],"picked":"Runic Pyramid"}],"items_purged_floors":[12,30],"is_endless":false,"potions_floor_spawned":[2,7,13,16,18,19,27,33,35],"killed_by":"Nemesis","ascension_level":13}}