{"host":"1a3cjta80tad0aqj","time":1609907810,"event":{"mods":["2.2 Compatiblity","AchievementEnabler","BaseMod","Colored Map","DeckTracker","KOR Keyword Fix","Keyboard Shortcuts","Minty Spire (QoL Compilation)","Permanent Neow","Quick Restart","Random Character Button","StSLib","SuperFastMode","everything is the same but u backflip on backflip"],"gold_per_floor":[109,109,121,134,31,31,47,122,122,122,150,163,176,186,186,290,290,290,290],"floor_reached":18,"playtime":814,"items_purged":[],"score":214,"play_id":"7d001de8-57b2-49e3-a02a-aea7462ec553","local_time":"20210106133650","is_ascension_mode":false,"campfire_choices":[{"data":"Rip and Tear","floor":6,"key":"SMITH"},{"data":"Ball Lightning","floor":10,"key":"SMITH"},{"floor":15,"key":"REST"}],"circlet_count":0,"master_deck":["Strike_B","Strike_B","Strike_B","Strike_B","Defend_B","Defend_B","Defend_B","Defend_B","Zap","Dualcast","Ball Lightning+1","Rip and Tear+1","Defragment","Gash","Rip and Tear","Steam","Beam Cell","Rebound","Reboot","CurseOfTheBell"],"relics":["Snecko Eye","NlothsMask","StoneCalendar","Calling Bell","MealTicket","InkBottle","Thread and Needle"],"acts_visited":["Exordium","TheCity"],"potions_floor_usage":[1,11,16,16,18],"damage_taken":[{"damage":7,"enemies":"2 Louse","floor":1,"turns":4},{"damage":1,"enemies":"Cultist","floor":3,"turns":3},{"damage":0,"enemies":"Small Slimes","floor":4,"turns":2},{"damage":0,"enemies":"Looter","floor":7,"turns":2},{"damage":32,"enemies":"Gremlin Nob","floor":11,"turns":4},{"damage":0,"enemies":"3 Louse","floor":12,"turns":2},{"damage":13,"enemies":"Lots of Slimes","floor":13,"turns":3},{"damage":2,"enemies":"Looter","floor":14,"turns":5},{"damage":0,"enemies":"Slime Boss","floor":16,"turns":5},{"damage":80,"enemies":"3 Byrds","floor":18,"turns":6}],"seed_played":"-171400181078301922","potions_obtained":[{"floor":1,"key":"Fruit Juice"},{"floor":7,"key":"Energy Potion"},{"floor":11,"key":"LiquidMemories"},{"floor":12,"key":"Strength Potion"}],"is_trial":false,"path_per_floor":["M","?","M","M","$","R","M","?","T","R","E","M","M","M","R","B",null,"M"],"character_chosen":"DEFECT","items_purchased":["EssenceOfDarkness"],"campfire_rested":1,"item_purchase_floors":[5],"current_hp_per_floor":[73,73,72,72,72,72,72,61,61,61,29,29,16,14,38,38,80,0,0],"gold":290,"neow_bonus":"BOSS_RELIC","is_daily":false,"chose_seed":false,"campfire_upgraded":2,"win_rate":0.0,"timestamp":1609907810,"path_taken":["M","?","M","?","$","R","M","?","T","R","E","M","M","M","R","BOSS","M"],"items_purchased_type":["Potion"],"build_version":"2020-12-22","purchased_purges":0,"victory":false,"max_hp_per_floor":[80,80,80,80,80,80,80,80,80,80,80,80,80,80,80,80,80,80,80],"card_choices":[{"not_picked":["Scrape","Cold Snap"],"picked":"Ball Lightning","floor":1},{"not_picked":["Coolheaded","Loop"],"picked":"Rip and Tear","floor":3},{"not_picked":["Steam Power","Stack"],"picked":"Defragment","floor":4},{"not_picked":["Capacitor","Blizzard"],"picked":"Gash","floor":7},{"not_picked":["Glacier","Sunder"],"picked":"Rip and Tear","floor":11},{"not_picked":["Coolheaded","Streamline"],"picked":"Steam","floor":12},{"not_picked":["Conserve Battery","Doom and Gloom"],"picked":"Beam Cell","floor":13},{"not_picked":["Chill","Barrage"],"picked":"Rebound","floor":14},{"not_picked":["Fission","Multi-Cast"],"picked":"Reboot","floor":16}],"player_experience":163331,"relics_obtained":[{"floor":11,"key":"StoneCalendar"},{"floor":17,"key":"MealTicket"},{"floor":17,"key":"InkBottle"},{"floor":17,"key":"Thread and Needle"}],"event_choices":[{"damage_healed":0,"gold_gain":0,"player_choice":"Trade","damage_taken":0,"relics_obtained":["NlothsMask"],"max_hp_gain":0,"max_hp_loss":0,"event_name":"FaceTrader","floor":2,"gold_loss":0},{"damage_healed":0,"gold_gain":75,"player_choice":"Gather Gold","damage_taken":11,"max_hp_gain":0,"max_hp_loss":0,"event_name":"World of Goop","floor":8,"gold_loss":0}],"is_beta":false,"boss_relics":[{"not_picked":["Philosopher\u0027s Stone","Velvet Choker"],"picked":"Calling Bell"}],"items_purged_floors":[],"is_endless":false,"potions_floor_spawned":[1,7,11,12],"killed_by":"3 Byrds","ascension_level":0}}