{"host":"nnxvcju6x1qybncj","time":1609960238,"event":{"mods":["BaseMod","Displayed Cursed Tome","Downfall","Evolution","Jorbs\u0027s Wanderer Trilogy","Minty Spire (QoL Compilation)","Quick Restart","StSLib"],"gold_per_floor":[116,130,37,37,56,83,83,95,95,114,170,184,184,199,199,274,274,285,16,16,36,36,36,36,36,36,47,47,61,85,102,102,102,102],"floor_reached":33,"playtime":1561,"items_purged":[],"score":411,"play_id":"ac3db17c-85d1-4c65-84b2-89b629a8c2bb","local_time":"20210106201038","is_ascension_mode":true,"campfire_choices":[{"floor":7.0,"key":"REST"},{"floor":15.0,"key":"REST"},{"floor":23.0,"key":"REST"},{"floor":25.0,"key":"REST"},{"floor":28.0,"key":"REST"},{"floor":32.0,"key":"REST"}],"circlet_count":0,"master_deck":["AscendersBane","Sucker Punch","Strike_G","Strike_G","Strike_G","Defend_G","Defend_G","Defend_G","Defend_G","Defend_G","Survivor","Neutralize","Flying Knee","Crippling Poison","Caltrops","Flying Knee","Finisher","Blade Dance","Backflip","Caltrops","Footwork","Escape Plan","Dash","Storm of Steel","Deflect","Accuracy","Accuracy","Accuracy","PiercingWail","Cloak And Dagger","Dash+1"],"relics":["Ring of the Snake","EVO:Axolotl","NeowsBlessing","The Courier","Bottled Lightning","Paper Crane","SlaversCollar","DollysMirror","MealTicket","Nilry\u0027s Codex","Mercury Hourglass","Bag of Preparation"],"acts_visited":["Exordium","TheCity"],"potions_floor_usage":[33,33],"damage_taken":[{"damage":0.0,"enemies":"Jaw Worm","floor":1.0,"turns":1.0},{"damage":0.0,"enemies":"Cultist","floor":2.0,"turns":1.0},{"damage":0.0,"enemies":"Small Slimes","floor":5.0,"turns":1.0},{"damage":37.0,"enemies":"3 Sentries","floor":6.0,"turns":10.0},{"damage":0.0,"enemies":"Looter","floor":8.0,"turns":3.0},{"damage":11.0,"enemies":"Exordium Thugs","floor":10.0,"turns":5.0},{"damage":9.0,"enemies":"3 Sentries","floor":11.0,"turns":8.0},{"damage":6.0,"enemies":"Blue Slaver","floor":12.0,"turns":5.0},{"damage":0.0,"enemies":"Lots of Slimes","floor":14.0,"turns":2.0},{"damage":39.0,"enemies":"Slime Boss","floor":16.0,"turns":13.0},{"damage":27.0,"enemies":"Chosen","floor":18.0,"turns":6.0},{"damage":11.0,"enemies":"3 Byrds","floor":21.0,"turns":4.0},{"damage":27.0,"enemies":"Snake Plant","floor":27.0,"turns":6.0},{"damage":9.0,"enemies":"Centurion and Healer","floor":29.0,"turns":12.0},{"damage":23.0,"enemies":"Sentry and Sphere","floor":31.0,"turns":8.0},{"damage":51,"enemies":"Champ","floor":33,"turns":10}],"seed_played":"-2648027372208915209","potions_obtained":[{"floor":1.0,"key":"GamblersBrew"},{"floor":4.0,"key":"SpeedPotion"},{"floor":4.0,"key":"Strength Potion"},{"floor":6.0,"key":"Block Potion"},{"floor":8.0,"key":"FearPotion"},{"floor":12.0,"key":"Energy Potion"},{"floor":16.0,"key":"champ:CounterPotion"},{"floor":21.0,"key":"BlessingOfTheForge"},{"floor":31.0,"key":"Block Potion"}],"is_trial":false,"path_per_floor":["M","M","$","?","M","E","R","M","T","M","?","M","?","M","R","B",null,"M","$","?","M","$","R","?","R","T","M","R","M","T","M","R","B"],"character_chosen":"THE_SILENT","items_purchased":["Caltrops","Flying Knee","Accuracy","DollysMirror","MealTicket"],"campfire_rested":6,"item_purchase_floors":[3,3,19,19,19],"current_hp_per_floor":[63,63,63,63,63,26,47,47,47,36,27,21,21,21,42,3,53,26,26,26,15,30,51,35,56,56,29,50,41,41,18,39,0,0],"gold":102,"neow_bonus":"THREE_ENEMY_KILL","is_daily":false,"chose_seed":false,"campfire_upgraded":0,"win_rate":0.0,"timestamp":1609960238,"path_taken":["M","M","$","?","?","E","R","M","T","M","?","M","?","?","R","BOSS","M","$","?","?","$","R","?","R","T","M","R","M","?","M","R","BOSS"],"items_purchased_type":["Card","Card","Card","Relic","Relic"],"build_version":"2020-12-22","purchased_purges":0,"victory":false,"max_hp_per_floor":[70,70,70,70,70,70,70,70,70,70,70,70,70,70,70,70,70,70,70,70,70,70,70,70,70,70,70,70,70,70,70,70,70,70],"card_choices":[{"not_picked":["Escape Plan","Prepared"],"picked":"Flying Knee","floor":1.0},{"not_picked":["Dodge and Roll","Slice"],"picked":"Crippling Poison","floor":2.0},{"not_picked":["Bane","Heel Hook"],"picked":"Finisher","floor":5.0},{"not_picked":["Dash","Doppelganger"],"picked":"Blade Dance","floor":6.0},{"not_picked":["Slice","Flying Knee"],"picked":"Backflip","floor":8.0},{"not_picked":["Setup","PiercingWail"],"picked":"Caltrops","floor":10.0},{"not_picked":["Blade Dance","Expertise"],"picked":"Footwork","floor":11.0},{"not_picked":["Bane","Deadly Poison"],"picked":"Escape Plan","floor":12.0},{"not_picked":["Slice","Eviscerate"],"picked":"Dash","floor":14.0},{"not_picked":["Tools of the Trade","Glass Knife"],"picked":"Storm of Steel","floor":16.0},{"not_picked":["Quick Slash","Dagger Throw"],"picked":"Deflect","floor":18.0},{"not_picked":["Flying Knee","Dagger Throw"],"picked":"PiercingWail","floor":21.0},{"not_picked":["Outmaneuver","Escape Plan+1"],"picked":"Cloak And Dagger","floor":27.0},{"not_picked":["Backstab","Eviscerate","Poisoned Stab"],"picked":"SKIP","floor":29.0},{"not_picked":["Deflect","Dagger Throw"],"picked":"Dash+1","floor":31.0}],"player_experience":663838,"relics_obtained":[{"floor":6.0,"key":"The Courier"},{"floor":9.0,"key":"Bottled Lightning"},{"floor":11.0,"key":"Paper Crane"},{"floor":26.0,"key":"Mercury Hourglass"},{"floor":30.0,"key":"Bag of Preparation"}],"event_choices":[{"damage_healed":0.0,"max_hp_gain":0.0,"max_hp_loss":0.0,"gold_gain":0.0,"event_name":"Lab","player_choice":"Got Potions","floor":4.0,"gold_loss":0.0,"damage_taken":0.0},{"damage_healed":0.0,"max_hp_gain":0.0,"max_hp_loss":0.0,"gold_gain":0.0,"event_name":"Dead Adventurer","player_choice":"Searched \u00271\u0027 times","floor":11.0,"gold_loss":0.0,"damage_taken":0.0},{"damage_healed":0.0,"max_hp_gain":0.0,"max_hp_loss":0.0,"gold_gain":0.0,"event_name":"Scrap Ooze","player_choice":"Fled","floor":13.0,"gold_loss":0.0,"damage_taken":0.0},{"damage_healed":0.0,"max_hp_gain":0.0,"max_hp_loss":0.0,"gold_gain":0.0,"cards_transformed":["Strike_G"],"event_name":"Transmorgrifier","player_choice":"Transformed","floor":20.0,"gold_loss":0.0,"damage_taken":0.0,"cards_obtained":["Accuracy"]},{"damage_healed":0.0,"max_hp_gain":0.0,"max_hp_loss":0.0,"gold_gain":0.0,"event_name":"Cursed Tome","player_choice":"Obtained Book","floor":24.0,"gold_loss":0.0,"damage_taken":16.0}],"is_beta":false,"boss_relics":[{"not_picked":["Philosopher\u0027s Stone","Astrolabe"],"picked":"SlaversCollar"}],"items_purged_floors":[],"is_endless":false,"potions_floor_spawned":[1,6,8,10,12,14,16,21,31],"killed_by":"Champ","ascension_level":13}}