{"host":"wj90f2q0h2omert0","time":1609968783,"event":{"mods":["BaseMod","Beaked The Cultist","Better Third Choice","ChefMod","Clawfect","Colored Map","DeckTracker","Downfall","Hubris","JesterMod","Minty Spire (QoL Compilation)","Relic Stats","Robot Space Explorer","Shade Mod","StSLib","The Blackbeard","The Caster","The Dragon Tamer","The Druid"],"gold_per_floor":[115,115,130,130,144,163,163,6,6,6,29,54,74,87,87,206,206,226,226,226,226,226,226],"floor_reached":22,"playtime":742,"items_purged":[],"score":178,"play_id":"6c7b702e-1e8b-4352-a726-940c90b11893","local_time":"20210106163303","is_ascension_mode":false,"campfire_choices":[{"data":"Shade:AuraOfUnlife","floor":7,"key":"SMITH"},{"floor":15,"key":"REST"}],"circlet_count":0,"master_deck":["Shade:AnimateDead","Shade:CarefulCut","Shade:Tombstone","Shade:AuraOfUnlife+1","Shade:FreshBones","Shade:FreshBones","Shade:CallOfTheGrave","Shade:AuraOfUnlife+1","Shade:GoDigging","Shade:CommandSoldier","Shade:CallOfTheGrave","Shade:LichForm","Shade:OminousRitual","Shade:SpectralStrikes","Shade:FuneraryJewels","Shade:Bite_Shade","Shade:LyeBath","Shade:DangerousRitual","Shade:Doomsay","Shade:SpectralStrikes","Shade:GraveStillness"],"relics":["Shade:YorickSkull","Golden Idol","GremlinMask","DollysMirror","Anchor","Pandora\u0027s Box","hubris:Towel"],"acts_visited":["Exordium","TheCity"],"potions_floor_usage":[16,22],"damage_taken":[{"damage":0,"enemies":"Small Slimes","floor":1,"turns":2},{"damage":0,"enemies":"2 Louse","floor":3,"turns":2},{"damage":5,"enemies":"Cultist","floor":5,"turns":4},{"damage":5,"enemies":"2 Fungi Beasts","floor":6,"turns":3},{"damage":3,"enemies":"Blue Slaver","floor":11,"turns":4},{"damage":0,"enemies":"Large Slime","floor":12,"turns":6},{"damage":13,"enemies":"Exordium Thugs","floor":13,"turns":4},{"damage":0,"enemies":"Red Slaver","floor":14,"turns":3},{"damage":26,"enemies":"The Guardian","floor":16,"turns":8},{"damage":31,"enemies":"2 Thieves","floor":18,"turns":4},{"damage":40,"enemies":"3 Byrds","floor":22,"turns":4}],"seed_played":"2268232172623756827","potions_obtained":[{"floor":6,"key":"Energy Potion"},{"floor":11,"key":"champ:CounterPotion"},{"floor":13,"key":"CultistPotion"},{"floor":16,"key":"Regen Potion"}],"is_trial":false,"path_per_floor":["M","?","M","?","M","M","R","$","T","$","M","M","M","M","R","B",null,"M","?","?","?","M"],"character_chosen":"SHADE","items_purchased":["DollysMirror"],"campfire_rested":1,"item_purchase_floors":[8],"current_hp_per_floor":[65,60,60,60,55,50,50,50,50,50,47,47,34,34,52,26,60,29,29,29,23,0,0],"gold":226,"neow_bonus":"ONE_RANDOM_RARE_CARD","is_daily":false,"chose_seed":false,"campfire_upgraded":1,"win_rate":0.0,"timestamp":1609968783,"path_taken":["M","?","M","?","M","M","R","$","T","$","?","M","M","M","R","BOSS","M","?","?","?","M"],"items_purchased_type":["Relic"],"build_version":"2020-12-22","purchased_purges":0,"victory":false,"max_hp_per_floor":[65,60,60,60,60,60,60,60,60,60,60,60,60,60,60,60,60,60,60,60,60,60,60],"relic_stats":{"counters":[11,44],"Golden Idol":55,"Pandora\u0027s Box":["Shade:OminousRitual","Shade:SpectralStrikes","Shade:FuneraryJewels","Shade:Bite_Shade","Shade:LyeBath","Shade:DangerousRitual","Shade:Doomsay","Shade:SpectralStrikes"],"obtain_stats":[{"Anchor":9,"Shade:YorickSkull":0,"Golden Idol":2,"DollysMirror":8,"GremlinMask":4,"Pandora\u0027s Box":17,"hubris:Towel":19},{"Anchor":4,"Shade:YorickSkull":0,"Golden Idol":1,"DollysMirror":4,"GremlinMask":2,"Pandora\u0027s Box":9,"hubris:Towel":10},{"Anchor":11,"Shade:YorickSkull":0,"Golden Idol":2,"DollysMirror":11,"GremlinMask":4,"Pandora\u0027s Box":36,"hubris:Towel":40}]},"card_choices":[{"not_picked":["Shade:FuneraryArmor","Shade:FingerOfDeath"],"picked":"Shade:AuraOfUnlife","floor":1},{"not_picked":["Shade:Excise","Shade:GoDigging"],"picked":"Shade:FreshBones","floor":3},{"not_picked":["Shade:FeralStrike","Shade:Brains"],"picked":"Shade:FreshBones","floor":5},{"not_picked":["Shade:FingerOfDeath","Shade:Frenzy"],"picked":"Shade:CallOfTheGrave","floor":6},{"not_picked":["Shade:FleshOffering","Shade:Frenzy"],"picked":"Shade:GoDigging","floor":11},{"not_picked":["Shade:CoffinDance","Shade:Frenzy"],"picked":"Shade:CommandSoldier","floor":12},{"not_picked":["Shade:CoffinDance","Shade:AncientSpear"],"picked":"Shade:CallOfTheGrave","floor":13},{"not_picked":["Shade:BoneShards","Shade:AncientSpear","Shade:FeralStrike"],"picked":"SKIP","floor":14},{"not_picked":["Shade:SoulPierce","Shade:OneIsEnough"],"picked":"Shade:LichForm","floor":16},{"not_picked":["Shade:Premonition","Shade:ClawBack"],"picked":"Shade:GraveStillness","floor":18}],"player_experience":667652,"relics_obtained":[{"floor":9,"key":"Anchor"}],"event_choices":[{"damage_healed":0,"gold_gain":0,"player_choice":"Lose Max HP","damage_taken":0,"relics_obtained":["Golden Idol"],"max_hp_gain":0,"max_hp_loss":5,"event_name":"Golden Idol","floor":2,"gold_loss":0},{"damage_healed":0,"gold_gain":0,"player_choice":"Trade","damage_taken":0,"relics_obtained":["GremlinMask"],"max_hp_gain":0,"max_hp_loss":0,"event_name":"FaceTrader","floor":4,"gold_loss":0},{"damage_healed":0,"gold_gain":0,"player_choice":"Ignored","damage_taken":0,"max_hp_gain":0,"max_hp_loss":0,"event_name":"Vampires","floor":20,"gold_loss":0},{"damage_healed":0,"gold_gain":0,"player_choice":"","damage_taken":6,"max_hp_gain":0,"max_hp_loss":0,"event_name":"Knowing Skull","floor":21,"potions_obtained":[],"gold_loss":0,"cards_obtained":[]}],"is_beta":false,"boss_relics":[{"not_picked":["Coffee Dripper","hubris:ScarierMask"],"picked":"Pandora\u0027s Box"}],"items_purged_floors":[],"is_endless":false,"potions_floor_spawned":[6,11,13,16,18],"killed_by":"3 Byrds","ascension_level":0}}