{"host":"6b00v7211em4ihns","time":1609974565,"event":{"mods":["BaseMod","Bestiary","Better Match","Filter the Spire","Minty Spire (QoL Compilation)","Relic Stats","Spicy Shops","StSLib"],"gold_per_floor":[115,133,205,223,234,234,251,251,321,340,369,384,384,417,417,488,488,498,518,529,529,26,60,60,76,102,112,139,139,139,156,156,231,231,247,259,1258,1258,822,840,840,103,103,117,137,137,137,148,148,148,148,148,148,69,98,98,98],"floor_reached":56,"playtime":4281,"items_purged":["Writhe","Strike_G","Normality","Normality","Strike_G"],"score":1860,"play_id":"810d0767-cc6b-4ca6-8d07-a7f5703f9eb7","local_time":"20210106230925","is_ascension_mode":true,"campfire_choices":[{"data":"Infinite Blades","floor":6,"key":"SMITH"},{"data":"Slice","floor":8,"key":"SMITH"},{"data":"Wraith Form v2","floor":15,"key":"SMITH"},{"data":"Die Die Die","floor":24,"key":"SMITH"},{"data":"Envenom","floor":29,"key":"SMITH"},{"data":"Survivor","floor":32,"key":"SMITH"},{"data":"After Image","floor":47,"key":"SMITH"},{"floor":49,"key":"RECALL"},{"data":"Panacea","floor":53,"key":"SMITH"}],"circlet_count":0,"master_deck":["AscendersBane","Strike_G","Strike_G","Strike_G","Defend_G","Defend_G","Defend_G","Defend_G","Defend_G","Survivor+1","Neutralize","Infinite Blades+1","Slice+1","Wraith Form v2+1","Infinite Blades","Dagger Spray","Die Die Die+1","After Image+1","All Out Attack","Blade Dance+1","PiercingWail+1","Wraith Form v2+1","Expertise","PiercingWail","Pain","PiercingWail","Envenom+1","Envenom","Setup+1","Accuracy","Panacea+1","Blade Dance+1","Riddle With Holes+1","Backflip","Expertise","Blade Dance","Footwork","Clumsy","Terror+1","Injury","Concentrate"],"relics":["WristBlade","Eternal Feather","StrikeDummy","Nunchaku","Bottled Tornado","Cursed Key","Shuriken","PreservedInsect","DollysMirror","Lizard Tail","Bronze Scales","Coffee Dripper","Orrery","Dead Branch","ClockworkSouvenir","Sundial","Ninja Scroll","Paper Crane"],"acts_visited":["Exordium","TheCity","TheBeyond","TheEnding"],"potions_floor_usage":[14,16,19,25,30,50,55],"damage_taken":[{"damage":1,"enemies":"Cultist","floor":1,"turns":4},{"damage":4,"enemies":"Small Slimes","floor":2,"turns":4},{"damage":13,"enemies":"2 Louse","floor":4,"turns":3},{"damage":8,"enemies":"Exordium Wildlife","floor":5,"turns":4},{"damage":21,"enemies":"3 Louse","floor":7,"turns":3},{"damage":2,"enemies":"Blue Slaver","floor":10,"turns":4},{"damage":1,"enemies":"Lagavulin","floor":11,"turns":6},{"damage":3,"enemies":"Looter","floor":12,"turns":3},{"damage":9,"enemies":"3 Sentries","floor":14,"turns":5},{"damage":2,"enemies":"Slime Boss","floor":16,"turns":6},{"damage":2,"enemies":"2 Thieves","floor":18,"turns":3},{"damage":23,"enemies":"Shell Parasite","floor":19,"turns":5},{"damage":0,"enemies":"3 Cultists","floor":20,"turns":4},{"damage":6,"enemies":"Gremlin Leader","floor":23,"turns":4},{"damage":12,"enemies":"Chosen and Byrds","floor":25,"turns":3},{"damage":6,"enemies":"Centurion and Healer","floor":27,"turns":7},{"damage":20,"enemies":"Book of Stabbing","floor":28,"turns":4},{"damage":0,"enemies":"Snake Plant","floor":30,"turns":1},{"damage":4,"enemies":"3 Cultists","floor":31,"turns":3},{"damage":26,"enemies":"Automaton","floor":33,"turns":8},{"damage":18,"enemies":"3 Darklings","floor":35,"turns":4},{"damage":6,"enemies":"Orb Walker","floor":36,"turns":3},{"damage":19,"enemies":"Sphere and 2 Shapes","floor":40,"turns":3},{"damage":3,"enemies":"3 Darklings","floor":44,"turns":3},{"damage":2,"enemies":"Jaw Worm Horde","floor":45,"turns":2},{"damage":2,"enemies":"Transient","floor":48,"turns":6},{"damage":26,"enemies":"Time Eater","floor":50,"turns":8},{"damage":15,"enemies":"Awakened One","floor":51,"turns":7},{"damage":49,"enemies":"Shield and Spear","floor":55,"turns":3},{"damage":90,"enemies":"The Heart","floor":56,"turns":6}],"seed_played":"2135560575063337040","potions_obtained":[{"floor":1,"key":"Weak Potion"},{"floor":11,"key":"Ancient Potion"},{"floor":14,"key":"Regen Potion"},{"floor":16,"key":"Regen Potion"},{"floor":20,"key":"SneckoOil"},{"floor":23,"key":"LiquidMemories"},{"floor":27,"key":"SmokeBomb"},{"floor":36,"key":"SpeedPotion"},{"floor":44,"key":"CultistPotion"}],"is_trial":false,"path_per_floor":["M","M","T","M","M","R","M","R","T","M","E","M","?","E","R","B",null,"M","M","M","?","$","E","R","M","T","M","E","R","M","M","R","B",null,"M","M","?","?","$","M","?","$","T","M","M","T","R","M","R","B","B",null,"R","$","E","B"],"character_chosen":"THE_SILENT","items_purchased":["PreservedInsect","DollysMirror","Orrery","Dead Branch","ClockworkSouvenir","Footwork","DuplicationPotion"],"campfire_rested":0,"item_purchase_floors":[22,22,39,42,42,42,54],"current_hp_per_floor":[58,54,54,41,33,42,21,30,30,28,27,24,24,15,24,37,59,57,48,48,48,48,42,54,42,42,36,16,31,31,27,42,16,54,36,30,30,30,30,11,11,11,11,8,6,6,30,28,52,26,11,52,66,66,17,0,0],"gold":98,"neow_bonus":"BOSS_RELIC","is_daily":false,"chose_seed":false,"campfire_upgraded":8,"win_rate":0.0,"timestamp":1609974565,"path_taken":["M","M","?","M","M","R","M","R","T","M","E","M","?","E","R","BOSS","M","M","M","?","$","E","R","M","T","M","E","R","M","M","R","BOSS","M","M","?","?","$","M","?","?","T","M","M","?","R","M","R","BOSS","BOSS","R","$","E","BOSS"],"items_purchased_type":["Relic","Relic","Relic","Relic","Relic","Card","Potion"],"build_version":"2020-12-22","purchased_purges":5,"victory":false,"max_hp_per_floor":[66,66,66,66,66,66,66,66,66,66,66,66,66,66,66,66,66,66,66,66,66,66,66,66,66,66,66,66,66,66,66,66,66,66,66,66,66,66,66,66,66,66,66,66,66,66,66,66,66,66,66,66,66,66,66,66,66],"relic_stats":{"Nunchaku":[36],"Lizard Tail":33,"counters":[30,129],"Shuriken":[76],"Sundial":[0],"Bronze Scales":[231],"Dead Branch":[166],"Eternal Feather":131,"PreservedInsect":169,"Cursed Key":3,"obtain_stats":[{"Dead Branch":42,"Eternal Feather":3,"PreservedInsect":22,"Bottled Tornado":14,"Paper Crane":55,"Cursed Key":17,"ClockworkSouvenir":42,"Nunchaku":11,"Lizard Tail":23,"WristBlade":0,"Shuriken":21,"DollysMirror":22,"Sundial":43,"Ninja Scroll":46,"Bronze Scales":28,"Orrery":39,"Coffee Dripper":34,"StrikeDummy":9,"Ring of the Snake":0},{"Dead Branch":23,"Eternal Feather":2,"PreservedInsect":13,"Bottled Tornado":9,"Paper Crane":29,"Cursed Key":10,"ClockworkSouvenir":23,"Nunchaku":7,"Lizard Tail":14,"WristBlade":0,"Shuriken":13,"DollysMirror":13,"Sundial":23,"Ninja Scroll":25,"Bronze Scales":17,"Orrery":22,"Coffee Dripper":20,"StrikeDummy":5,"Ring of the Snake":0},{"Dead Branch":94,"Eternal Feather":8,"PreservedInsect":54,"Bottled Tornado":36,"Paper Crane":123,"Cursed Key":42,"ClockworkSouvenir":94,"Nunchaku":28,"Lizard Tail":58,"WristBlade":0,"Shuriken":54,"DollysMirror":54,"Sundial":94,"Ninja Scroll":99,"Bronze Scales":72,"Orrery":91,"Coffee Dripper":84,"StrikeDummy":18,"Ring of the Snake":0}]},"card_choices":[{"not_picked":["Cloak And Dagger","Dodge and Roll"],"picked":"Infinite Blades","floor":1},{"not_picked":["Distraction","Flechettes"],"picked":"Slice","floor":2},{"not_picked":["Underhanded Strike","Backflip","Deadly Poison"],"picked":"SKIP","floor":4},{"not_picked":["Deadly Poison","Prepared","Backflip"],"picked":"SKIP","floor":5},{"not_picked":["Quick Slash","Dash"],"picked":"Wraith Form v2","floor":7},{"not_picked":["Sucker Punch","Outmaneuver","Deflect"],"picked":"SKIP","floor":10},{"not_picked":["Acrobatics","Flechettes"],"picked":"Infinite Blades","floor":11},{"not_picked":["Riddle With Holes","Cloak And Dagger"],"picked":"Dagger Spray","floor":12},{"not_picked":["Flying Knee","Finisher"],"picked":"Die Die Die","floor":14},{"not_picked":["Doppelganger","Envenom"],"picked":"After Image","floor":16},{"not_picked":["Concentrate","Quick Slash"],"picked":"All Out Attack","floor":18},{"not_picked":["Backflip","Eviscerate"],"picked":"Blade Dance+1","floor":19},{"not_picked":["Backstab","Infinite Blades"],"picked":"PiercingWail+1","floor":20},{"not_picked":["Quick Slash","Bane"],"picked":"Expertise","floor":23},{"not_picked":["Predator","Poisoned Stab"],"picked":"PiercingWail","floor":25},{"not_picked":["Slice","Poisoned Stab+1"],"picked":"PiercingWail","floor":27},{"not_picked":["Dagger Throw","Distraction+1"],"picked":"Envenom","floor":28},{"not_picked":["Heel Hook","Choke","Underhanded Strike"],"picked":"SKIP","floor":31},{"not_picked":["Venomology","A Thousand Cuts"],"picked":"Envenom","floor":33},{"not_picked":["Prepared+1","Tactician+1"],"picked":"Setup+1","floor":35},{"not_picked":["Cloak And Dagger","Well Laid Plans"],"picked":"Accuracy","floor":36},{"not_picked":["Jack Of All Trades","The Bomb"],"picked":"Panacea","floor":38},{"not_picked":["Tactician","Concentrate"],"picked":"Blade Dance+1","floor":39},{"not_picked":["PiercingWail","Underhanded Strike"],"picked":"Riddle With Holes+1","floor":39},{"not_picked":["Outmaneuver","Poisoned Stab+1"],"picked":"Backflip","floor":39},{"not_picked":["Deflect","Distraction"],"picked":"Expertise","floor":39},{"not_picked":["Tactician","Underhanded Strike"],"picked":"Blade Dance","floor":40},{"not_picked":["Dash+1","Slice","Dagger Spray"],"picked":"SKIP","floor":44},{"not_picked":["Setup+1","Noxious Fumes"],"picked":"Terror+1","floor":45},{"not_picked":["Poisoned Stab+1","PiercingWail+1"],"picked":"Concentrate","floor":48},{"not_picked":["Blur","Finisher+1","Calculated Gamble"],"picked":"SKIP","floor":55}],"player_experience":2482164,"relics_obtained":[{"floor":3,"key":"Eternal Feather"},{"floor":9,"key":"StrikeDummy"},{"floor":11,"key":"Nunchaku"},{"floor":14,"key":"Bottled Tornado"},{"floor":23,"key":"Lizard Tail"},{"floor":28,"key":"Bronze Scales"},{"floor":43,"key":"Sundial"},{"floor":46,"key":"Ninja Scroll"},{"floor":55,"key":"Paper Crane"}],"event_choices":[{"damage_healed":0,"gold_gain":0,"player_choice":"Ignored","damage_taken":0,"max_hp_gain":0,"max_hp_loss":0,"event_name":"Shining Light","floor":13,"gold_loss":0},{"damage_healed":0,"gold_gain":0,"player_choice":"Opened","damage_taken":0,"relics_obtained":["Shuriken"],"max_hp_gain":0,"max_hp_loss":0,"event_name":"The Mausoleum","floor":21,"gold_loss":0,"cards_obtained":["Writhe"]},{"damage_healed":0,"gold_gain":999,"player_choice":"Gold","damage_taken":0,"max_hp_gain":0,"max_hp_loss":0,"event_name":"MindBloom","floor":37,"gold_loss":0,"cards_obtained":["Normality","Normality"]},{"damage_healed":0,"gold_gain":0,"player_choice":"Memory 1","damage_taken":0,"max_hp_gain":0,"max_hp_loss":0,"event_name":"SensoryStone","floor":38,"gold_loss":0},{"damage_healed":0,"gold_gain":0,"player_choice":"Ignored","damage_taken":0,"max_hp_gain":0,"max_hp_loss":0,"event_name":"Tomb of Lord Red Mask","floor":41,"gold_loss":0}],"is_beta":false,"boss_relics":[{"not_picked":["Runic Pyramid","HoveringKite"],"picked":"Cursed Key"},{"not_picked":["Black Star","Velvet Choker"],"picked":"Coffee Dripper"}],"items_purged_floors":[22,22,39,39,42],"is_endless":false,"potions_floor_spawned":[1,11,12,14,16,20,23,27,28,36,44,45,48],"killed_by":"The Heart","ascension_level":20}}