{"host":"rhrkddapnlgqm7yj","time":1609970214,"event":{"mods":["AchievementEnabler","BaseMod","Bestiary","Colored Map","Colored Powertips","Filter the Spire","Minty Spire (QoL Compilation)","Relic Stats","Remove Card Discount Mod","StSLib","SuperFastMode","The IronCluck","Waifu the Spire"],"gold_per_floor":[111,111,123,123,140,172,172,202,252,263,298,320,25,41,41,147,147,147,147,147,147,147,147,147,147,147,147,147,147,147,147,147,147,147,147,0,0,0,0,0,0,0,0,0,0,0,0,0,0,0],"floor_reached":51,"playtime":5504,"items_purged":["Strike_G","Strike_G","Strike_G","Strike_G","Strike_G","Regret","Expertise","Defend_G","Defend_G"],"score":1153,"play_id":"018b0ebe-518d-4e1a-8b2b-4821df2050d0","local_time":"20210106225654","is_ascension_mode":true,"campfire_choices":[{"data":"Neutralize","floor":7,"key":"SMITH"},{"data":"Flying Knee","floor":15,"key":"SMITH"},{"data":"Footwork","floor":24,"key":"SMITH"},{"data":"Survivor","floor":29,"key":"SMITH"},{"floor":32,"key":"RECALL"},{"floor":40,"key":"REST"},{"floor":42,"key":"REST"},{"floor":44,"key":"REST"},{"floor":49,"key":"REST"}],"circlet_count":0,"master_deck":["Defend_G+1","Defend_G+1","Defend_G+1","Survivor+1","Neutralize+1","Flying Knee+1","Backstab+1","Dodge and Roll+1","Deadly Poison+1","Calculated Gamble+1","Deflect+1","Dodge and Roll+1","Adrenaline+1","Venomology+1","Backflip+1","Footwork+1","Ghostly+1","Ghostly+1","Ghostly+1","Ghostly+1","Ghostly+1","Deflect+1","Poisoned Stab+1","Prepared+1","Escape Plan+1","Escape Plan+1","Doppelganger+1","Deadly Poison+1","Backflip+1","Backflip+1","Tactician+1","Deadly Poison+1","Acrobatics+1","Deflect+1","Bouncing Flask+1","Blade Dance+1","Prepared+1","Prepared+1"],"relics":["Black Star","Meat on the Bone","Toxic Egg 2","Pear","Kunai","Smiling Mask","PreservedInsect","CeramicFish","Lantern","Vajra","Ectoplasm","MutagenicStrength","HornCleat","StoneCalendar","Bag of Preparation","Dream Catcher","Ninja Scroll","The Specimen","Whetstone","Letter Opener","Bronze Scales","SlaversCollar","Red Mask","Pocketwatch","Gremlin Horn","Sundial","MawBank","Blood Vial","InkBottle"],"acts_visited":["Exordium","TheCity","TheBeyond"],"potions_floor_usage":[6,11,18,22,22,23,23,28,31,33,35,37,38,39,39,45,46,50,50],"damage_taken":[{"damage":0,"enemies":"Cultist","floor":1,"turns":5},{"damage":2,"enemies":"Small Slimes","floor":3,"turns":3},{"damage":0,"enemies":"2 Louse","floor":5,"turns":2},{"damage":18,"enemies":"Gremlin Nob","floor":6,"turns":5},{"damage":22,"enemies":"3 Sentries","floor":8,"turns":16},{"damage":7,"enemies":"Blue Slaver","floor":10,"turns":4},{"damage":6,"enemies":"Gremlin Nob","floor":11,"turns":3},{"damage":1,"enemies":"Looter","floor":12,"turns":4},{"damage":0,"enemies":"3 Louse","floor":14,"turns":3},{"damage":4,"enemies":"Hexaghost","floor":16,"turns":11},{"damage":0,"enemies":"3 Byrds","floor":18,"turns":3},{"damage":0,"enemies":"Shell Parasite","floor":19,"turns":5},{"damage":0,"enemies":"3 Cultists","floor":22,"turns":7},{"damage":0,"enemies":"Gremlin Leader","floor":23,"turns":7},{"damage":3,"enemies":"Slavers","floor":25,"turns":7},{"damage":0,"enemies":"Gremlin Leader","floor":28,"turns":5},{"damage":0,"enemies":"Book of Stabbing","floor":31,"turns":5},{"damage":0,"enemies":"Champ","floor":33,"turns":11},{"damage":0,"enemies":"3 Darklings","floor":35,"turns":5},{"damage":1,"enemies":"Mind Bloom Boss Battle","floor":37,"turns":7},{"damage":0,"enemies":"Orb Walker","floor":38,"turns":2},{"damage":0,"enemies":"Writhing Mass","floor":39,"turns":4},{"damage":0,"enemies":"Reptomancer","floor":41,"turns":5},{"damage":0,"enemies":"Transient","floor":45,"turns":5},{"damage":0,"enemies":"Nemesis","floor":46,"turns":3},{"damage":0,"enemies":"3 Darklings","floor":47,"turns":2},{"damage":0,"enemies":"Awakened One","floor":50,"turns":10}],"seed_played":"3920519107726845649","potions_obtained":[{"floor":3,"key":"CunningPotion"},{"floor":8,"key":"BlessingOfTheForge"},{"floor":10,"key":"Weak Potion"},{"floor":16,"key":"SkillPotion"},{"floor":23,"key":"Strength Potion"},{"floor":25,"key":"EssenceOfSteel"},{"floor":47,"key":"Dexterity Potion"}],"is_trial":false,"path_per_floor":["M","T","M","?","M","E","R","E","T","M","E","M","$","M","R","B",null,"M","M","?","?","M","E","R","E","T","?","E","R","$","E","R","B",null,"M","?","?","M","M","R","E","R","T","R","M","E","M","$","R","B",null],"character_chosen":"THE_SILENT","items_purchased":["Adrenaline+1","Vajra"],"campfire_rested":4,"item_purchase_floors":[13,13],"current_hp_per_floor":[70,70,68,68,68,60,60,50,50,43,49,48,48,48,48,44,80,80,80,80,40,40,40,40,37,37,37,37,37,37,37,37,37,40,40,40,39,39,39,40,40,40,40,40,40,40,40,40,40,40],"gold":0,"neow_bonus":"BOSS_RELIC","is_daily":false,"chose_seed":false,"campfire_upgraded":4,"win_rate":0.0,"timestamp":1609970214,"path_taken":["M","?","?","?","?","E","R","E","T","M","E","?","$","M","R","BOSS","M","M","?","?","M","E","R","E","T","?","E","R","$","E","R","BOSS","M","?","?","M","M","R","E","R","T","R","M","E","M","?","R","BOSS"],"items_purchased_type":["Card","Relic"],"build_version":"2020-12-22","purchased_purges":9,"victory":true,"max_hp_per_floor":[70,70,70,70,70,80,80,80,80,80,80,80,80,80,80,80,80,80,80,80,40,40,40,40,40,40,40,40,40,40,40,40,40,40,40,40,40,40,40,40,40,40,40,40,40,40,40,40,40,40],"relic_stats":{"Gremlin Horn":[5,5],"counters":[27,149],"CeramicFish":36,"StoneCalendar":[146],"PreservedInsect":301,"Bag of Preparation":[24],"Whetstone":["Backstab","Poisoned Stab"],"Letter Opener":[613],"Smiling Mask":-432,"MawBank":0,"Blood Vial":0,"Dream Catcher":4,"Sundial":[6],"Bronze Scales":[156],"Ectoplasm":824,"Black Star":9,"Kunai":[31],"obtain_stats":[{"Lantern":11,"Gremlin Horn":41,"CeramicFish":11,"Vajra":13,"StoneCalendar":23,"Bag of Preparation":25,"Whetstone":28,"Smiling Mask":8,"Blood Vial":46,"Dream Catcher":25,"HornCleat":23,"Ninja Scroll":26,"Sundial":41,"Red Mask":36,"Kunai":8,"Toxic Egg 2":6,"InkBottle":46,"Ring of the Snake":0,"Pear":6,"The Specimen":28,"PreservedInsect":9,"Letter Opener":31,"MawBank":43,"SlaversCollar":34,"MutagenicStrength":20,"Bronze Scales":31,"Ectoplasm":17,"Black Star":0,"Meat on the Bone":2,"Pocketwatch":37},{"Lantern":7,"Gremlin Horn":23,"CeramicFish":7,"Vajra":8,"StoneCalendar":14,"Bag of Preparation":15,"Whetstone":16,"Smiling Mask":5,"Blood Vial":25,"Dream Catcher":15,"HornCleat":14,"Ninja Scroll":15,"Sundial":23,"Red Mask":19,"Kunai":5,"Toxic Egg 2":4,"InkBottle":25,"Ring of the Snake":0,"Pear":4,"The Specimen":16,"PreservedInsect":5,"Letter Opener":17,"MawBank":23,"SlaversCollar":18,"MutagenicStrength":12,"Bronze Scales":17,"Ectoplasm":10,"Black Star":0,"Meat on the Bone":1,"Pocketwatch":20},{"Lantern":38,"Gremlin Horn":129,"CeramicFish":38,"Vajra":42,"StoneCalendar":78,"Bag of Preparation":85,"Whetstone":90,"Smiling Mask":31,"Blood Vial":137,"Dream Catcher":85,"HornCleat":78,"Ninja Scroll":85,"Sundial":129,"Red Mask":111,"Kunai":31,"Toxic Egg 2":15,"InkBottle":137,"Ring of the Snake":0,"Pear":15,"The Specimen":90,"PreservedInsect":31,"Letter Opener":95,"MawBank":129,"SlaversCollar":106,"MutagenicStrength":64,"Bronze Scales":95,"Ectoplasm":56,"Black Star":0,"Meat on the Bone":5,"Pocketwatch":118}],"InkBottle":[14],"Meat on the Bone":24,"Pocketwatch":[0]},"card_choices":[{"not_picked":["Sucker Punch","Slice"],"picked":"Flying Knee","floor":1},{"not_picked":["Outmaneuver","Skewer"],"picked":"Backstab","floor":3},{"not_picked":["Dagger Spray","Expertise","Endless Agony"],"picked":"SKIP","floor":5},{"not_picked":["Slice","Skewer"],"picked":"Dodge and Roll+1","floor":6},{"not_picked":["Quick Slash","Dagger Spray"],"picked":"Deadly Poison+1","floor":8},{"not_picked":["Bane","Underhanded Strike"],"picked":"Calculated Gamble+1","floor":10},{"not_picked":["All Out Attack","Quick Slash"],"picked":"Deflect+1","floor":11},{"not_picked":["Blade Dance+1","Underhanded Strike"],"picked":"Dodge and Roll+1","floor":12},{"not_picked":["Predator","Dagger Throw","Riddle With Holes"],"picked":"SKIP","floor":14},{"not_picked":["Corpse Explosion+1","Glass Knife"],"picked":"Venomology+1","floor":16},{"not_picked":["Reflex+1","Deflect+1"],"picked":"Backflip+1","floor":18},{"not_picked":["Blade Dance+1","Sucker Punch"],"picked":"Footwork","floor":19},{"not_picked":["Corpse Explosion+1","Bane"],"picked":"Deflect+1","floor":22},{"not_picked":["Calculated Gamble+1","Finisher+1"],"picked":"Poisoned Stab","floor":23},{"not_picked":["Masterful Stab","Bane+1"],"picked":"Prepared+1","floor":25},{"not_picked":["Deflect+1","PiercingWail+1"],"picked":"Escape Plan+1","floor":28},{"not_picked":["Expertise+1","Unload"],"picked":"Escape Plan+1","floor":31},{"not_picked":["Glass Knife","Unload"],"picked":"Doppelganger+1","floor":33},{"not_picked":["Masterful Stab","Escape Plan+1"],"picked":"Deadly Poison+1","floor":35},{"not_picked":["Quick Slash+1","Sucker Punch"],"picked":"Backflip+1","floor":37},{"not_picked":["Blade Dance+1","Sucker Punch+1"],"picked":"Backflip+1","floor":38},{"not_picked":["Backflip+1","Eviscerate"],"picked":"Tactician+1","floor":39},{"not_picked":["Caltrops+1","Sucker Punch+1"],"picked":"Deadly Poison+1","floor":41},{"not_picked":["Blade Dance+1","Masterful Stab"],"picked":"Acrobatics+1","floor":42},{"not_picked":["Distraction+1","Glass Knife"],"picked":"Deflect+1","floor":44},{"not_picked":["Deflect+1","Outmaneuver+1"],"picked":"Bouncing Flask+1","floor":45},{"not_picked":["Tools of the Trade","Acrobatics+1"],"picked":"Blade Dance+1","floor":46},{"not_picked":["Quick Slash","Underhanded Strike"],"picked":"Prepared+1","floor":47},{"not_picked":["Finisher","Slice+1"],"picked":"Prepared+1","floor":49}],"player_experience":38594,"relics_obtained":[{"floor":2,"key":"Meat on the Bone"},{"floor":6,"key":"Toxic Egg 2"},{"floor":6,"key":"Pear"},{"floor":8,"key":"Kunai"},{"floor":8,"key":"Smiling Mask"},{"floor":9,"key":"PreservedInsect"},{"floor":11,"key":"CeramicFish"},{"floor":11,"key":"Lantern"},{"floor":23,"key":"HornCleat"},{"floor":23,"key":"StoneCalendar"},{"floor":25,"key":"Bag of Preparation"},{"floor":25,"key":"Dream Catcher"},{"floor":26,"key":"Ninja Scroll"},{"floor":28,"key":"The Specimen"},{"floor":28,"key":"Whetstone"},{"floor":31,"key":"Letter Opener"},{"floor":31,"key":"Bronze Scales"},{"floor":37,"key":"Pocketwatch"},{"floor":41,"key":"Gremlin Horn"},{"floor":41,"key":"Sundial"},{"floor":43,"key":"MawBank"},{"floor":46,"key":"Blood Vial"},{"floor":46,"key":"InkBottle"}],"event_choices":[{"damage_healed":0,"gold_gain":0,"player_choice":"2 cards matched","damage_taken":0,"max_hp_gain":0,"max_hp_loss":0,"event_name":"Match and Keep!","floor":4,"gold_loss":0,"cards_obtained":["Expertise","Regret"]},{"damage_healed":0,"gold_gain":0,"player_choice":"Inject Mutagens","damage_taken":0,"relics_obtained":["MutagenicStrength"],"max_hp_gain":0,"max_hp_loss":0,"event_name":"Drug Dealer","floor":20,"gold_loss":0},{"damage_healed":0,"gold_gain":0,"player_choice":"Became a Ghost","damage_taken":0,"max_hp_gain":0,"max_hp_loss":40,"event_name":"Ghosts","floor":21,"gold_loss":0,"cards_obtained":["Ghostly","Ghostly","Ghostly","Ghostly","Ghostly"]},{"damage_healed":0,"gold_gain":0,"player_choice":"Simplicity","damage_taken":0,"max_hp_gain":0,"max_hp_loss":0,"event_name":"Back to Basics","floor":27,"gold_loss":0,"cards_upgraded":["Defend_G","Defend_G","Defend_G"]},{"damage_healed":0,"gold_gain":0,"player_choice":"Paid","damage_taken":0,"relics_obtained":["Red Mask"],"max_hp_gain":0,"max_hp_loss":0,"event_name":"Tomb of Lord Red Mask","floor":36,"gold_loss":147},{"damage_healed":0,"gold_gain":0,"player_choice":"Fight","damage_taken":0,"max_hp_gain":0,"max_hp_loss":0,"event_name":"MindBloom","floor":37,"gold_loss":0}],"is_beta":false,"boss_relics":[{"not_picked":["Philosopher\u0027s Stone","Calling Bell"],"picked":"Ectoplasm"},{"not_picked":["HoveringKite","Coffee Dripper"],"picked":"SlaversCollar"}],"items_purged_floors":[13,13,13,13,13,13,13,13,13],"is_endless":false,"potions_floor_spawned":[3,8,10,16,23,25,31,45,46,47],"ascension_level":1}}