{"host":"i0boqj7z83tzxoi1","time":1609941160,"event":{"mods":["BaseMod","Minty Spire (QoL Compilation)","Replay The Spire","StSLib","The Construct"],"gold_per_floor":[109,109,128,5,5,21,33,33,33,52,115,35,66,77,77,177,177,191,131,150,150,150,150],"floor_reached":22,"playtime":852,"items_purged":["Sickly"],"score":214,"play_id":"102371f7-1a27-4743-8adb-f3b36db447e6","local_time":"20210106215240","is_ascension_mode":true,"campfire_choices":[{"data":"Poisoned Stab","floor":8,"key":"SMITH"},{"floor":15,"key":"REST"}],"circlet_count":0,"master_deck":["Strike_G","Strike_G","Strike_G","Strike_G","Strike_G","Defend_G","Defend_G","Defend_G","Defend_G","Defend_G","Neutralize","Poisoned Stab+1","Backstab","PiercingWail","ReplayTheSpireMod:Shiv Toss","Glass Knife+1","Distraction","Poisoned Stab","Slice","Flying Knee","Bullet Time","Shame","Injury","Sickly","Dagger Spray","Toxin Wave"],"relics":["Ring of the Snake","NeowsBlessing","ReplayTheSpireMod:Ring of Addiction","Ring of Panic","White Beast Statue","Potion Belt","Akabeko","Question Card","Boot","Replay:Ancient Bell","Blue Doll","Pear","Ice Cream"],"acts_visited":["Exordium","TheCity"],"potions_floor_usage":[7,10,13,13,16,16,16,16,22,22,22],"damage_taken":[{"damage":0,"enemies":"2 Louse","floor":1,"turns":1},{"damage":0,"enemies":"Cultist","floor":3,"turns":1},{"damage":0,"enemies":"Jaw Worm","floor":6,"turns":1},{"damage":10,"enemies":"2 Fungi Beasts","floor":7,"turns":4},{"damage":0,"enemies":"Exordium Thugs","floor":10,"turns":4},{"damage":16,"enemies":"3 Sentries","floor":13,"turns":6},{"damage":6,"enemies":"Looter","floor":14,"turns":3},{"damage":22,"enemies":"Slime Boss","floor":16,"turns":6},{"damage":33,"enemies":"2 Thieves","floor":18,"turns":4},{"damage":8,"enemies":"Chosen","floor":20,"turns":5},{"damage":44,"enemies":"Shelled Parasite and Fungi","floor":22,"turns":5}],"seed_played":"5955963255001817007","potions_obtained":[{"floor":1,"key":"Weak Potion"},{"floor":2,"key":"Ancient Potion"},{"floor":2,"key":"Swift Potion"},{"floor":2,"key":"Ancient Potion"},{"floor":3,"key":"Reflective Coating"},{"floor":6,"key":"Energy Potion"},{"floor":7,"key":"GamblersBrew"},{"floor":10,"key":"SteroidPotion"},{"floor":13,"key":"Poison Potion"},{"floor":14,"key":"Strength Potion"},{"floor":16,"key":"Block Potion"},{"floor":18,"key":"FearPotion"},{"floor":20,"key":"Death Potion"}],"is_trial":false,"path_per_floor":["M","?","M","$","?","M","M","R","T","M","?","?","E","M","R","B",null,"M","?","M","?","M"],"character_chosen":"THE_SILENT","items_purchased":["PiercingWail"],"campfire_rested":1,"item_purchase_floors":[4],"current_hp_per_floor":[70,70,70,70,70,68,58,58,58,58,58,58,42,36,56,34,78,45,45,37,37,0,0],"gold":150,"neow_bonus":"THREE_ENEMY_KILL","is_daily":false,"chose_seed":false,"campfire_upgraded":1,"win_rate":0.0,"timestamp":1609941160,"path_taken":["M","?","M","$","?","M","M","R","T","?","?","?","E","M","R","BOSS","M","?","M","?","M"],"items_purchased_type":["Card"],"build_version":"2020-12-22","purchased_purges":1,"victory":false,"max_hp_per_floor":[70,70,70,70,70,68,68,68,68,68,68,68,68,68,68,68,78,78,78,76,76,76,76],"card_choices":[{"not_picked":["Accuracy","Predator"],"picked":"Poisoned Stab","floor":1},{"not_picked":["Flying Knee","Prepared"],"picked":"Backstab","floor":3},{"not_picked":["ReplayTheSpireMod:Exploit Weakness","Underhanded Strike"],"picked":"Glass Knife","floor":6},{"not_picked":["Underhanded Strike","Expertise"],"picked":"Distraction","floor":7},{"not_picked":["Deflect","Distraction"],"picked":"Poisoned Stab","floor":10},{"not_picked":["All Out Attack","Distraction","ReplayTheSpireMod:The Works"],"picked":"Slice","floor":13},{"not_picked":["Dagger Throw","Slice","Night Terror"],"picked":"Flying Knee","floor":14},{"not_picked":["Venomology","Replay:Bag of Tricks","A Thousand Cuts"],"picked":"Bullet Time","floor":16},{"not_picked":["Pain","Languid","AbeCurse"],"picked":"Shame","floor":17},{"not_picked":["Shame","Voices","Sickly"],"picked":"Injury","floor":17},{"not_picked":["Doubt","AbeCurse","Languid"],"picked":"Sickly","floor":17},{"not_picked":["Deflect+1","Blade Dance+1","Flechettes"],"picked":"Dagger Spray","floor":18},{"not_picked":["Slice","Outmaneuver+1","Flying Knee"],"picked":"Toxin Wave","floor":20}],"player_experience":146917,"relics_obtained":[{"floor":2,"key":"ReplayTheSpireMod:Ring of Addiction"},{"floor":2,"key":"Ring of Panic"},{"floor":2,"key":"White Beast Statue"},{"floor":2,"key":"Potion Belt"},{"floor":9,"key":"Akabeko"},{"floor":13,"key":"Boot"}],"event_choices":[{"damage_healed":0,"gold_gain":0,"cards_transformed":["Survivor"],"player_choice":"Transformed","damage_taken":0,"max_hp_gain":0,"max_hp_loss":0,"event_name":"Transmorgrifier","floor":5,"gold_loss":0,"cards_obtained":["ReplayTheSpireMod:Shiv Toss"]},{"damage_healed":0,"gold_gain":63,"player_choice":"Gained Gold","damage_taken":0,"max_hp_gain":0,"max_hp_loss":0,"event_name":"Golden Wing","floor":11,"gold_loss":0},{"damage_healed":0,"gold_gain":0,"player_choice":"Paid Gold","damage_taken":0,"relics_obtained":["Question Card"],"max_hp_gain":0,"max_hp_loss":0,"event_name":"WeMeetAgain","floor":12,"gold_loss":80},{"damage_healed":0,"gold_gain":0,"player_choice":"Upgraded","damage_taken":0,"max_hp_gain":0,"max_hp_loss":0,"event_name":"Upgrade Shrine","floor":21,"gold_loss":0,"cards_upgraded":["Glass Knife"]}],"is_beta":false,"boss_relics":[{"not_picked":["Fusion Hammer","Coffee Dripper"],"picked":"Replay:Ancient Bell"},{"not_picked":["Pet Ghost","Pen Nib"],"picked":"Blue Doll"},{"not_picked":["Letter Opener","Replay:Bottled Eggs"],"picked":"Pear"},{"not_picked":["Bird Faced Urn","Replay:Arrowhead"],"picked":"Ice Cream"}],"items_purged_floors":[4],"is_endless":false,"potions_floor_spawned":[1,3,6,7,10,13,14,16,18,20],"killed_by":"Shelled Parasite and Fungi","ascension_level":3}}