{"host":"rolltorest","time":1609917103,"event":{"mods":["BaseMod","Minty Spire (QoL Compilation)","Relic Stats","Robot Space Explorer","Slay the Relics Exporter","StSLib"],"gold_per_floor":[112,62,26,45,45,74,94,127,127,127,146,173,189,218,218,318,318,331,125,125,37,54,80,80,109,159,188,200,200,218,233,233,338,338,352,302,314,120,135,135,164,177,202,202,228,239,239,252,252,252,252],"floor_reached":50,"playtime":1896,"items_purged":["RobotSpaceExplorer:Strike","RobotSpaceExplorer:Strike","RobotSpaceExplorer:Strike"],"score":987,"play_id":"df4fd8ef-7924-446c-8ba9-04eaad17fa96","local_time":"20210105231143","is_ascension_mode":true,"campfire_choices":[{"data":"RobotSpaceExplorer:LaserBurst","floor":10,"key":"SMITH"},{"data":"RobotSpaceExplorer:PlasmaMissile","floor":15,"key":"SMITH"},{"data":"RobotSpaceExplorer:Asteroid","floor":24,"key":"SMITH"},{"floor":32,"key":"REST"},{"data":"RobotSpaceExplorer:Electropulse","floor":40,"key":"SMITH"},{"floor":44,"key":"RECALL"},{"data":"Trip","floor":49,"key":"SMITH"}],"circlet_count":0,"master_deck":["AscendersBane","RobotSpaceExplorer:Defend","RobotSpaceExplorer:Defend","RobotSpaceExplorer:Defend","RobotSpaceExplorer:Defend","RobotSpaceExplorer:Scan","RobotSpaceExplorer:MiniLasers","RobotSpaceExplorer:Electropulse+1","RobotSpaceExplorer:LaserBurst+1","RobotSpaceExplorer:ScrapMissile","RobotSpaceExplorer:SlimeMissile","RobotSpaceExplorer:PlasmaMissile+1","RobotSpaceExplorer:GearShield","RobotSpaceExplorer:SurgingShield","RobotSpaceExplorer:HighVoltage+1","RobotSpaceExplorer:Asteroid+1","RobotSpaceExplorer:JunkDive","Trip+1","RobotSpaceExplorer:ShovelStrike+1","RobotSpaceExplorer:TrailblazerForm","RobotSpaceExplorer:StunGrenade+1","RobotSpaceExplorer:Fix+1","RobotSpaceExplorer:Electroshield+1","RobotSpaceExplorer:StarDust+1","RobotSpaceExplorer:GearShield+1","RobotSpaceExplorer:FranticSearch+1"],"relics":["RobotSpaceExplorer:RoboCore","NeowsBlessing","Orichalcum","Kunai","Mercury Hourglass","PreservedInsect","InkBottle","Smiling Mask","RobotSpaceExplorer:SearchSpecs","Art of War","Lantern","Pantograph","Bronze Scales","Blood Vial","Coffee Dripper","Anchor","Membership Card","Eternal Feather","Toxic Egg 2"],"acts_visited":["Exordium","TheCity","TheBeyond"],"potions_floor_usage":[16,23],"damage_taken":[{"damage":0,"enemies":"Jaw Worm","floor":1,"turns":1},{"damage":0,"enemies":"Small Slimes","floor":4,"turns":1},{"damage":0,"enemies":"Lagavulin","floor":6,"turns":1},{"damage":0,"enemies":"Cultist","floor":7,"turns":4},{"damage":10,"enemies":"3 Sentries","floor":8,"turns":4},{"damage":7,"enemies":"Blue Slaver","floor":11,"turns":2},{"damage":12,"enemies":"Lagavulin","floor":12,"turns":5},{"damage":8,"enemies":"Red Slaver","floor":13,"turns":3},{"damage":7,"enemies":"3 Sentries","floor":14,"turns":3},{"damage":15,"enemies":"Hexaghost","floor":16,"turns":9},{"damage":0,"enemies":"Spheric Guardian","floor":18,"turns":3},{"damage":2,"enemies":"Shell Parasite","floor":22,"turns":4},{"damage":2,"enemies":"Slavers","floor":23,"turns":2},{"damage":14,"enemies":"Book of Stabbing","floor":25,"turns":3},{"damage":29,"enemies":"Gremlin Leader","floor":27,"turns":6},{"damage":3,"enemies":"Snecko","floor":28,"turns":3},{"damage":0,"enemies":"Centurion and Healer","floor":30,"turns":4},{"damage":9,"enemies":"Shelled Parasite and Fungi","floor":31,"turns":3},{"damage":56,"enemies":"Champ","floor":33,"turns":12},{"damage":0,"enemies":"3 Darklings","floor":35,"turns":1},{"damage":13,"enemies":"3 Shapes","floor":37,"turns":3},{"damage":0,"enemies":"3 Darklings","floor":39,"turns":1},{"damage":27,"enemies":"Reptomancer","floor":41,"turns":4},{"damage":31,"enemies":"Maw","floor":42,"turns":6},{"damage":1,"enemies":"Nemesis","floor":45,"turns":3},{"damage":0,"enemies":"Jaw Worm Horde","floor":46,"turns":2},{"damage":28,"enemies":"Transient","floor":48,"turns":5},{"damage":73,"enemies":"Awakened One","floor":50,"turns":13}],"seed_played":"-1976029353507817925","potions_obtained":[{"floor":1,"key":"Fire Potion"},{"floor":8,"key":"FearPotion"},{"floor":18,"key":"DistilledChaos"},{"floor":22,"key":"SpeedPotion"},{"floor":28,"key":"Fire Potion"},{"floor":30,"key":"EntropicBrew"},{"floor":42,"key":"SpeedPotion"}],"is_trial":false,"path_per_floor":["M","?","$","M","?","E","M","E","T","R","M","E","M","E","R","B",null,"M","$","?","$","M","E","R","E","T","E","M","?","M","M","R","B",null,"M","$","M","$","M","R","E","M","T","R","E","M","?","M","R","B"],"character_chosen":"RobotSpaceExplorer","items_purchased":["RobotSpaceExplorer:LaserBurst","Art of War","Trip","Membership Card"],"campfire_rested":1,"item_purchase_floors":[3,19,21,38],"current_hp_per_floor":[68,68,68,68,68,68,68,58,58,58,51,39,31,24,24,9,59,59,59,59,59,57,55,55,41,41,12,17,11,19,18,40,17,61,63,63,58,58,66,66,47,24,24,36,43,45,45,25,40,0,0],"gold":252,"neow_bonus":"THREE_ENEMY_KILL","is_daily":false,"chose_seed":false,"campfire_upgraded":5,"win_rate":0.0,"timestamp":1609917103,"path_taken":["M","?","$","M","?","E","M","E","T","R","?","E","M","E","R","BOSS","M","$","?","$","M","E","R","E","T","E","?","?","M","M","R","BOSS","M","$","M","$","M","R","E","M","T","R","E","M","?","M","R","BOSS"],"items_purchased_type":["Card","Relic","Card","Relic"],"build_version":"2020-12-18","purchased_purges":3,"victory":false,"max_hp_per_floor":[75,75,75,75,75,75,75,75,75,75,75,75,75,75,75,75,75,75,75,75,75,75,75,75,75,75,75,75,75,75,75,75,75,75,75,75,75,75,75,75,75,75,75,75,75,75,75,75,75,75,75],"relic_stats":{"counters":[28,110],"Eternal Feather":27,"PreservedInsect":306,"Orichalcum":[126],"Smiling Mask":88,"Mercury Hourglass":[317],"Blood Vial":26,"Pantograph":50,"Bronze Scales":[165],"Art of War":[5],"Kunai":[30],"obtain_stats":[{"Lantern":23,"NeowsBlessing":0,"RobotSpaceExplorer:RoboCore":0,"Eternal Feather":41,"PreservedInsect":9,"Orichalcum":5,"Smiling Mask":14,"Mercury Hourglass":8,"Blood Vial":27,"Anchor":37,"Pantograph":25,"Bronze Scales":26,"RobotSpaceExplorer:SearchSpecs":17,"Art of War":19,"Coffee Dripper":34,"Kunai":6,"Membership Card":38,"Toxic Egg 2":45,"InkBottle":12},{"Lantern":13,"NeowsBlessing":0,"RobotSpaceExplorer:RoboCore":0,"Eternal Feather":23,"PreservedInsect":5,"Orichalcum":2,"Smiling Mask":9,"Mercury Hourglass":5,"Blood Vial":15,"Anchor":21,"Pantograph":14,"Bronze Scales":14,"RobotSpaceExplorer:SearchSpecs":10,"Art of War":11,"Coffee Dripper":19,"Kunai":3,"Membership Card":21,"Toxic Egg 2":25,"InkBottle":7},{"Lantern":41,"NeowsBlessing":0,"RobotSpaceExplorer:RoboCore":0,"Eternal Feather":81,"PreservedInsect":11,"Orichalcum":2,"Smiling Mask":23,"Mercury Hourglass":11,"Blood Vial":50,"Anchor":76,"Pantograph":44,"Bronze Scales":44,"RobotSpaceExplorer:SearchSpecs":32,"Art of War":35,"Coffee Dripper":72,"Kunai":3,"Membership Card":76,"Toxic Egg 2":90,"InkBottle":18}],"InkBottle":[35]},"card_choices":[{"not_picked":["RobotSpaceExplorer:SelfCleaning","RobotSpaceExplorer:Counterblock"],"picked":"RobotSpaceExplorer:Electropulse","floor":1},{"not_picked":["RobotSpaceExplorer:SwiftStep","RobotSpaceExplorer:MetalStrike"],"picked":"RobotSpaceExplorer:ShovelStrike","floor":4},{"not_picked":["RobotSpaceExplorer:ScrapToss","RobotSpaceExplorer:ExhaustFan"],"picked":"RobotSpaceExplorer:ScrapMissile","floor":6},{"not_picked":["RobotSpaceExplorer:Counterblock","RobotSpaceExplorer:ShockKick"],"picked":"RobotSpaceExplorer:SlimeMissile","floor":7},{"not_picked":["RobotSpaceExplorer:Ammunition","RobotSpaceExplorer:BigMissile","RobotSpaceExplorer:SurgingShield"],"picked":"SKIP","floor":8},{"not_picked":["RobotSpaceExplorer:MiniBoosters","RobotSpaceExplorer:ScrapShield"],"picked":"RobotSpaceExplorer:PlasmaMissile","floor":11},{"not_picked":["RobotSpaceExplorer:MakeshiftVolley","RobotSpaceExplorer:StarDust"],"picked":"RobotSpaceExplorer:GearShield","floor":12},{"not_picked":["RobotSpaceExplorer:SlimeMissile","RobotSpaceExplorer:ShovelStrike"],"picked":"RobotSpaceExplorer:SurgingShield","floor":13},{"not_picked":["RobotSpaceExplorer:ShockKick","RobotSpaceExplorer:GlueShot"],"picked":"RobotSpaceExplorer:HighVoltage","floor":14},{"not_picked":["RobotSpaceExplorer:Multitool","RobotSpaceExplorer:Scanner"],"picked":"RobotSpaceExplorer:Asteroid","floor":16},{"not_picked":["RobotSpaceExplorer:ShovelStrike","RobotSpaceExplorer:PowerCollector"],"picked":"RobotSpaceExplorer:JunkDive","floor":18},{"not_picked":["RobotSpaceExplorer:GlueShot","RobotSpaceExplorer:Counterblock"],"picked":"RobotSpaceExplorer:ShovelStrike+1","floor":22},{"not_picked":["RobotSpaceExplorer:Ammunition","RobotSpaceExplorer:Jetpack"],"picked":"RobotSpaceExplorer:TrailblazerForm","floor":23},{"not_picked":["RobotSpaceExplorer:SurgingShield","RobotSpaceExplorer:ShockKick"],"picked":"RobotSpaceExplorer:StunGrenade+1","floor":25},{"not_picked":["RobotSpaceExplorer:Calculate","RobotSpaceExplorer:GearShield"],"picked":"RobotSpaceExplorer:Fix+1","floor":27},{"not_picked":["RobotSpaceExplorer:PlasmaMissile","RobotSpaceExplorer:Counterblock","RobotSpaceExplorer:Ammunition"],"picked":"SKIP","floor":28},{"not_picked":["RobotSpaceExplorer:SlimeMissile","RobotSpaceExplorer:IronShell","RobotSpaceExplorer:GlueShot"],"picked":"SKIP","floor":30},{"not_picked":["RobotSpaceExplorer:Counterblock","RobotSpaceExplorer:SurgingShield","RobotSpaceExplorer:ChargingLaser"],"picked":"SKIP","floor":31},{"not_picked":["RobotSpaceExplorer:HighVoltage","RobotSpaceExplorer:Scanner"],"picked":"RobotSpaceExplorer:Exploration","floor":33},{"not_picked":["RobotSpaceExplorer:MiniDrones+1","RobotSpaceExplorer:Ammunition","RobotSpaceExplorer:SwiftStep"],"picked":"SKIP","floor":35},{"not_picked":["RobotSpaceExplorer:StunGrenade","RobotSpaceExplorer:FreezeRay","RobotSpaceExplorer:SwiftStep"],"picked":"SKIP","floor":37},{"not_picked":["RobotSpaceExplorer:SurgingShield","RobotSpaceExplorer:BigMissile"],"picked":"RobotSpaceExplorer:Electroshield+1","floor":39},{"not_picked":["RobotSpaceExplorer:Counterblock","RobotSpaceExplorer:Ammunition","RobotSpaceExplorer:PowerGlove"],"picked":"SKIP","floor":41},{"not_picked":["RobotSpaceExplorer:SurgingStrike","RobotSpaceExplorer:ShockKick"],"picked":"RobotSpaceExplorer:StarDust+1","floor":42},{"not_picked":["RobotSpaceExplorer:SwiftStep+1","RobotSpaceExplorer:SurgingStrike"],"picked":"RobotSpaceExplorer:GearShield+1","floor":45},{"not_picked":["RobotSpaceExplorer:ShovelStrike+1","RobotSpaceExplorer:Probe","RobotSpaceExplorer:ImprovisedAttack"],"picked":"SKIP","floor":46},{"not_picked":["RobotSpaceExplorer:Probe","RobotSpaceExplorer:ExhaustFan"],"picked":"RobotSpaceExplorer:FranticSearch+1","floor":48}],"player_experience":1765897,"relics_obtained":[{"floor":6,"key":"Kunai"},{"floor":8,"key":"Mercury Hourglass"},{"floor":9,"key":"PreservedInsect"},{"floor":12,"key":"InkBottle"},{"floor":14,"key":"Smiling Mask"},{"floor":23,"key":"Lantern"},{"floor":25,"key":"Pantograph"},{"floor":26,"key":"Bronze Scales"},{"floor":27,"key":"Blood Vial"},{"floor":37,"key":"Anchor"},{"floor":41,"key":"Eternal Feather"},{"floor":45,"key":"Toxic Egg 2"}],"event_choices":[{"cards_removed":["RobotSpaceExplorer:Strike"],"damage_healed":0,"gold_gain":0,"player_choice":"Card Removal","damage_taken":0,"max_hp_gain":0,"max_hp_loss":0,"event_name":"The Cleric","floor":2,"gold_loss":50},{"cards_removed":["RobotSpaceExplorer:ShovelStrike"],"damage_healed":0,"gold_gain":0,"player_choice":"Gave Card","damage_taken":0,"relics_obtained":["Orichalcum"],"max_hp_gain":0,"max_hp_loss":0,"event_name":"WeMeetAgain","floor":5,"gold_loss":0},{"damage_healed":0,"gold_gain":0,"player_choice":"Forge","damage_taken":0,"max_hp_gain":0,"max_hp_loss":0,"event_name":"Accursed Blacksmith","floor":20,"gold_loss":0,"cards_upgraded":["RobotSpaceExplorer:HighVoltage"]},{"damage_healed":0,"gold_gain":0,"player_choice":"","damage_taken":6,"max_hp_gain":0,"max_hp_loss":0,"event_name":"Knowing Skull","floor":29,"potions_obtained":[],"gold_loss":0,"cards_obtained":[]},{"damage_healed":0,"gold_gain":0,"player_choice":"Ignored","damage_taken":0,"max_hp_gain":0,"max_hp_loss":0,"event_name":"Mysterious Sphere","floor":47,"gold_loss":0}],"is_beta":true,"boss_relics":[{"not_picked":["Runic Pyramid","RobotSpaceExplorer:TurboCore"],"picked":"RobotSpaceExplorer:SearchSpecs"},{"not_picked":["Pandora\u0027s Box","SacredBark"],"picked":"Coffee Dripper"}],"items_purged_floors":[19,36,38],"is_endless":false,"potions_floor_spawned":[1,8,11,13,14,18,22,28,30,33,41,42,46],"killed_by":"Awakened One","ascension_level":12}}