{"host":"jm9833yuloeli2yd","time":1609901383,"event":{"mods":["BaseMod","Better Altar","Better Match","Better Note","Better Sensory Stone","Better Skull","Better Third Choice","Better Vampires","BetterRewards","Colored Map","Colored Powertips","DeckTracker","Minty Spire (QoL Compilation)","Permanent Neow","Quick Restart","StSLib","SuperFastMode"],"gold_per_floor":[115,127,15,30,50,50,83,83,135,100,135,135,149,164,164,237,237,247,247,25,44,44,44,44,44],"floor_reached":24,"playtime":511,"items_purged":["Writhe"],"score":512,"play_id":"60cf1d83-4f45-4fb8-a2ad-30ba0ea1f405","local_time":"20210105214943","is_ascension_mode":true,"campfire_choices":[{"data":"Doom and Gloom","floor":6,"key":"SMITH"},{"floor":8,"key":"REST"},{"data":"Reinforced Body","floor":12,"key":"SMITH"},{"data":"Consume","floor":15,"key":"SMITH"},{"floor":23,"key":"REST"}],"circlet_count":0,"master_deck":["AscendersBane","Strike_B","Strike_B","Strike_B","Strike_B","Defend_B","Defend_B","Defend_B","Defend_B","Zap","Dualcast","Beam Cell","Sweeping Beam","Leap","Melter","Doom and Gloom+1","Cold Snap","Reinforced Body+1","Turbo","Consume+1","Electrodynamics","Chrysalis","Compile Driver"],"relics":["Cracked Core","Ancient Tea Set","The Courier","Vajra","Nunchaku","Sozu","Anchor"],"acts_visited":["Exordium","TheCity"],"potions_floor_usage":[7,11,16],"damage_taken":[{"damage":6,"enemies":"2 Louse","floor":1,"turns":3},{"damage":7,"enemies":"Small Slimes","floor":2,"turns":3},{"damage":0,"enemies":"Jaw Worm","floor":4,"turns":3},{"damage":19,"enemies":"Gremlin Gang","floor":5,"turns":4},{"damage":26,"enemies":"3 Sentries","floor":7,"turns":6},{"damage":6,"enemies":"Gremlin Nob","floor":11,"turns":3},{"damage":1,"enemies":"Blue Slaver","floor":13,"turns":3},{"damage":0,"enemies":"Large Slime","floor":14,"turns":3},{"damage":0,"enemies":"Slime Boss","floor":16,"turns":6},{"damage":23,"enemies":"3 Byrds","floor":18,"turns":4},{"damage":26,"enemies":"Chosen","floor":21,"turns":4},{"damage":41,"enemies":"Gremlin Leader","floor":24,"turns":4}],"seed_played":"-3089311920629787300","potions_obtained":[{"floor":4,"key":"Dexterity Potion"},{"floor":5,"key":"BlessingOfTheForge"},{"floor":13,"key":"Fire Potion"},{"floor":16,"key":"DistilledChaos"}],"is_trial":false,"path_per_floor":["M","M","$","M","M","R","E","R","T","?","E","R","M","M","R","B",null,"M","?","$","M","?","R","E"],"character_chosen":"DEFECT","items_purchased":["LiquidMemories","Leap","Chrysalis"],"campfire_rested":2,"item_purchase_floors":[3,3,20],"current_hp_per_floor":[58,51,51,51,32,32,6,27,27,44,38,38,37,37,37,37,63,40,40,40,14,14,35,0,0],"gold":44,"neow_bonus":"RANDOM_COMMON_RELIC","is_daily":false,"chose_seed":false,"campfire_upgraded":3,"win_rate":0.0,"timestamp":1609901383,"path_taken":["M","M","$","M","M","R","E","R","T","?","E","R","M","M","R","BOSS","M","?","$","M","?","R","E"],"items_purchased_type":["Potion","Card","Card"],"build_version":"2020-12-22","purchased_purges":1,"victory":false,"max_hp_per_floor":[71,71,71,71,71,71,71,71,71,71,71,71,71,71,71,71,71,71,71,71,71,71,71,71,71],"card_choices":[{"not_picked":["Streamline","Conserve Battery"],"picked":"Beam Cell","floor":1},{"not_picked":["Skim","Steam"],"picked":"Sweeping Beam","floor":2},{"not_picked":["Compile Driver","Sweeping Beam"],"picked":"Melter","floor":4},{"not_picked":["White Noise","Coolheaded"],"picked":"Doom and Gloom","floor":5},{"not_picked":["Stack","Coolheaded"],"picked":"Cold Snap","floor":7},{"not_picked":["Beam Cell","Static Discharge"],"picked":"Reinforced Body","floor":11},{"not_picked":["Aggregate","Force Field"],"picked":"Turbo","floor":13},{"not_picked":["Compile Driver","Genetic Algorithm"],"picked":"Consume","floor":14},{"not_picked":["Multi-Cast","Echo Form"],"picked":"Electrodynamics","floor":16},{"not_picked":["Barrage","Gash+1","Streamline"],"picked":"SKIP","floor":18},{"not_picked":["Melter","Gash+1"],"picked":"Compile Driver","floor":21}],"player_experience":1259213,"relics_obtained":[{"floor":7,"key":"The Courier"},{"floor":9,"key":"Vajra"},{"floor":11,"key":"Nunchaku"}],"event_choices":[{"damage_healed":17,"gold_gain":0,"player_choice":"Healed","damage_taken":0,"max_hp_gain":0,"max_hp_loss":0,"event_name":"The Cleric","floor":10,"gold_loss":35},{"damage_healed":0,"gold_gain":0,"player_choice":"Opened","damage_taken":0,"relics_obtained":["Anchor"],"max_hp_gain":0,"max_hp_loss":0,"event_name":"The Mausoleum","floor":19,"gold_loss":0,"cards_obtained":["Writhe"]},{"damage_healed":0,"gold_gain":0,"player_choice":"Ignored","damage_taken":0,"max_hp_gain":0,"max_hp_loss":0,"event_name":"Cursed Tome","floor":22,"gold_loss":0}],"is_beta":false,"boss_relics":[{"not_picked":["Calling Bell","Coffee Dripper"],"picked":"Sozu"}],"items_purged_floors":[20],"is_endless":false,"potions_floor_spawned":[4,5,13,16,18],"killed_by":"Gremlin Leader","ascension_level":20}}