{"host":"5s7sm4h73jkd9266","time":1609842300,"event":{"mods":["AchievementEnabler","Bartender","BaseMod","Better Match","Better Vampires","BetterRewards","Colored Map","Colored Powertips","Conspire","Downfall","Energized Spire","GifTheSpireLib","Hermit","Hubris","Magitek Elite","Marisa????????","Melee Mod","Minty Spire (QoL Compilation)","Potion Indicator Mod","Rare Cards Sparkle","Relic Stats","Replay The Spire","Robot Space Explorer","Shop Mod","StSLib","Stuff the Spire","The Bladedancer","The Blue Laboratory","The Cursed","The Disciple","The Dragon Tamer","The Forsaken","The Necromancer","The Wild Card","The Witch","Virulent Crown","everything is the same but u backflip on backflip","slay the spire mod where everything is the same but ironclad has a cowboy hat","vexMod"],"gold_per_floor":[118,128,128,128,128,128,159,170,170,182,194,194,208,234,234,312,312,324,4,18,18,18,52,52,68,68,81,97,97,113,125,125,198,198,208,223,14,34,34,34,54,69,69,69,69],"floor_reached":44,"playtime":3630,"items_purged":["Strike_Bartender+1"],"score":1305,"play_id":"48aa2d8f-a20a-4b7c-a742-80238fdfc19c","local_time":"20210105052500","is_ascension_mode":true,"campfire_choices":[{"floor":6.0,"key":"REST"},{"floor":12.0,"key":"REST"},{"floor":15.0,"key":"REST"},{"floor":24.0,"key":"REST"},{"floor":32.0,"key":"REST"},{"data":"expansioncontent:DashGenerateEvil","floor":40.0,"key":"SMITH"}],"circlet_count":0,"master_deck":["AscendersBane","Strike_Bartender+1","Strike_B","Strike_B","Strike_B","Strike_B","Defend_B","Defend_B","Defend_B+1","Defend_B","Zap","Dualcast","Conserve Battery","Compile Driver","Loop","Stack","Electrodynamics","Cold Snap","Time Bomb","StuffTheSpire:LoadUp","Amplify","Reinforced Body","Conserve Battery","StuffTheSpire:LoadUp","Self Repair","Hologram","Static Discharge","Cold Snap","Hello World","ReplayTheSpireMod:Calculation Training","Core Surge","vexMod:UltimateCard","vexMod:UltimateCard","conspire:NecroticWound","conspire:Rain+1","StuffTheSpire:Coldhearted+1","expansioncontent:DashGenerateEvil+1","conspire:SharedLibrary+1","Pain","Sweeping Beam+1","Steam+1","Steam"],"relics":["Cracked Core","StuffTheSpire:Mouthbags","test447","hubris:Icosahedron","hubris:Towel","StrikeDummy","Regal Pillow","vexMod:BigBerry","Choco_Feather","StuffTheSpire:NeowsTribute","WingedGreaves","Replay:Ancient Bell","DataDisk","Blue Candle","hubris:CuriousFeather","WarpedTongs","StuffTheSpire:Expresso"],"acts_visited":["Exordium","TheCity","TheBeyond"],"potions_floor_usage":[],"damage_taken":[{"damage":0.0,"enemies":"2 Louse","floor":1.0,"turns":2.0},{"damage":1.0,"enemies":"conspire:RoseBush","floor":2.0,"turns":3.0},{"damage":14.0,"enemies":"Lagavulin","floor":7.0,"turns":5.0},{"damage":1.0,"enemies":"Jaw Worm","floor":8.0,"turns":2.0},{"damage":5.0,"enemies":"Exordium Wildlife","floor":10.0,"turns":2.0},{"damage":8.0,"enemies":"Large Slime","floor":11.0,"turns":4.0},{"damage":10.0,"enemies":"2 Fungi Beasts","floor":13.0,"turns":3.0},{"damage":31.0,"enemies":"Fading Forest","floor":16.0,"turns":11.0},{"damage":11.0,"enemies":"Spheric Guardian","floor":18.0,"turns":4.0},{"damage":39.0,"enemies":"2 Thieves","floor":20.0,"turns":3.0},{"damage":6.0,"enemies":"Replay:Snechameleon","floor":23.0,"turns":3.0},{"damage":17.0,"enemies":"Chosen and Byrds","floor":25.0,"turns":4.0},{"damage":14.0,"enemies":"Centurion and Healer","floor":27.0,"turns":7.0},{"damage":26.0,"enemies":"Shelled Parasite and Fungi","floor":28.0,"turns":2.0},{"damage":11.0,"enemies":"conspire:HollyBat","floor":30.0,"turns":11.0},{"damage":12.0,"enemies":"Centurion and Healer","floor":31.0,"turns":7.0},{"damage":47.0,"enemies":"conspire:MysteriousRune","floor":33.0,"turns":11.0},{"damage":4.0,"enemies":"3 Shapes","floor":35.0,"turns":2.0},{"damage":12.0,"enemies":"Orb Walker","floor":36.0,"turns":4.0},{"damage":26.0,"enemies":"Sphere and 2 Shapes","floor":38.0,"turns":5.0},{"damage":18.0,"enemies":"Jaw Worm Horde","floor":41.0,"turns":4.0},{"damage":28.0,"enemies":"4 Shapes","floor":42.0,"turns":7.0},{"damage":71,"enemies":"Transient","floor":44,"turns":6}],"seed_played":"-3432897728674776456","potions_obtained":[{"floor":1.0,"key":"blueLaboratory:CoolantVial"},{"floor":10.0,"key":"Elixir"},{"floor":13.0,"key":"blueLaboratory:RelayPotion"},{"floor":23.0,"key":"blueLaboratory:PyrophylliteBrew"},{"floor":28.0,"key":"blueLaboratory:FruitPunch"},{"floor":31.0,"key":"LiquidMemories"},{"floor":33.0,"key":"Elixir"},{"floor":35.0,"key":"blueLaboratory:FrostheartPotion"}],"is_trial":false,"path_per_floor":["M","M","?","?","?","R","E","M","T","M","M","R","M","T","R","B",null,"M","$","M","?","?","E","R","M","T","M","M","?","M","M","R","B",null,"M","M","$","M","?","R","M","M","T","M"],"character_chosen":"DEFECT","items_purchased":["Steam","StuffTheSpire:Mouthbags","blueLaboratory:FruitPunch","Conserve Battery","Compile Driver","Choco_Feather","expansioncontent:DashGenerateEvil"],"campfire_rested":5,"item_purchase_floors":[0,0,0,0,0,19,37],"current_hp_per_floor":[50,49,49,49,49,70,62,61,61,56,48,71,61,61,79,48,101,90,90,51,51,51,45,92,75,75,68,42,42,43,45,93,53,97,93,101,101,82,82,82,64,46,46,0,0],"gold":69,"neow_bonus":"","is_daily":false,"chose_seed":false,"campfire_upgraded":1,"win_rate":0.0,"timestamp":1609842300,"path_taken":["M","M","?","?","?","R","E","M","T","?","M","R","M","?","R","BOSS","M","$","M","?","?","E","R","M","T","M","?","?","M","M","R","BOSS","M","M","$","M","?","R","M","M","T","?"],"items_purchased_type":["Card","Relic","Potion","Card","Card","Relic","Card"],"build_version":"2020-12-22","purchased_purges":1,"victory":false,"max_hp_per_floor":[73,73,73,73,73,73,79,79,79,79,79,79,79,79,79,79,109,109,109,109,109,109,109,109,109,109,109,109,109,111,111,111,111,111,111,111,111,111,111,111,111,111,111,111,111],"relic_stats":{"Regal Pillow":30,"counters":[34,188],"Blue Candle":[1],"obtain_stats":[{"vexMod:PlasmaPancake":19,"Regal Pillow":14,"Vajra":11,"Juzu Bracelet":19,"vexMod:InvisibilityCloak":15,"HornCleat":19,"test447":0,"hubris:Icosahedron":4,"Prayer Wheel":1,"WingedGreaves":26,"hubris:CuriousFeather":34,"Cracked Core":0,"StuffTheSpire:NeowsTribute":23,"Pear":25,"hubris:SoftwareUpdate":28,"Choco_Feather":19,"Blue Candle":34,"StuffTheSpire:Expresso":43,"hubris:FruitBowl":31,"vexMod:BerryBomb":7,"Replay:Ancient Bell":19,"hubris:Towel":5,"WarpedTongs":39,"DataDisk":34,"StuffTheSpire:Mouthbags":0,"StrikeDummy":9,"vexMod:BigBerry":17},{"vexMod:PlasmaPancake":6,"Regal Pillow":18,"Vajra":3,"Juzu Bracelet":6,"vexMod:InvisibilityCloak":5,"HornCleat":6,"test447":11,"hubris:Icosahedron":13,"Prayer Wheel":1,"WingedGreaves":23,"hubris:CuriousFeather":28,"Cracked Core":0,"StuffTheSpire:NeowsTribute":22,"Pear":9,"hubris:SoftwareUpdate":9,"Choco_Feather":20,"Blue Candle":28,"StuffTheSpire:Expresso":33,"hubris:FruitBowl":9,"vexMod:BerryBomb":14,"Replay:Ancient Bell":6,"hubris:Towel":13,"WarpedTongs":31,"DataDisk":28,"StuffTheSpire:Mouthbags":11,"StrikeDummy":15,"vexMod:BigBerry":19},{"vexMod:PlasmaPancake":30,"Regal Pillow":98,"Vajra":10,"Juzu Bracelet":30,"vexMod:InvisibilityCloak":20,"HornCleat":30,"test447":77,"hubris:Icosahedron":82,"Prayer Wheel":2,"WingedGreaves":122,"hubris:CuriousFeather":160,"Cracked Core":0,"StuffTheSpire:NeowsTribute":118,"Pear":55,"hubris:SoftwareUpdate":55,"Choco_Feather":113,"Blue Candle":160,"StuffTheSpire:Expresso":182,"hubris:FruitBowl":55,"vexMod:BerryBomb":87,"Replay:Ancient Bell":30,"hubris:Towel":82,"WarpedTongs":171,"DataDisk":160,"StuffTheSpire:Mouthbags":77,"StrikeDummy":89,"vexMod:BigBerry":109}],"WarpedTongs":[17]},"card_choices":[{"not_picked":["Chaos","Rebound"],"picked":"Loop","floor":1.0},{"not_picked":["Gash","Leap"],"picked":"Stack","floor":2.0},{"not_picked":["Rebound","Leap"],"picked":"Electrodynamics","floor":7.0},{"not_picked":["Double Energy","Steam"],"picked":"Cold Snap","floor":8.0},{"not_picked":["Stack","ReplayTheSpireMod:Dual Polarity"],"picked":"Time Bomb","floor":10.0},{"not_picked":["StuffTheSpire:GlassShard","Compile Driver"],"picked":"Go for the Eyes","floor":11.0},{"not_picked":["ReplayTheSpireMod:Repulse","Streamline"],"picked":"StuffTheSpire:LoadUp","floor":13.0},{"not_picked":["StuffTheSpire:Purify","ReplayRNGCard"],"picked":"Amplify","floor":16.0},{"not_picked":["Gash","Aggregate"],"picked":"Reinforced Body","floor":18.0},{"not_picked":["Aggregate","Beam Cell"],"picked":"Conserve Battery","floor":20.0},{"not_picked":["Multi-Cast","Panic Button"],"picked":"Self Repair","floor":23.0},{"not_picked":["Conserve Battery","Turbo"],"picked":"Hologram","floor":25.0},{"not_picked":["Coolheaded","White Noise"],"picked":"Static Discharge","floor":27.0},{"not_picked":["Ball Lightning","Steam"],"picked":"Cold Snap","floor":28.0},{"not_picked":["StuffTheSpire:NuclearReactor","ReplayTheSpireMod:Fabricate Wheel"],"picked":"Hello World","floor":30.0},{"not_picked":["StuffTheSpire:LoadUp","Coolheaded"],"picked":"ReplayTheSpireMod:Calculation Training","floor":31.0},{"not_picked":["ReplayRNGCard","Creative AI"],"picked":"Core Surge","floor":33.0},{"not_picked":["Doubt","Delirium"],"picked":"vexMod:UltimateCard","floor":34.0},{"not_picked":["Sickly","Doubt"],"picked":"vexMod:UltimateCard","floor":34.0},{"not_picked":["hubris:Greed","Languid"],"picked":"conspire:NecroticWound","floor":34.0},{"not_picked":["Coolheaded","StuffTheSpire:LoadUp"],"picked":"conspire:Rain+1","floor":35.0},{"not_picked":["Compile Driver","Darkness"],"picked":"StuffTheSpire:Coldhearted+1","floor":36.0},{"not_picked":["Self Repair+1","Barrage"],"picked":"conspire:SharedLibrary+1","floor":38.0},{"not_picked":["Hello World","Barrage"],"picked":"Sweeping Beam+1","floor":41.0},{"not_picked":["Gash+1","StuffTheSpire:SnapShoot"],"picked":"Steam+1","floor":42.0}],"player_experience":5398051,"relics_obtained":[{"floor":7.0,"key":"vexMod:BerryBomb"},{"floor":9.0,"key":"StrikeDummy"},{"floor":14.0,"key":"Regal Pillow"},{"floor":23.0,"key":"StuffTheSpire:NeowsTribute"},{"floor":26.0,"key":"WingedGreaves"},{"floor":43.0,"key":"StuffTheSpire:Expresso"}],"event_choices":[{"damage_healed":0.0,"max_hp_gain":0.0,"max_hp_loss":0.0,"gold_gain":0.0,"cards_transformed":["Go for the Eyes"],"event_name":"Transmorgrifier","player_choice":"Transformed","floor":22.0,"gold_loss":0.0,"damage_taken":0.0,"cards_obtained":["StuffTheSpire:LoadUp"]},{"damage_healed":0.0,"max_hp_gain":0.0,"max_hp_loss":0.0,"gold_gain":0.0,"event_name":"Accursed Blacksmith","player_choice":"Rummage","floor":39.0,"gold_loss":0.0,"damage_taken":0.0,"relics_obtained":["WarpedTongs"],"cards_obtained":["Pain"]}],"is_beta":false,"boss_relics":[{"not_picked":["vexMod:CursedCompass","vexMod:EndlessSickness"],"picked":"vexMod:BigBerry"},{"not_picked":["Empty Cage","energizedSpire:StickyHand"],"picked":"Replay:Ancient Bell"},{"not_picked":["hubris:SlimyHat","vexMod:BarristanHead"],"picked":"DataDisk"},{"not_picked":["hubris:BottledRain","hubris:DeckOfHolding"],"picked":"Blue Candle"},{"not_picked":["Girya","CaptainsWheel"],"picked":"hubris:CuriousFeather"}],"items_purged_floors":[0],"is_endless":false,"potions_floor_spawned":[1,10,13,23,28,31,33,35],"killed_by":"Transient","ascension_level":17}}