{"host":"tm3ghj8mno6gwywm","time":1609969060,"event":{"mods":["2.2 Compatiblity","AchievementEnabler","Bard","BaseMod","Beaked The Cultist","Better Third Choice","Colored Map","Colored Powertips","Conspire","Downfall","Glutton Mod","GungeonMod","Halation","Hermit","Hubris","Infinite Spire","Jorbs\u0027s Wanderer Trilogy","Lobotomy","Mad Scientist","Marisa????????","Marked Mod","Mimic Mod","Minty Spire (QoL Compilation)","Potionbrewer","Quick Restart","READ ME - Guardian Mod","Replay The Spire","Shade Mod","Shop Mod","Somnambulant","Spicy Shops","StSLib","SuperFastMode","The Bug Knight","The Construct","The Cursed","The Disciple","The Factory","The Hierophant","The IronCluck","The Judge","The Jungle","The Necromancer","The Runesmith","The Servant 0.9.4","egg"],"gold_per_floor":[110,16,36,36,10,39,39,50,84,103,115,131,131,148,148,253,253,269,114,114,133,133,133,160,177,204,304,316,316,345,358,358,462,462,474,64,84,99,126,159,170,221,269,297,314,314,241,256,256,256,256,256,256,8,41,41],"floor_reached":57,"playtime":4890,"items_purged":["Normality"],"score":1181,"play_id":"1ef8f50e-c4cf-41ed-a0a1-e2547823b08a","local_time":"20210106163740","is_ascension_mode":false,"campfire_choices":[{"floor":7,"key":"REST"},{"floor":15,"key":"REST"},{"floor":23,"key":"RECALL"},{"floor":29,"key":"REST"},{"floor":32,"key":"REST"},{"data":"Dualcast","floor":46,"key":"SMITH"},{"floor":49,"key":"REST"},{"data":"Defend_B","floor":53,"key":"SMITH"}],"circlet_count":0,"master_deck":["Strike_B+1","Strike_B","Strike_B+1","Strike_B","Defend_B+1","Defend_B+1","Defend_B","Defend_B","Zap+1","Dualcast+1","conspire:SharedLibrary+1","conspire:Rain+1","Storm+1","Hello World+1","Ball Lightning+1","Chill+1","FTL+1","ReplayTheSpireMod:Repulse+1","Go for the Eyes+1","Fission+1","Seek+1","Barrage+1","Blizzard+1","Cold Snap+1","Fusion+1","Coolheaded+1","Cold Snap+1","Crystallizer+1","Steam+1","Electrodynamics+1","CurseOfTheBell","Meteor Strike+1","Blizzard+1","BootSequence+1","Static Discharge+1","BasicCrystalCard+1","Machine Learning+1","Rebound+1","Sweeping Beam+1","Electrodynamics+1","hubris:PowerSurge+1","Heatsinks+1","Conserve Battery+1"],"relics":["Cracked Core","WingedGreaves","Membership Card","Quantum Egg","Frozen Egg 2","Toxic Egg 2","Molten Egg 2","Black Star","Mummified Hand","Lizard Tail","Membership Card","hubris:Towel","Replay:Antivirus Software","Carrot","Replay:Baseball","Akabeko","Gremlin Food","Lantern","halation:PinkSoulGem","infinitespire:Beetle Shell","hexamod:BolsterEngine","infinitespire:FocusingShard","DemoMod:MonsterBlood","Torii","Iron Hammer","ReplayTheSpireMod:Lightbulb","DemoMod:GreenGuonStone","Calling Bell","DemoMod:Metronome","DemoMod:MeltedRock","Durian","infinitespire:SolderingIron","hubris:BallOfYels","Kunai","halation:Diary","infinitespire:Lucky Rock","Blood Vial","Eternal Feather","conspire:GiftBox","potionbrewer:Torch","Potion Belt","conspire:Flyswatter","potionbrewer:Keyblade","Replay:Frozen Program","Vajra","HollowMod:PaleOreRelic","conspire:Boomerang","hubris:TenFootPole"],"acts_visited":["Exordium","TheCity","TheBeyond","TheEnding"],"potions_floor_usage":[16,16,56,56,56,56,56,56],"damage_taken":[{"damage":9,"enemies":"infinitespire:Voidling","floor":1,"turns":5},{"damage":22,"enemies":"Jaw Worm","floor":3,"turns":5},{"damage":9,"enemies":"3 Sentries","floor":6,"turns":10},{"damage":0,"enemies":"conspire:RoseBush","floor":8,"turns":2},{"damage":0,"enemies":"conspire:2 RoseBushes","floor":9,"turns":3},{"damage":2,"enemies":"conspire:2 RoseBushes","floor":10,"turns":2},{"damage":5,"enemies":"Looter","floor":11,"turns":2},{"damage":0,"enemies":"2 Fungi Beasts","floor":12,"turns":2},{"damage":0,"enemies":"Large Slime","floor":14,"turns":3},{"damage":20,"enemies":"The Guardian","floor":16,"turns":8},{"damage":4,"enemies":"2 Thieves","floor":18,"turns":3},{"damage":0,"enemies":"Shell Parasite","floor":21,"turns":2},{"damage":8,"enemies":"Book of Stabbing","floor":24,"turns":3},{"damage":0,"enemies":"3 Cultists","floor":25,"turns":3},{"damage":10,"enemies":"Colosseum Slavers","floor":27,"turns":3},{"damage":0,"enemies":"Colosseum Nobs","floor":27,"turns":3},{"damage":0,"enemies":"Snecko","floor":28,"turns":2},{"damage":0,"enemies":"conspire:SneckoGhost","floor":30,"turns":3},{"damage":0,"enemies":"Centurion and Healer","floor":31,"turns":3},{"damage":1,"enemies":"conspire:MysteriousRune","floor":33,"turns":5},{"damage":0,"enemies":"Orb Walker","floor":35,"turns":2},{"damage":0,"enemies":"3 Darklings","floor":37,"turns":2},{"damage":0,"enemies":"4 Shapes","floor":38,"turns":3},{"damage":8,"enemies":"conspire:MimicChest","floor":39,"turns":4},{"damage":22,"enemies":"Nemesis","floor":40,"turns":3},{"damage":0,"enemies":"Jaw Worm Horde","floor":41,"turns":2},{"damage":0,"enemies":"2 Orb Walkers","floor":42,"turns":2},{"damage":0,"enemies":"Reptomancer","floor":44,"turns":4},{"damage":0,"enemies":"Writhing Mass","floor":45,"turns":2},{"damage":0,"enemies":"3 Darklings","floor":48,"turns":2},{"damage":0,"enemies":"Replay:Hell Engine","floor":50,"turns":5},{"damage":0,"enemies":"Shield and Spear","floor":55,"turns":3},{"damage":17,"enemies":"The Heart","floor":56,"turns":5}],"seed_played":"-9208339054237086998","potions_obtained":[{"floor":3,"key":"Venom Potion"},{"floor":6,"key":"LifebloodPotion"},{"floor":11,"key":"potionbrewer:AcidPotion"},{"floor":12,"key":"PowerPotion"},{"floor":18,"key":"Block Potion"},{"floor":25,"key":"SpeedPotion"},{"floor":31,"key":"AttackPotion"},{"floor":40,"key":"Dexterity Potion"},{"floor":48,"key":"Guardian:BlockOnCardUsePotion"}],"is_trial":false,"path_per_floor":["M","$","M","?","$","E","R","M","MIM","M","M","M","?","M","R","B",null,"M","$","?","M","?","R","E","M","T","?","M","R","E","M","R","B",null,"M","$","M","M","?","E","M","?","T","E","M","R","$","M","R","B",null,null,"R","$","E","B",null],"character_chosen":"DEFECT","items_purchased":["Membership Card","conspire:Rain+1","Hello World+1","Blizzard+1","infinitespire:Beetle Shell","infinitespire:SolderingIron","hubris:BallOfYels","Kunai","Blizzard+1","halation:Diary","potionbrewer:Keyblade","Replay:Frozen Program","PowerPotion","Heatsinks+1","Vajra","HollowMod:PaleOreRelic"],"campfire_rested":5,"item_purchase_floors":[2,2,5,19,19,36,36,36,36,36,47,54,54,54,54,54],"current_hp_per_floor":[73,73,51,51,51,42,66,66,66,64,59,59,59,59,82,62,82,78,78,78,78,78,78,70,70,77,67,67,89,89,89,89,88,94,94,94,94,94,86,64,66,68,68,70,72,94,94,94,94,94,94,94,94,94,94,77],"gold":41,"neow_bonus":"TEN_PERCENT_HP_BONUS","is_daily":false,"chose_seed":false,"campfire_upgraded":2,"win_rate":0.0,"timestamp":1609969060,"path_taken":["M","$","?","?","$","E","R","M","MIM","M","M","M","?","M","R","BOSS","M","$","?","M","?","R","E","M","T","?","M","R","E","M","R","BOSS","M","$","M","M","?","E","M","?","T","E","M","R","$","M","R","BOSS","R","$","E","BOSS"],"items_purchased_type":["Relic","Card","Card","Card","Relic","Relic","Relic","Relic","Card","Relic","Relic","Relic","Potion","Card","Relic","Relic"],"build_version":"2020-12-22","purchased_purges":1,"victory":true,"max_hp_per_floor":[82,82,82,82,82,82,82,82,82,82,82,82,82,82,82,82,82,82,82,82,82,82,82,82,82,89,89,89,89,89,89,89,89,94,94,94,94,94,94,94,94,94,94,94,94,94,94,94,94,94,94,94,94,94,94,94],"card_choices":[{"not_picked":["Turbo+1","Undo+1"],"picked":"conspire:SharedLibrary+1","floor":1},{"not_picked":["Beam Cell+1","BasicCrystalCard+1"],"picked":"Storm+1","floor":3},{"not_picked":["Panic Button+1","Sweeping Beam+1"],"picked":"Ball Lightning+1","floor":6},{"not_picked":["Conserve Battery+1","Compile Driver+1"],"picked":"Chill+1","floor":8},{"not_picked":["Ball Lightning+1","Hologram+1"],"picked":"FTL+1","floor":9},{"not_picked":["conspire:Rain+1","Conserve Battery+1"],"picked":"ReplayTheSpireMod:Repulse+1","floor":10},{"not_picked":["Compile Driver+1","ReplayTheSpireMod:GoodbyeWorld+1","Rip and Tear+1"],"picked":"SKIP","floor":11},{"not_picked":["Stack+1","Rebound+1"],"picked":"Go for the Eyes+1","floor":12},{"not_picked":["Barrage+1","conspire:SharedLibrary+1"],"picked":"Fission+1","floor":14},{"not_picked":["ReplayRNGCard+1","Biased Cognition+1"],"picked":"Seek+1","floor":16},{"not_picked":["Streamline+1","Rip and Tear+1"],"picked":"Barrage+1","floor":18},{"not_picked":["Barrage+1","Redo+1"],"picked":"Cold Snap+1","floor":21},{"not_picked":["Steam+1","Conserve Battery+1"],"picked":"Fusion+1","floor":24},{"not_picked":["Time Bomb+1","Beam Cell+1"],"picked":"Coolheaded+1","floor":25},{"not_picked":["Darkness+1","FTL+1"],"picked":"Cold Snap+1","floor":28},{"not_picked":["hubris:PowerSurge+1","ReplaySolidLightProjector+1"],"picked":"Crystallizer+1","floor":30},{"not_picked":["Streamline+1","Double Energy+1"],"picked":"Steam+1","floor":31},{"not_picked":["Buffer+1","Reboot+1"],"picked":"Electrodynamics+1","floor":33},{"not_picked":["BasicCrystalCard+1","Coolheaded+1"],"picked":"Meteor Strike+1","floor":35},{"not_picked":["Panic Button+1","Gash+1"],"picked":"BootSequence+1","floor":37},{"not_picked":["Redo+1","Panic Button+1"],"picked":"Static Discharge+1","floor":38},{"not_picked":["Barrage+1","Sunder+1","Steam+1"],"picked":"SKIP","floor":40},{"not_picked":["Redo+1","Rebound+1"],"picked":"BasicCrystalCard+1","floor":41},{"not_picked":["Hyperbeam+1","Fission+1"],"picked":"Machine Learning+1","floor":42},{"not_picked":["Melter+1","Panic Button+1"],"picked":"Rebound+1","floor":42},{"not_picked":["BasicCrystalCard+1","hubris:Prefetch+1"],"picked":"Sweeping Beam+1","floor":44},{"not_picked":["Ball Lightning+1","Steam+1"],"picked":"Electrodynamics+1","floor":45},{"not_picked":["Crystallizer+1","Ball Lightning+1"],"picked":"hubris:PowerSurge+1","floor":48},{"not_picked":["Steam+1","Leap+1"],"picked":"Conserve Battery+1","floor":55}],"player_experience":797300,"relics_obtained":[{"floor":6,"key":"Replay:Antivirus Software"},{"floor":6,"key":"Carrot"},{"floor":9,"key":"Replay:Baseball"},{"floor":9,"key":"Akabeko"},{"floor":9,"key":"Gremlin Food"},{"floor":9,"key":"Lantern"},{"floor":24,"key":"hexamod:BolsterEngine"},{"floor":24,"key":"infinitespire:FocusingShard"},{"floor":26,"key":"DemoMod:MonsterBlood"},{"floor":27,"key":"Torii"},{"floor":27,"key":"Iron Hammer"},{"floor":30,"key":"ReplayTheSpireMod:Lightbulb"},{"floor":30,"key":"DemoMod:GreenGuonStone"},{"floor":34,"key":"DemoMod:Metronome"},{"floor":34,"key":"DemoMod:MeltedRock"},{"floor":34,"key":"Durian"},{"floor":39,"key":"infinitespire:Lucky Rock"},{"floor":40,"key":"Blood Vial"},{"floor":40,"key":"Eternal Feather"},{"floor":42,"key":"conspire:GiftBox"},{"floor":43,"key":"potionbrewer:Torch"},{"floor":44,"key":"Potion Belt"},{"floor":44,"key":"conspire:Flyswatter"},{"floor":55,"key":"conspire:Boomerang"},{"floor":55,"key":"hubris:TenFootPole"}],"event_choices":[{"damage_healed":0,"gold_gain":0,"player_choice":"Adaptability","damage_taken":0,"max_hp_gain":0,"max_hp_loss":0,"event_name":"betterThird:BetterWriting","floor":22,"gold_loss":0},{"damage_healed":0,"gold_gain":0,"player_choice":"Fight","damage_taken":0,"max_hp_gain":0,"max_hp_loss":0,"event_name":"Colosseum","floor":27,"gold_loss":0},{"damage_healed":0,"gold_gain":0,"player_choice":"Fought Nobs","damage_taken":0,"max_hp_gain":0,"max_hp_loss":0,"event_name":"Colosseum","floor":27,"gold_loss":0},{"damage_healed":0,"gold_gain":0,"player_choice":"Fight","damage_taken":0,"max_hp_gain":0,"max_hp_loss":0,"event_name":"Mysterious Sphere","floor":42,"gold_loss":0}],"is_beta":false,"boss_relics":[{"not_picked":["halation:LoveArrow","Replay:Ancient Bell","ChewingGum"]},{"not_picked":["hubris:GrandSneckoEye","infinitespire:Cupcake"],"picked":"Calling Bell"}],"items_purged_floors":[54],"is_endless":false,"potions_floor_spawned":[3,6,11,12,18,25,28,30,31,37,40,41,45,48],"ascension_level":0}}