{"host":"qojc688juf5ijsln","time":1609922039,"event":{"mods":["AchievementEnabler","BaseMod","BetterRewards","Colored Powertips","Highlight Path","Minty Spire (QoL Compilation)","Quick Restart","Shop Mod","StSLib"],"gold_per_floor":[111,111,127,52,52,52,86,96,122,22,22,53,64,84,84,182,182,201,76,76,76,107,107,107,107,133,133,133,163,262,262,262,367,367,385,401,412,412,462,462,501,121,121,121,152,152,185,200,200,200],"floor_reached":51,"playtime":1324,"items_purged":["Defend_R","Defend_R","Bash"],"score":1094,"play_id":"8ac973dd-7e78-4881-8b3c-7c22b239a900","local_time":"20210106163359","is_ascension_mode":true,"campfire_choices":[{"floor":6.0,"key":"DIG"},{"floor":11.0,"key":"DIG"},{"floor":15.0,"key":"DIG"},{"floor":23.0,"key":"DIG"},{"floor":27.0,"key":"DIG"},{"floor":32.0,"key":"DIG"},{"floor":40.0,"key":"DIG"},{"floor":46.0,"key":"DIG"},{"floor":49,"key":"DIG"}],"circlet_count":0,"master_deck":["Dramatic Entrance","Inflame","Whirlwind","Flex","Inflame","Limit Break","Warcry+1","Clash","Bite","Bite","Bite","Bite","Bite","Whirlwind","Inflame+1","Bloodletting","Seeing Red+1"],"relics":["Burning Blood","Shovel","Juzu Bracelet","Mango","Anchor","Pocketwatch","Toy Ornithopter","Whetstone","Red Skull","Bag of Marbles","Coffee Dripper","Red Mask","FossilizedHelix","Vajra","Strawberry","FaceOfCleric","Blood Vial","MutagenicStrength","Eternal Feather","Black Star","Calipers","MawBank","CaptainsWheel","Orichalcum","Chemical X","Shuriken","Darkstone Periapt","Dream Catcher","Gambling Chip","Mercury Hourglass","MealTicket","InkBottle","Torii"],"acts_visited":["Exordium","TheCity","TheBeyond"],"potions_floor_usage":[],"damage_taken":[{"damage":0.0,"enemies":"Small Slimes","floor":1.0,"turns":3.0},{"damage":6.0,"enemies":"Cultist","floor":3.0,"turns":3.0},{"damage":40.0,"enemies":"Lagavulin","floor":7.0,"turns":4.0},{"damage":0.0,"enemies":"2 Louse","floor":8.0,"turns":2.0},{"damage":8.0,"enemies":"Gremlin Nob","floor":12.0,"turns":3.0},{"damage":0.0,"enemies":"Blue Slaver","floor":13.0,"turns":1.0},{"damage":0.0,"enemies":"Large Slime","floor":14.0,"turns":3.0},{"damage":62.0,"enemies":"Hexaghost","floor":16.0,"turns":5.0},{"damage":1.0,"enemies":"2 Thieves","floor":18.0,"turns":2.0},{"damage":0.0,"enemies":"Masked Bandits","floor":22.0,"turns":2.0},{"damage":0.0,"enemies":"Gremlin Leader","floor":29.0,"turns":3.0},{"damage":79.0,"enemies":"Champ","floor":33.0,"turns":6.0},{"damage":0.0,"enemies":"3 Shapes","floor":35.0,"turns":1.0},{"damage":0.0,"enemies":"Orb Walker","floor":36.0,"turns":2.0},{"damage":16.0,"enemies":"Maw","floor":37.0,"turns":5.0},{"damage":0.0,"enemies":"Mind Bloom Boss Battle","floor":39.0,"turns":2.0},{"damage":78.0,"enemies":"Giant Head","floor":41.0,"turns":7.0},{"damage":0.0,"enemies":"Nemesis","floor":45.0,"turns":3.0},{"damage":37,"enemies":"Reptomancer","floor":47,"turns":3},{"damage":0,"enemies":"Sphere and 2 Shapes","floor":48,"turns":1},{"damage":39,"enemies":"Time Eater","floor":50,"turns":4}],"seed_played":"3775435248542638347","potions_obtained":[{"floor":1.0,"key":"ColorlessPotion"},{"floor":8.0,"key":"Fire Potion"},{"floor":14.0,"key":"FearPotion"},{"floor":16.0,"key":"LiquidBronze"},{"floor":33.0,"key":"SkillPotion"},{"floor":37.0,"key":"EssenceOfSteel"},{"floor":47,"key":"DuplicationPotion"},{"floor":48,"key":"EntropicBrew"}],"is_trial":false,"path_per_floor":["M","?","M","$","?","R","E","M","T","$","R","E","M","M","R","B",null,"M","$","?","?","?","R","?","?","T","R","?","E","?","?","R","B",null,"M","M","M","?","?","R","E","$","T","?","E","R","E","M","R","B",null],"character_chosen":"IRONCLAD","items_purchased":["Juzu Bracelet","Dramatic Entrance","Chemical X","Shuriken"],"campfire_rested":0,"item_purchase_floors":[0,0,42,42],"current_hp_per_floor":[94,94,94,94,87,87,53,59,59,59,59,57,68,74,74,23,76,81,81,81,81,87,87,65,54,54,61,61,76,76,76,76,26,66,77,81,78,78,79,79,12,12,12,70,71,71,41,50,59,37],"gold":200,"neow_bonus":"","is_daily":false,"chose_seed":false,"campfire_upgraded":0,"win_rate":0.0,"timestamp":1609922039,"path_taken":["M","?","M","?","?","R","E","M","T","?","R","E","M","M","R","BOSS","M","$","?","?","?","R","?","?","T","R","?","E","?","?","R","BOSS","M","M","M","?","?","R","E","?","T","?","E","R","E","M","R","BOSS"],"items_purchased_type":["Relic","Card","Relic","Relic"],"build_version":"2020-12-22","purchased_purges":3,"victory":true,"max_hp_per_floor":[94,94,94,94,94,94,94,94,94,94,94,94,94,94,94,94,94,94,94,94,94,94,94,65,70,70,77,77,78,78,78,78,79,79,80,81,82,78,79,79,80,80,80,70,71,71,72,73,73,74],"card_choices":[{"not_picked":["Clothesline","Sever Soul","Headbutt"],"picked":"SKIP","floor":1.0},{"not_picked":["Sentinel","Heavy Blade"],"picked":"Inflame","floor":3.0},{"not_picked":["Heavy Blade","Warcry"],"picked":"Whirlwind","floor":7.0},{"not_picked":["Perfected Strike","Havoc"],"picked":"Flex","floor":8.0},{"not_picked":["Dark Embrace","Rampage","Reaper"],"picked":"SKIP","floor":12.0},{"not_picked":["Wild Strike","Twin Strike"],"picked":"Inflame","floor":13.0},{"not_picked":["Wild Strike","Evolve","True Grit"],"picked":"SKIP","floor":14.0},{"not_picked":["Juggernaut","Berserk"],"picked":"Limit Break","floor":16.0},{"not_picked":["Headbutt","Twin Strike"],"picked":"Warcry+1","floor":18.0},{"not_picked":["Ghostly Armor","Sword Boomerang"],"picked":"Whirlwind","floor":29.0},{"not_picked":["Burning Pact+1","Havoc+1","Cleave+1"],"picked":"SKIP","floor":35.0},{"not_picked":["Pommel Strike+1","Exhume","Armaments+1"],"picked":"SKIP","floor":36.0},{"not_picked":["Power Through","Sever Soul","True Grit"],"picked":"SKIP","floor":37.0},{"not_picked":["Power Through+1","Perfected Strike+1"],"picked":"Inflame+1","floor":41.0},{"not_picked":["Disarm","Warcry"],"picked":"Bloodletting","floor":45.0},{"not_picked":["Rampage","Inflame","Clothesline"],"picked":"SKIP","floor":47},{"not_picked":["Shockwave","Limit Break"],"picked":"Seeing Red+1","floor":48}],"player_experience":59198,"relics_obtained":[{"floor":6.0,"key":"Anchor"},{"floor":7.0,"key":"Pocketwatch"},{"floor":9.0,"key":"Toy Ornithopter"},{"floor":11.0,"key":"Whetstone"},{"floor":12.0,"key":"Red Skull"},{"floor":15.0,"key":"Bag of Marbles"},{"floor":22.0,"key":"Red Mask"},{"floor":23.0,"key":"FossilizedHelix"},{"floor":26.0,"key":"Vajra"},{"floor":27.0,"key":"Strawberry"},{"floor":29.0,"key":"Blood Vial"},{"floor":32.0,"key":"Eternal Feather"},{"floor":39.0,"key":"Calipers"},{"floor":40.0,"key":"MawBank"},{"floor":41.0,"key":"CaptainsWheel"},{"floor":41.0,"key":"Orichalcum"},{"floor":43.0,"key":"Darkstone Periapt"},{"floor":45.0,"key":"Dream Catcher"},{"floor":45.0,"key":"Gambling Chip"},{"floor":46.0,"key":"Mercury Hourglass"},{"floor":47,"key":"MealTicket"},{"floor":47,"key":"InkBottle"},{"floor":49,"key":"Torii"}],"event_choices":[{"cards_removed":["Defend_R"],"damage_healed":0.0,"max_hp_gain":0.0,"max_hp_loss":0.0,"gold_gain":0.0,"event_name":"Purifier","player_choice":"Purged","floor":2.0,"gold_loss":0.0,"damage_taken":0.0},{"cards_removed":["Defend_R"],"damage_healed":0.0,"max_hp_gain":0.0,"max_hp_loss":0.0,"gold_gain":0.0,"event_name":"Golden Wing","player_choice":"Card Removal","floor":5.0,"gold_loss":0.0,"damage_taken":7.0},{"damage_healed":0.0,"max_hp_gain":0.0,"max_hp_loss":0.0,"gold_gain":0.0,"event_name":"The Library","player_choice":"Read","floor":20.0,"gold_loss":0.0,"damage_taken":0.0,"cards_obtained":["Clash"]},{"damage_healed":0.0,"max_hp_gain":0.0,"max_hp_loss":0.0,"gold_gain":0.0,"event_name":"Ghosts","player_choice":"Ignored","floor":21.0,"gold_loss":0.0,"damage_taken":0.0},{"damage_healed":0.0,"max_hp_gain":0.0,"max_hp_loss":0.0,"gold_gain":0.0,"event_name":"Masked Bandits","player_choice":"Fought Bandits","floor":22.0,"gold_loss":0.0,"damage_taken":0.0},{"damage_healed":0.0,"max_hp_gain":0.0,"max_hp_loss":29.0,"gold_gain":0.0,"event_name":"Vampires","player_choice":"Became a vampire","floor":24.0,"gold_loss":0.0,"damage_taken":0.0,"cards_obtained":["Bite","Bite","Bite","Bite","Bite"]},{"damage_healed":0.0,"max_hp_gain":5.0,"max_hp_loss":0.0,"gold_gain":0.0,"event_name":"Forgotten Altar","player_choice":"Shed Blood","floor":25.0,"gold_loss":0.0,"damage_taken":16.0},{"damage_healed":0.0,"max_hp_gain":0.0,"max_hp_loss":0.0,"gold_gain":0.0,"event_name":"FaceTrader","player_choice":"Trade","floor":28.0,"gold_loss":0.0,"damage_taken":0.0,"relics_obtained":["FaceOfCleric"]},{"damage_healed":0.0,"max_hp_gain":0.0,"max_hp_loss":0.0,"gold_gain":99.0,"event_name":"Nest","player_choice":"Stole From Cult","floor":30.0,"gold_loss":0.0,"damage_taken":0.0},{"damage_healed":0.0,"max_hp_gain":0.0,"max_hp_loss":0.0,"gold_gain":0.0,"event_name":"Drug Dealer","player_choice":"Inject Mutagens","floor":31.0,"gold_loss":0.0,"damage_taken":0.0,"relics_obtained":["MutagenicStrength"]},{"damage_healed":0.0,"max_hp_gain":0.0,"max_hp_loss":4.0,"gold_gain":0.0,"event_name":"Winding Halls","player_choice":"Max HP","floor":38.0,"gold_loss":0.0,"damage_taken":0.0},{"damage_healed":0.0,"max_hp_gain":0.0,"max_hp_loss":0.0,"gold_gain":0.0,"event_name":"MindBloom","player_choice":"Fight","floor":39.0,"gold_loss":0.0,"damage_taken":0.0},{"damage_healed":70.0,"max_hp_gain":0.0,"max_hp_loss":10.0,"gold_gain":0.0,"event_name":"The Moai Head","player_choice":"Heal","floor":44.0,"gold_loss":0.0,"damage_taken":0.0}],"is_beta":false,"boss_relics":[{"not_picked":["Velvet Choker","Mark of Pain"],"picked":"Coffee Dripper"},{"not_picked":["Snecko Eye","Busted Crown"],"picked":"Black Star"}],"items_purged_floors":[4,10,19],"is_endless":false,"potions_floor_spawned":[1,8,14,16,33,37,47,48],"ascension_level":5}}