{"host":"rz01j32460kf2mtw","time":1609940351,"event":{"mods":["BaseMod","Downfall","Minty Spire (QoL Compilation)","Prisma Mod","Quick Restart","StSLib"],"gold_per_floor":[0,15,15,32,46,59,59,88,88,108,108,126,126,126,137,137,137],"floor_reached":16,"playtime":764,"items_purged":[],"score":104,"play_id":"634ed442-76f4-41da-98f2-892538306824","local_time":"20210106063911","is_ascension_mode":false,"campfire_choices":[{"data":"bronze:AlphaBuild","floor":1,"key":"SMITH"},{"floor":11,"key":"REST"}],"circlet_count":0,"master_deck":["bronze:Strike","bronze:Strike","bronze:Strike","bronze:Defend","bronze:Defend","bronze:Defend","bronze:Defend","bronze:Replicate","bronze:Goto","bronze:AlphaBuild+1","bronze:DelayedGuard","bronze:Return","bronze:Terminator","bronze:GetLatest","bronze:Verify","bronze:ChosenStrike"],"relics":["bronze:BronzeCore","Toxic Egg 2","bronze:BottledCode"],"acts_visited":["Exordium"],"potions_floor_usage":[8,8,10,12,16,16],"damage_taken":[{"damage":5,"enemies":"Cultist","floor":2,"turns":7},{"damage":5,"enemies":"Small Slimes","floor":4,"turns":2},{"damage":0,"enemies":"2 Louse","floor":5,"turns":2},{"damage":0,"enemies":"Blue Slaver","floor":6,"turns":1},{"damage":30,"enemies":"Lagavulin","floor":8,"turns":8},{"damage":7,"enemies":"2 Fungi Beasts","floor":10,"turns":3},{"damage":12,"enemies":"Gremlin Gang","floor":12,"turns":4},{"damage":0,"enemies":"Exordium Thugs","floor":15,"turns":2},{"damage":33,"enemies":"downfall:Defect","floor":16,"turns":7}],"seed_played":"5941937852292059571","potions_obtained":[{"floor":2,"key":"GamblersBrew"},{"floor":3,"key":"AttackPotion"},{"floor":3,"key":"PowerPotion"},{"floor":3,"key":"Ancient Potion"},{"floor":9,"key":"LiquidBronze"},{"floor":9,"key":"Energy Potion"},{"floor":9,"key":"bronze:BuildAFunctionPotion"},{"floor":12,"key":"Strength Potion"}],"is_trial":false,"path_per_floor":["R","M","?","M","M","M","T","E","?","M","R","M","?","?","M","B"],"character_chosen":"THE_AUTOMATON","items_purchased":[],"campfire_rested":1,"item_purchase_floors":[],"current_hp_per_floor":[70,65,65,60,60,60,60,30,30,23,44,32,32,32,32,0,0],"gold":137,"neow_bonus":"THREE_RARE_CARDS","is_daily":false,"chose_seed":false,"campfire_upgraded":1,"win_rate":0.0,"timestamp":1609940351,"path_taken":["R","M","?","M","?","M","T","E","?","?","R","M","?","?","M","BOSS"],"items_purchased_type":[],"build_version":"2020-12-22","purchased_purges":0,"victory":false,"max_hp_per_floor":[70,70,70,70,70,70,70,70,70,70,70,70,70,60,60,60,60],"card_choices":[{"not_picked":["bronze:FindAndReplace","bronze:ThunderWave"],"picked":"bronze:AlphaBuild","floor":0},{"not_picked":["bronze:Allocate","bronze:FineTuning"],"picked":"bronze:DelayedGuard","floor":2},{"not_picked":["bronze:BitShift","bronze:DelayedGuard"],"picked":"bronze:Return","floor":4},{"not_picked":["bronze:Iterate","bronze:WhirlingStrike"],"picked":"bronze:Terminator","floor":5},{"not_picked":["bronze:OilSpill","bronze:Safeguard"],"picked":"bronze:GetLatest","floor":6},{"not_picked":["bronze:RecursiveStrike","bronze:Terminator"],"picked":"bronze:Verify","floor":8},{"not_picked":["bronze:DelayedSlice","bronze:CutThrough"],"picked":"bronze:ChosenStrike","floor":10},{"not_picked":["bronze:Overheat","bronze:Deprecate+1","bronze:BugBarrage"],"picked":"SKIP","floor":12},{"not_picked":["bronze:Turbo+1","bronze:DelayedSlice","bronze:Shell+1"],"picked":"SKIP","floor":15}],"player_experience":880645,"relics_obtained":[{"floor":7,"key":"Toxic Egg 2"},{"floor":8,"key":"Gremlin Horn"}],"event_choices":[{"damage_healed":0,"gold_gain":0,"player_choice":"Got Potions","damage_taken":0,"max_hp_gain":0,"max_hp_loss":0,"event_name":"Lab","floor":3,"gold_loss":0},{"cards_removed":["bronze:Strike"],"damage_healed":0,"gold_gain":0,"player_choice":"Card Removal","damage_taken":0,"max_hp_gain":0,"max_hp_loss":0,"event_name":"The Cleric","floor":13,"gold_loss":0}],"is_beta":false,"boss_relics":[],"items_purged_floors":[],"is_endless":false,"potions_floor_spawned":[2,6,12],"killed_by":"downfall:Defect","ascension_level":0}}