{"host":"raaimkojny05jekw","time":1609921250,"event":{"mods":["AchievementEnabler","BaseMod","Colored Map","Colored Powertips","DeckTracker","Minty Spire (QoL Compilation)","Quick Restart","Rare Cards Sparkle","everything is the same but u backflip on backflip"],"gold_per_floor":[119,133,133,149,163,163,177,177,177,188,188,188,188,218,218,292,292,304,333,28,48,48,48,48,48],"floor_reached":24,"playtime":901,"items_purged":["Strike_G"],"score":392,"play_id":"92a06224-d729-4c14-9e59-e6047fa0b9b2","local_time":"20210106172050","is_ascension_mode":true,"campfire_choices":[{"data":"Madness","floor":6,"key":"SMITH"},{"data":"Neutralize","floor":8,"key":"SMITH"},{"data":"Cloak And Dagger","floor":12,"key":"SMITH"},{"data":"Blade Dance","floor":15,"key":"SMITH"},{"floor":23,"key":"REST"}],"circlet_count":0,"master_deck":["AscendersBane","Strike_G","Strike_G","Strike_G","Strike_G","Defend_G","Defend_G","Defend_G","Defend_G","Defend_G","Survivor","Neutralize+1","Madness+1","Blade Dance+1","Blade Dance","Crippling Poison","Cloak And Dagger+1","Dagger Spray","Finisher","Tools of the Trade+1","Choke","Backflip","Deflect"],"relics":["Ring of the Snake","Blood Vial","Vajra","Frozen Egg 2","Cursed Key","Red Mask","HandDrill"],"acts_visited":["Exordium","TheCity"],"potions_floor_usage":[14,19,24],"damage_taken":[{"damage":1,"enemies":"2 Louse","floor":1,"turns":4},{"damage":5,"enemies":"Small Slimes","floor":2,"turns":4},{"damage":4,"enemies":"Jaw Worm","floor":4,"turns":4},{"damage":4,"enemies":"Looter","floor":5,"turns":4},{"damage":4,"enemies":"Blue Slaver","floor":7,"turns":4},{"damage":0,"enemies":"2 Fungi Beasts","floor":10,"turns":3},{"damage":5,"enemies":"Gremlin Nob","floor":14,"turns":3},{"damage":35,"enemies":"The Guardian","floor":16,"turns":16},{"damage":8,"enemies":"Shell Parasite","floor":18,"turns":5},{"damage":26,"enemies":"Masked Bandits","floor":19,"turns":5},{"damage":0,"enemies":"3 Byrds","floor":21,"turns":4},{"damage":27,"enemies":"Book of Stabbing","floor":24,"turns":4}],"seed_played":"1347816722699672646","potions_obtained":[{"floor":1,"key":"SpeedPotion"},{"floor":5,"key":"AttackPotion"},{"floor":21,"key":"Swift Potion"}],"is_trial":false,"path_per_floor":["M","M","?","M","M","R","M","R","T","M","?","R","?","E","R","B",null,"M","?","$","M","?","R","E"],"character_chosen":"THE_SILENT","items_purchased":["HandDrill","Backflip"],"campfire_rested":1,"item_purchase_floors":[20,20],"current_hp_per_floor":[58,53,53,49,45,45,41,41,41,43,43,43,38,35,35,2,50,44,20,20,22,4,25,0,0],"gold":48,"neow_bonus":"RANDOM_COLORLESS","is_daily":false,"chose_seed":false,"campfire_upgraded":4,"win_rate":0.0,"timestamp":1609921250,"path_taken":["M","M","?","M","M","R","M","R","T","M","?","R","?","E","R","BOSS","M","?","$","M","?","R","E"],"items_purchased_type":["Relic","Card"],"build_version":"2020-12-22","purchased_purges":1,"victory":false,"max_hp_per_floor":[66,66,66,66,66,66,66,66,66,66,66,66,66,66,66,66,66,66,66,66,66,71,71,71,71],"card_choices":[{"not_picked":["Dark Shackles","Mind Blast"],"picked":"Madness","floor":0},{"not_picked":["Acrobatics","Terror"],"picked":"Blade Dance","floor":1},{"not_picked":["Slice","Outmaneuver"],"picked":"Blade Dance","floor":2},{"not_picked":["Endless Agony","Reflex"],"picked":"Crippling Poison","floor":4},{"not_picked":["Caltrops","Choke"],"picked":"Cloak And Dagger","floor":5},{"not_picked":["Backflip","Dagger Throw"],"picked":"Dagger Spray","floor":7},{"not_picked":["Flying Knee","Dodge and Roll"],"picked":"Finisher","floor":10},{"not_picked":["Bane","Prepared","Slice"],"picked":"SKIP","floor":14},{"not_picked":["Adrenaline","Storm of Steel"],"picked":"Tools of the Trade+1","floor":16},{"not_picked":["Prepared","Dagger Throw","Deadly Poison"],"picked":"SKIP","floor":18},{"not_picked":["Bouncing Flask","Slice"],"picked":"Choke","floor":19},{"not_picked":["Slice","Dagger Throw"],"picked":"Deflect","floor":21}],"player_experience":722272,"relics_obtained":[{"floor":9,"key":"Blood Vial"},{"floor":14,"key":"Frozen Egg 2"},{"floor":19,"key":"Red Mask"}],"event_choices":[{"damage_healed":0,"gold_gain":0,"player_choice":"Ignored","damage_taken":0,"max_hp_gain":0,"max_hp_loss":0,"event_name":"Shining Light","floor":3,"gold_loss":0},{"damage_healed":0,"gold_gain":0,"player_choice":"Ignored","damage_taken":0,"max_hp_gain":0,"max_hp_loss":0,"event_name":"Liars Game","floor":11,"gold_loss":0},{"damage_healed":0,"gold_gain":0,"player_choice":"Success","damage_taken":5,"relics_obtained":["Vajra"],"max_hp_gain":0,"max_hp_loss":0,"event_name":"Scrap Ooze","floor":13,"gold_loss":0},{"damage_healed":0,"gold_gain":0,"player_choice":"Fought Bandits","damage_taken":0,"max_hp_gain":0,"max_hp_loss":0,"event_name":"Masked Bandits","floor":19,"gold_loss":0},{"damage_healed":0,"gold_gain":0,"player_choice":"Shed Blood","damage_taken":23,"max_hp_gain":5,"max_hp_loss":0,"event_name":"Forgotten Altar","floor":22,"gold_loss":0}],"is_beta":false,"boss_relics":[{"not_picked":["Astrolabe","Busted Crown"],"picked":"Cursed Key"}],"items_purged_floors":[20],"is_endless":false,"potions_floor_spawned":[1,5,7,21],"killed_by":"Book of Stabbing","ascension_level":20}}