{"host":"dmdprxj8bosbz96f","time":1609963567,"event":{"mods":["AchievementEnabler","BaseMod","Colored Map","DeckTracker","Minty Spire (QoL Compilation)","Permanent Neow","Quick Restart","SuperFastMode","everything is the same but u backflip on backflip"],"gold_per_floor":[109,109,174,194,194,194,227,5,79,129,141,154,215,235,235,340,340,357,59,109,159,287,287,301,331,343,373,397,558,632,663,675,790,802,828,487,585,660,710,730,730,798,824,834,850,578,598,611,611,611,611],"floor_reached":50,"playtime":1917,"items_purged":["Riddle With Holes","Tools of the Trade"],"score":520,"play_id":"f1252367-b785-4b57-a69c-ef07d68e90cc","local_time":"20210107050607","is_ascension_mode":false,"campfire_choices":[{"data":"Catalyst","floor":6.0,"key":"SMITH"},{"floor":15.0,"key":"REST"},{"data":"Crippling Poison","floor":23.0,"key":"SMITH"},{"floor":32.0,"key":"REST"},{"floor":41.0,"key":"REST"},{"floor":49,"key":"REST"}],"circlet_count":0,"master_deck":["Survivor","Neutralize","Malaise","Skewer","Storm of Steel","Well Laid Plans","Noxious Fumes","Backflip","Distraction","Dagger Spray","Acrobatics","Bouncing Flask","Catalyst+1","Deflect","Panache","Dagger Throw","Deadly Poison","PiercingWail","Prepared","Deadly Poison","Dagger Throw","Tactician","Crippling Poison+1","Decay","After Image","Dagger Throw+1","PiercingWail+1","Prepared+1","Deflect","Malaise","Backflip","Reflex","Dramatic Entrance","Eviscerate","Prepared","Deflect+1","Calculated Gamble","Footwork+1","Crippling Poison","Acrobatics","Tactician"],"relics":["Pandora\u0027s Box","SsserpentHead","Dream Catcher","Pear","Tiny Chest","HoveringKite","Snake Skull","Bottled Lightning","MawBank","Boot","Philosopher\u0027s Stone","Membership Card","Vajra","Incense Burner","Toy Ornithopter","MealTicket","Gambling Chip"],"acts_visited":["Exordium","TheCity","TheBeyond"],"potions_floor_usage":[45,47],"damage_taken":[{"damage":7.0,"enemies":"2 Louse","floor":1.0,"turns":2.0},{"damage":3.0,"enemies":"Cultist","floor":3.0,"turns":5.0},{"damage":3.0,"enemies":"Jaw Worm","floor":4.0,"turns":4.0},{"damage":17.0,"enemies":"Lagavulin","floor":7.0,"turns":5.0},{"damage":9.0,"enemies":"3 Louse","floor":11.0,"turns":3.0},{"damage":10.0,"enemies":"Lots of Slimes","floor":12.0,"turns":2.0},{"damage":7.0,"enemies":"2 Fungi Beasts","floor":13.0,"turns":3.0},{"damage":9.0,"enemies":"Blue Slaver","floor":14.0,"turns":2.0},{"damage":29.0,"enemies":"Hexaghost","floor":16.0,"turns":7.0},{"damage":2.0,"enemies":"Chosen","floor":18.0,"turns":4.0},{"damage":7.0,"enemies":"3 Byrds","floor":24.0,"turns":3.0},{"damage":55.0,"enemies":"Slavers","floor":25.0,"turns":5.0},{"damage":19.0,"enemies":"Snake Plant","floor":27.0,"turns":4.0},{"damage":12.0,"enemies":"Shelled Parasite and Fungi","floor":28.0,"turns":4.0},{"damage":6.0,"enemies":"Centurion and Healer","floor":30.0,"turns":5.0},{"damage":4.0,"enemies":"Cultist and Chosen","floor":31.0,"turns":4.0},{"damage":37.0,"enemies":"Champ","floor":33.0,"turns":11.0},{"damage":17.0,"enemies":"3 Darklings","floor":35.0,"turns":3.0},{"damage":45.0,"enemies":"2 Orb Walkers","floor":37.0,"turns":5.0},{"damage":11.0,"enemies":"Orb Walker","floor":40.0,"turns":3.0},{"damage":16.0,"enemies":"Maw","floor":42.0,"turns":5.0},{"damage":12.0,"enemies":"4 Shapes","floor":44.0,"turns":4.0},{"damage":16,"enemies":"Jaw Worm Horde","floor":45,"turns":4},{"damage":18,"enemies":"Sphere and 2 Shapes","floor":47,"turns":4},{"damage":9,"enemies":"Transient","floor":48,"turns":5},{"damage":32,"enemies":"Awakened One","floor":50,"turns":2}],"seed_played":"117371159217827957","potions_obtained":[{"floor":3.0,"key":"Strength Potion"},{"floor":7.0,"key":"PowerPotion"},{"floor":12.0,"key":"Swift Potion"},{"floor":13.0,"key":"LiquidBronze"},{"floor":21.0,"key":"Regen Potion"},{"floor":21.0,"key":"FairyPotion"},{"floor":21.0,"key":"CultistPotion"},{"floor":28.0,"key":"SteroidPotion"},{"floor":30.0,"key":"GamblersBrew"},{"floor":37.0,"key":"ColorlessPotion"},{"floor":40.0,"key":"Energy Potion"},{"floor":44.0,"key":"ColorlessPotion"}],"is_trial":false,"path_per_floor":["M","?","M","M","?","R","E","$","T","?","M","M","M","M","R","B",null,"M","$","?","?","T","R","M","E","T","M","M","?","M","M","R","B",null,"M","$","?","T","?","M","R","M","T","M","M","$","M","M","R","B"],"character_chosen":"THE_SILENT","items_purchased":["Panache","Dagger Throw","Crippling Poison","Snake Skull","Membership Card","Vajra","Regen Potion","SkillPotion","LiquidMemories","Reflex","LiquidBronze","Crippling Poison","Gambling Chip"],"campfire_rested":4,"item_purchase_floors":[8,8,19,19,36,36,36,36,36,36,46,46,46],"current_hp_per_floor":[63,63,60,57,57,57,40,40,50,50,41,31,24,15,39,10,80,78,78,78,78,78,78,71,16,16,9,24,24,18,14,38,1,80,63,63,30,30,30,24,48,37,37,25,14,29,16,7,31,0,0],"gold":611,"neow_bonus":"BOSS_RELIC","is_daily":false,"chose_seed":false,"campfire_upgraded":2,"win_rate":0.0,"timestamp":1609963567,"path_taken":["M","?","?","M","?","R","E","$","T","?","M","M","?","M","R","BOSS","M","$","?","?","?","R","M","E","T","M","M","?","?","M","R","BOSS","M","$","?","?","?","M","R","?","T","M","M","$","M","M","R","BOSS"],"items_purchased_type":["Card","Card","Card","Relic","Relic","Relic","Potion","Potion","Potion","Card","Potion","Card","Relic"],"build_version":"2020-12-22","purchased_purges":2,"victory":false,"max_hp_per_floor":[70,70,70,70,70,70,70,70,80,80,80,80,80,80,80,80,80,80,80,80,80,80,80,80,80,80,80,80,80,80,80,80,80,80,80,80,80,80,80,80,80,80,80,80,80,80,80,80,80,80,80],"card_choices":[{"not_picked":["Poisoned Stab","Deadly Poison"],"picked":"Acrobatics","floor":1.0},{"not_picked":["Acrobatics","Skewer"],"picked":"Bouncing Flask","floor":3.0},{"not_picked":["PiercingWail","Poisoned Stab"],"picked":"Catalyst","floor":4.0},{"not_picked":["Phantasmal Killer","Underhanded Strike"],"picked":"Deflect","floor":7.0},{"not_picked":["Distraction","Blur"],"picked":"Deadly Poison","floor":11.0},{"not_picked":["Dagger Spray","Dodge and Roll"],"picked":"PiercingWail","floor":12.0},{"not_picked":["Quick Slash","Cloak And Dagger"],"picked":"Prepared","floor":13.0},{"not_picked":["Flechettes","Outmaneuver"],"picked":"Deadly Poison","floor":14.0},{"not_picked":["Night Terror","Underhanded Strike"],"picked":"Dagger Throw","floor":15.0},{"not_picked":["Night Terror","Grand Finale"],"picked":"Tools of the Trade","floor":16.0},{"not_picked":["Flying Knee+1","Poisoned Stab"],"picked":"Tactician","floor":18.0},{"not_picked":["Slice+1","Blade Dance","Flying Knee"],"picked":"SKIP","floor":24.0},{"not_picked":["Well Laid Plans","Predator+1"],"picked":"After Image","floor":25.0},{"not_picked":["Cloak And Dagger","Skewer+1"],"picked":"Dagger Throw+1","floor":27.0},{"not_picked":["Choke+1","Tactician"],"picked":"PiercingWail+1","floor":28.0},{"not_picked":["Reflex","Acrobatics"],"picked":"Prepared+1","floor":30.0},{"not_picked":["Slice","Flying Knee+1","Blade Dance+1"],"picked":"SKIP","floor":31.0},{"not_picked":["Flying Knee","Slice+1"],"picked":"Deflect","floor":32.0},{"not_picked":["Grand Finale","Tools of the Trade"],"picked":"Malaise","floor":33.0},{"not_picked":["Terror","Underhanded Strike"],"picked":"Backflip","floor":35.0},{"not_picked":["Thinking Ahead","Master of Strategy"],"picked":"Dramatic Entrance","floor":39.0},{"not_picked":["Blade Dance+1","Deadly Poison"],"picked":"Eviscerate","floor":40.0},{"not_picked":["Outmaneuver+1","Masterful Stab+1"],"picked":"Prepared","floor":41.0},{"not_picked":["Dagger Spray+1","Backflip+1"],"picked":"Deflect+1","floor":42.0},{"not_picked":["Outmaneuver+1","Poisoned Stab"],"picked":"Calculated Gamble","floor":44.0},{"not_picked":["Night Terror","Dagger Throw"],"picked":"Footwork+1","floor":45},{"not_picked":["Flying Knee+1","Slice"],"picked":"Acrobatics","floor":47},{"not_picked":["Dagger Spray","Accuracy+1"],"picked":"Tactician","floor":48}],"player_experience":104281,"relics_obtained":[{"floor":7.0,"key":"Dream Catcher"},{"floor":9.0,"key":"Pear"},{"floor":22.0,"key":"Bottled Lightning"},{"floor":25.0,"key":"MawBank"},{"floor":26.0,"key":"Boot"},{"floor":37.0,"key":"Incense Burner"},{"floor":38.0,"key":"Toy Ornithopter"},{"floor":43.0,"key":"MealTicket"}],"event_choices":[{"damage_healed":0.0,"max_hp_gain":0.0,"max_hp_loss":0.0,"gold_gain":0.0,"event_name":"FaceTrader","player_choice":"Trade","floor":2.0,"gold_loss":0.0,"damage_taken":0.0,"relics_obtained":["SsserpentHead"]},{"cards_removed":["Predator"],"damage_healed":0.0,"max_hp_gain":0.0,"max_hp_loss":0.0,"gold_gain":0.0,"event_name":"The Cleric","player_choice":"Card Removal","floor":5.0,"gold_loss":50.0,"damage_taken":0.0},{"damage_healed":0.0,"max_hp_gain":0.0,"max_hp_loss":0.0,"gold_gain":0.0,"event_name":"WeMeetAgain","player_choice":"Gave Potion","floor":10.0,"gold_loss":0.0,"damage_taken":0.0,"relics_obtained":["Tiny Chest"]},{"damage_healed":0.0,"max_hp_gain":0.0,"max_hp_loss":0.0,"gold_gain":0.0,"event_name":"Forgotten Altar","player_choice":"Smashed Altar","floor":20.0,"gold_loss":0.0,"damage_taken":0.0,"cards_obtained":["Decay"]},{"damage_healed":0.0,"max_hp_gain":0.0,"max_hp_loss":0.0,"gold_gain":0.0,"event_name":"Lab","player_choice":"Got Potions","floor":21.0,"gold_loss":0.0,"damage_taken":0.0},{"damage_healed":0.0,"max_hp_gain":0.0,"max_hp_loss":0.0,"gold_gain":99.0,"event_name":"Nest","player_choice":"Stole From Cult","floor":29.0,"gold_loss":0.0,"damage_taken":0.0},{"damage_healed":0.0,"max_hp_gain":0.0,"max_hp_loss":0.0,"gold_gain":0.0,"event_name":"Mysterious Sphere","player_choice":"Fight","floor":37.0,"gold_loss":0.0,"damage_taken":0.0},{"damage_healed":0.0,"max_hp_gain":0.0,"max_hp_loss":0.0,"gold_gain":0.0,"event_name":"SensoryStone","player_choice":"Memory 1","floor":39.0,"gold_loss":0.0,"damage_taken":0.0}],"is_beta":false,"boss_relics":[{"not_picked":["Ectoplasm","WristBlade"],"picked":"HoveringKite"},{"not_picked":["Fusion Hammer","Runic Pyramid"],"picked":"Philosopher\u0027s Stone"}],"items_purged_floors":[19,46],"is_endless":false,"potions_floor_spawned":[3,7,12,13,25,28,30,37,40,44],"killed_by":"Awakened One","ascension_level":0}}