{"host":"baymyijz6sxaqj5s","time":1609951156,"event":{"mods":["AchievementEnabler","BaseMod","Colored Map","Colored Powertips","DeckTracker","Highlight Path","KOR Keyword Fix","Keyboard Shortcuts","Minty Spire (QoL Compilation)","Quick Restart","StSLib","SuperFastMode"],"gold_per_floor":[117,127,227,244,69,69,79,79,79,79,91,41,66,86,86,187,187,152,171,171,188,188,188],"floor_reached":22,"playtime":641,"items_purged":[],"score":205,"play_id":"94d5f132-9c4b-4e79-83e4-9be26219bbb2","local_time":"20210107013916","is_ascension_mode":true,"campfire_choices":[{"data":"Heavy Blade","floor":6,"key":"SMITH"},{"data":"Body Slam","floor":8,"key":"SMITH"},{"data":"Shrug It Off","floor":10,"key":"SMITH"},{"data":"Shrug It Off","floor":15,"key":"SMITH"}],"circlet_count":0,"master_deck":["Strike_R","Strike_R","Strike_R","Strike_R","Defend_R","Defend_R","Defend_R","Defend_R","Bash","Shrug It Off+1","Heavy Blade+1","Shrug It Off+1","Body Slam+1","Ghostly Armor","Impervious","Heavy Blade","Sword Boomerang+1","Body Slam"],"relics":["Black Blood","Oddly Smooth Stone","Ornamental Fan","Orichalcum","Lizard Tail"],"acts_visited":["Exordium","TheCity"],"potions_floor_usage":[16,16,16],"damage_taken":[{"damage":5,"enemies":"Jaw Worm","floor":1,"turns":5},{"damage":1,"enemies":"Cultist","floor":2,"turns":3},{"damage":6,"enemies":"2 Louse","floor":4,"turns":2},{"damage":7,"enemies":"Looter","floor":7,"turns":3},{"damage":6,"enemies":"2 Fungi Beasts","floor":11,"turns":4},{"damage":11,"enemies":"Red Slaver","floor":14,"turns":3},{"damage":45,"enemies":"Slime Boss","floor":16,"turns":26},{"damage":21,"enemies":"2 Thieves","floor":18,"turns":5},{"damage":13,"enemies":"3 Byrds","floor":19,"turns":10},{"damage":56,"enemies":"3 Cultists","floor":21,"turns":7},{"damage":27,"enemies":"Snake Plant","floor":22,"turns":7}],"seed_played":"5839727566032739184","potions_obtained":[{"floor":1,"key":"Fire Potion"},{"floor":4,"key":"HeartOfIron"},{"floor":14,"key":"Energy Potion"},{"floor":18,"key":"Block Potion"}],"is_trial":false,"path_per_floor":["M","M","?","M","$","R","M","R","T","R","M","?","T","M","R","B",null,"M","M","?","M","M"],"character_chosen":"IRONCLAD","items_purchased":["Oddly Smooth Stone","Shrug It Off"],"campfire_rested":0,"item_purchase_floors":[5,5],"current_hp_per_floor":[88,88,88,88,88,88,87,87,87,87,87,87,87,82,82,43,88,79,78,78,34,7,7],"gold":188,"neow_bonus":"TEN_PERCENT_HP_BONUS","is_daily":false,"chose_seed":false,"campfire_upgraded":4,"win_rate":0.0,"timestamp":1609951156,"path_taken":["M","M","?","M","?","R","M","R","T","R","M","?","?","M","R","BOSS","M","M","?","M","?"],"items_purchased_type":["Relic","Card"],"build_version":"2020-12-22","purchased_purges":0,"victory":false,"max_hp_per_floor":[88,88,88,88,88,88,88,88,88,88,88,88,88,88,88,88,88,88,88,88,88,88,88],"card_choices":[{"not_picked":["Clothesline","Reckless Charge"],"picked":"Shrug It Off","floor":1},{"not_picked":["Burning Pact","True Grit","Dark Embrace"],"picked":"SKIP","floor":2},{"not_picked":["Battle Trance","Shrug It Off"],"picked":"Heavy Blade","floor":4},{"not_picked":["Clothesline","Perfected Strike"],"picked":"Body Slam","floor":7},{"not_picked":["Rupture","Disarm","Sever Soul"],"picked":"SKIP","floor":11},{"not_picked":["Anger","Warcry"],"picked":"Ghostly Armor","floor":14},{"not_picked":["Immolate","Double Tap"],"picked":"Impervious","floor":16},{"not_picked":["Flex","Anger+1"],"picked":"Heavy Blade","floor":18},{"not_picked":["Feel No Pain","Cleave"],"picked":"Sword Boomerang+1","floor":19},{"not_picked":["Metallicize+1","Carnage"],"picked":"Body Slam","floor":21}],"player_experience":325011,"relics_obtained":[{"floor":9,"key":"Ornamental Fan"},{"floor":13,"key":"Orichalcum"}],"event_choices":[{"damage_healed":0,"gold_gain":100,"player_choice":"Pray","damage_taken":0,"max_hp_gain":0,"max_hp_loss":0,"event_name":"Golden Shrine","floor":3,"gold_loss":0},{"cards_removed":["Strike_R"],"damage_healed":0,"gold_gain":0,"player_choice":"Card Removal","damage_taken":0,"max_hp_gain":0,"max_hp_loss":0,"event_name":"The Cleric","floor":12,"gold_loss":50},{"damage_healed":0,"gold_gain":0,"player_choice":"Gave Potion","damage_taken":0,"relics_obtained":["Lizard Tail"],"max_hp_gain":0,"max_hp_loss":0,"event_name":"WeMeetAgain","floor":20,"gold_loss":0}],"is_beta":false,"boss_relics":[{"not_picked":["Pandora\u0027s Box","Runic Dome"],"picked":"Black Blood"}],"items_purged_floors":[],"is_endless":false,"potions_floor_spawned":[1,4,14,18],"killed_by":"Snake Plant","ascension_level":3}}