{"host":"9eiowk8mxro5m2sz","time":1609948867,"event":{"mods":["Act Like it!","Alarm Clock","Arknights The Spire","BaseMod","CapriCore","Decade(王小明)","Friendly Minions","Gensokyo","Kiyohime（清姬）","LagranYue(拉格朗・月)","Luminous","Minty Spire (QoL Compilation)","Prisma Mod","Quick Restart","Reimu（博丽灵梦）","Relic Stats","Replay The Spire","StSLib","The Alterego","The Immortal","The Servant 0.9.4","WarShipGirlsR/战舰少女R mod","Yakumo Yukari mod","Yohane!","Youmu（魂魄妖梦）","Yuri Mod","Yuyuko","【遗物卡牌】REMEMod"],"gold_per_floor":[110,140,65,79,91,24,52,52,79,79,132,143,143,157,157,552,552,564,564,51,95,95,129,158,158,158,158,90,117,117,130,130,235,235,454,454,282,309,321,353,380,380,461,461,461],"floor_reached":44,"playtime":1802,"items_purged":["ats:Strike V"],"score":603,"play_id":"5ea778a8-2138-4e0b-840d-e89d0e34c776","local_time":"20210107000107","daily_mods":["Heirloom","Time Dilation","Flight"],"is_ascension_mode":false,"campfire_choices":[{"floor":13.0,"key":"REST"},{"data":"ats:Composite Medical Shells","floor":25.0,"key":"SMITH"},{"data":"yuri:TeaSet","floor":27.0,"key":"SMITH"},{"data":"ats:Emotion Absorption","floor":32.0,"key":"SMITH"},{"data":"ats:Neurotoxin","floor":42,"key":"SMITH"}],"circlet_count":0,"master_deck":["ats:Strike C","ats:Strike S","ats:Armor Crushing Shot","ats:Defend+1","ats:Defend","ats:Defend","ats:Defend+1","ats:Emotion Absorption+1","yuri:TeaSet+1","ats:Powerful Strike","ats:Powerful Strike","ats:Part Time Job+1","ats:Explosion Area Strengthen","ats:Composite Medical Shells+1","ats:Roar Of Ursus+1","ats:Assault Order","ats:Nebulous Foxfire+1","ats:Closed Bolt Burst Fire","ats:Revitalization+1","ats:Healing Drone+1","ats:Volcano+1","ats:Demon Strength+1","ats:Neurotoxin+1","ats:Neurotoxin","ats:Shadow Raid","ats:Consecutive Shot Auto","ats:Nebulous Foxfire+1","Gensokyo:BlemishedSteel","Gensokyo:TarnishedGold"],"relics":["ats:Sanity Plus","REME_ComplimentaryCards","Replay:Kaleidoscope","ats:Originium","Tiny Chest","Regal Pillow","Bronze Scales","Golden Egg","REME_HandOfSuture","REME_DuelDisc","TentaclePot:ReiMu","REME_IWantAll","Gremlin Horn","Pear","PreservedInsect","Iron Hammer","Replay:Bottled Flurry","Orichalcum","Art of War","Replay:Grab Bag","Busted Crown","LagranYue:ContractPerformanceRelic","Gensokyo:EmptyGrave","Gremlin Food","Toy Ornithopter","Onion Ring","Sundial","Replay:Ringing Soul"],"acts_visited":["Exordium","Gensokyo:Gensokyo","Gensokyo:Gensokyoer"],"potions_floor_usage":[],"damage_taken":[{"damage":3.0,"enemies":"Gensokyo:3_Fairies","floor":1.0,"turns":4.0},{"damage":25.0,"enemies":"Gensokyo:Aya","floor":2.0,"turns":7.0},{"damage":5.0,"enemies":"Gensokyo:2_Kodama","floor":4.0,"turns":3.0},{"damage":0.0,"enemies":"Gensokyo:Python","floor":5.0,"turns":2.0},{"damage":13.0,"enemies":"Gensokyo:Mamizou","floor":7.0,"turns":11.0},{"damage":8.0,"enemies":"Gensokyo:3_Kodama","floor":12.0,"turns":3.0},{"damage":10.0,"enemies":"Gensokyo:2_Rabbits","floor":14.0,"turns":2.0},{"damage":24.0,"enemies":"Gensokyo:Yukari","floor":16.0,"turns":6.0},{"damage":0.0,"enemies":"Gensokyo:Chomper","floor":18.0,"turns":3.0},{"damage":12.0,"enemies":"Gensokyo:Reisen","floor":23.0,"turns":4.0},{"damage":39.0,"enemies":"Gensokyo:Tenshi","floor":24.0,"turns":4.0},{"damage":7.0,"enemies":"Gensokyo:Koishi","floor":29.0,"turns":4.0},{"damage":6.0,"enemies":"Gensokyo:3_Dogs","floor":31.0,"turns":3.0},{"damage":132.0,"enemies":"Gensokyo:Eiki","floor":33.0,"turns":15.0},{"damage":28.0,"enemies":"Gensokyo:AncientGuardian","floor":35.0,"turns":6.0},{"damage":18,"enemies":"Gensokyo:3_Boulders","floor":39,"turns":5},{"damage":24,"enemies":"Gensokyo:Kasen","floor":40,"turns":3},{"damage":37,"enemies":"Gensokyo:Doremy","floor":41,"turns":5},{"damage":64,"enemies":"Gensokyo:Sharpion","floor":44,"turns":4}],"seed_played":"8079524719786749788","potions_obtained":[{"floor":2.0,"key":"AttackPotion"},{"floor":4.0,"key":"Swift Potion"},{"floor":12.0,"key":"CultistPotion"},{"floor":16.0,"key":"SkillPotion"},{"floor":18.0,"key":"AttackPotion"},{"floor":21.0,"key":"GamblersBrew"},{"floor":35.0,"key":"ZuzhouPotion:ReiMu"}],"is_trial":true,"path_per_floor":["M","?","$","M","M","COS","E","?","T","?","T","M","R","M","R","B",null,"M","?","$","?","T","E","E","R","T","R","COS","E","?","M","R","B",null,"M","?","COS","T","M","E","E","R","T","M"],"character_chosen":"DOCTOR_CLASS","items_purchased":["TentaclePot:ReiMu","ats:Revitalization","REME_IWantAll"],"campfire_rested":1,"item_purchase_floors":[20,20,20],"current_hp_per_floor":[69,44,44,39,42,42,35,21,21,21,21,18,54,49,72,54,72,72,72,72,54,64,75,60,60,60,60,60,66,66,75,75,48,85,84,79,79,79,68,52,35,35,35,0,0],"gold":461,"neow_bonus":"","is_daily":false,"chose_seed":false,"campfire_upgraded":4,"win_rate":0.0,"timestamp":1609948867,"path_taken":["M","?","$","?","M","COS","E","?","T","?","?","?","R","M","R","BOSS","M","?","$","?","?","E","E","R","T","R","COS","E","?","?","R","BOSS","M","?","COS","?","M","E","E","R","T","?"],"items_purchased_type":["Relic","Card","Relic"],"build_version":"2020-12-22","purchased_purges":1,"victory":false,"max_hp_per_floor":[72,72,72,72,72,72,72,72,72,72,72,72,72,72,72,72,72,72,72,72,72,82,82,82,82,82,82,82,82,82,82,82,85,85,85,79,79,79,79,79,79,79,79,79,79],"relic_stats":{"Regal Pillow":17,"Busted Crown":8,"Gremlin Horn":[10,10],"counters":[19,93],"Sundial":[0],"Bronze Scales":[142],"Tiny Chest":3,"PreservedInsect":249,"Art of War":[10],"Orichalcum":[126],"obtain_stats":[{"Golden Egg":10,"Regal Pillow":7,"Gremlin Horn":21,"REME_DuelDisc":17,"REME_IWantAll":20,"Frozen Eye":29,"Replay:Ringing Soul":44,"Sundial":43,"Tiny Chest":2,"Iron Hammer":24,"Replay:Bottled Flurry":26,"ats:Sanity":0,"Gremlin Food":38,"Pear":22,"ats:Sanity Plus":34,"TentaclePot:ReiMu":20,"Replay:Grab Bag":34,"PreservedInsect":23,"Replay:Kaleidoscope":0,"Orichalcum":29,"Gensokyo:EmptyGrave":36,"LagranYue:ContractPerformanceRelic":34,"Busted Crown":34,"ats:Originium":2,"Bronze Scales":9,"Simple Rune":8,"Onion Ring":41,"REME_HandOfSuture":11,"Art of War":33,"Toy Ornithopter":40,"REME_ComplimentaryCards":0},{"Golden Egg":5,"Regal Pillow":5,"Gremlin Horn":9,"REME_DuelDisc":8,"REME_IWantAll":9,"Frozen Eye":11,"Replay:Ringing Soul":19,"Sundial":18,"Tiny Chest":2,"Iron Hammer":11,"Replay:Bottled Flurry":11,"ats:Sanity":0,"Gremlin Food":15,"Pear":9,"ats:Sanity Plus":14,"TentaclePot:ReiMu":9,"Replay:Grab Bag":14,"PreservedInsect":10,"Replay:Kaleidoscope":0,"Orichalcum":12,"Gensokyo:EmptyGrave":15,"LagranYue:ContractPerformanceRelic":14,"Busted Crown":14,"ats:Originium":2,"Bronze Scales":5,"Simple Rune":5,"Onion Ring":18,"REME_HandOfSuture":5,"Art of War":14,"Toy Ornithopter":17,"REME_ComplimentaryCards":0},{"Golden Egg":27,"Regal Pillow":27,"Gremlin Horn":41,"REME_DuelDisc":38,"REME_IWantAll":41,"Frozen Eye":49,"Replay:Ringing Soul":90,"Sundial":89,"Tiny Chest":11,"Iron Hammer":49,"Replay:Bottled Flurry":49,"ats:Sanity":0,"Gremlin Food":76,"Pear":41,"ats:Sanity Plus":70,"TentaclePot:ReiMu":41,"Replay:Grab Bag":70,"PreservedInsect":45,"Replay:Kaleidoscope":0,"Orichalcum":53,"Gensokyo:EmptyGrave":76,"LagranYue:ContractPerformanceRelic":70,"Busted Crown":70,"ats:Originium":11,"Bronze Scales":27,"Simple Rune":27,"Onion Ring":89,"REME_HandOfSuture":27,"Art of War":56,"Toy Ornithopter":84,"REME_ComplimentaryCards":0}],"Toy Ornithopter":0},"card_choices":[{"not_picked":["ats:Beaten Up","ats:Consecutive Shot Auto"],"picked":"ats:Powerful Strike","floor":1.0},{"not_picked":["ats:Steam Pump","ats:Durian"],"picked":"ats:Powerful Strike","floor":2.0},{"not_picked":["ats:Shell Defense","ats:Apocalypse"],"picked":"ats:Part Time Job","floor":4.0},{"not_picked":["ats:Ignite","ats:Blood Oath"],"picked":"ats:Explosion Area Strengthen","floor":5.0},{"not_picked":["ats:Thermite Blade","ats:Encircling Forest"],"picked":"ats:Composite Medical Shells","floor":7.0},{"not_picked":["ats:Wolf Pack","ats:Durian"],"picked":"ats:Roar Of Ursus","floor":12.0},{"not_picked":["ats:Poison Spread","ats:Flame Of Heaven"],"picked":"ats:Assault Order","floor":12.0},{"not_picked":["ats:LN2 Cannon","ats:Leaping Hammer","ats:Steam Pump"],"picked":"SKIP","floor":14.0},{"not_picked":["ats:Fractured Body","ats:Echo Reverb"],"picked":"ats:Nebulous Foxfire","floor":16.0},{"not_picked":["ats:Childhood Dance+1","ats:Leaping Hammer"],"picked":"ats:Closed Bolt Burst Fire","floor":18.0},{"not_picked":["ats:Explosion Area Strengthen","ats:Closed Bolt Burst Fire"],"picked":"ats:Healing Drone+1","floor":21.0},{"not_picked":["ats:Composite Medical Shells","ats:Consecutive Shot Auto"],"picked":"ats:Volcano","floor":23.0},{"not_picked":["ats:Curse Doll+1","ats:Cat Scratch+1"],"picked":"ats:Demon Strength+1","floor":24.0},{"not_picked":["ats:Hook Shot+1","ats:Chain Hook+1","ats:Powerful Strike"],"picked":"SKIP","floor":29.0},{"not_picked":["ats:Shadow Raid","ats:Consecutive Shot Auto"],"picked":"ats:Neurotoxin","floor":31.0},{"not_picked":["ats:Mental Burst","ats:Sunburst","ats:Hammer On"],"picked":"Singing Bowl","floor":33.0},{"not_picked":["ats:Echo Reverb","ats:Dogmatic Field"],"picked":"ats:Nebulous Foxfire","floor":33.0},{"not_picked":["ats:Flexible Camouflage+1"],"picked":"SKIP","floor":35.0},{"not_picked":["ats:Flexible Camouflage+1"],"picked":"SKIP","floor":39},{"not_picked":["ats:Hammer On"],"picked":"SKIP","floor":40},{"not_picked":["ats:Wolf Pack"],"picked":"SKIP","floor":41}],"player_experience":592357,"relics_obtained":[{"floor":2.0,"key":"ats:Originium"},{"floor":2.0,"key":"Tiny Chest"},{"floor":7.0,"key":"ats:Originium"},{"floor":7.0,"key":"Regal Pillow"},{"floor":9.0,"key":"Bronze Scales"},{"floor":11.0,"key":"REME_HandOfSuture"},{"floor":21.0,"key":"Gremlin Horn"},{"floor":22.0,"key":"Pear"},{"floor":23.0,"key":"ats:Originium"},{"floor":23.0,"key":"PreservedInsect"},{"floor":24.0,"key":"Iron Hammer"},{"floor":26.0,"key":"Replay:Bottled Flurry"},{"floor":29.0,"key":"Orichalcum"},{"floor":38.0,"key":"Gremlin Food"},{"floor":40,"key":"ats:Originium"},{"floor":40,"key":"Toy Ornithopter"},{"floor":41,"key":"Onion Ring"},{"floor":43,"key":"Sundial"}],"event_choices":[],"is_beta":false,"boss_relics":[{"not_picked":["Astrolabe","Runic Dome"],"picked":"REME_DuelDisc"},{"not_picked":["Snecko Eye","Kintsugi"],"picked":"Replay:Grab Bag"},{"not_picked":["Cursed Key","ChewingGum"],"picked":"Busted Crown"},{"not_picked":["Philosopher\u0027s Stone","Sozu"],"picked":"LagranYue:ContractPerformanceRelic"},{"not_picked":["Pandora\u0027s Box","Calling Bell"],"picked":"ats:Sanity Plus"}],"items_purged_floors":[3],"is_endless":false,"potions_floor_spawned":[2,4,12,16,18,31,35],"killed_by":"Gensokyo:Sharpion","ascension_level":0}}