{"host":"y3h3n3f7seyagppx","time":1609891819,"event":{"mods":["BaseMod","Colored Map","Colored Powertips","DeckTracker","Minty Spire (QoL Compilation)","Random Character Button","Rare Cards Sparkle","Relic Sorter","Relic Stats","StSLib"],"gold_per_floor":[112,112,112,29,49,84,84,109,109,138,152,168,168,178,178,255,255,273,224,239,255,180,180,180,180],"floor_reached":24,"playtime":3636,"items_purged":[],"score":436,"play_id":"aa4920f9-b847-498b-a6a4-7e9b89786c1c","local_time":"20210105191019","is_ascension_mode":true,"campfire_choices":[{"floor":7,"key":"REST"},{"data":"Sentinel","floor":13,"key":"SMITH"},{"data":"Battle Trance","floor":15,"key":"SMITH"},{"floor":23,"key":"REST"}],"circlet_count":0,"master_deck":["AscendersBane","Strike_R+1","Defend_R","Defend_R+1","Defend_R","Defend_R","Bash+1","Reckless Charge","Sentinel+1","Headbutt","Anger","Battle Trance+1","Power Through","Feed","Havoc+1","Clothesline+1"],"relics":["Burning Blood","Bottled Lightning","Oddly Smooth Stone","Akabeko","Blue Candle","Astrolabe"],"acts_visited":["Exordium","TheCity"],"potions_floor_usage":[8,10,16,21,24,24],"damage_taken":[{"damage":9,"enemies":"2 Louse","floor":1,"turns":2},{"damage":5,"enemies":"Small Slimes","floor":5,"turns":3},{"damage":22,"enemies":"Lagavulin","floor":6,"turns":6},{"damage":29,"enemies":"3 Sentries","floor":8,"turns":10},{"damage":21,"enemies":"Gremlin Nob","floor":10,"turns":4},{"damage":0,"enemies":"Jaw Worm","floor":11,"turns":4},{"damage":0,"enemies":"Exordium Wildlife","floor":12,"turns":2},{"damage":6,"enemies":"Large Slime","floor":14,"turns":4},{"damage":14,"enemies":"The Guardian","floor":16,"turns":12},{"damage":3,"enemies":"Chosen","floor":18,"turns":4},{"damage":7,"enemies":"2 Thieves","floor":19,"turns":5},{"damage":20,"enemies":"Snake Plant","floor":20,"turns":5},{"damage":28,"enemies":"3 Cultists","floor":21,"turns":6},{"damage":68,"enemies":"Gremlin Leader","floor":24,"turns":8}],"seed_played":"-3949905261569441070","potions_obtained":[{"floor":8,"key":"Weak Potion"},{"floor":10,"key":"HeartOfIron"},{"floor":11,"key":"CultistPotion"},{"floor":16,"key":"SpeedPotion"},{"floor":18,"key":"Energy Potion"},{"floor":21,"key":"BlessingOfTheForge"}],"is_trial":false,"path_per_floor":["M","?","?","$","M","E","R","E","T","E","M","M","R","M","R","B",null,"M","M","M","M","?","R","E"],"character_chosen":"IRONCLAD","items_purchased":["FearPotion","Headbutt"],"campfire_rested":2,"item_purchase_floors":[4,4],"current_hp_per_floor":[65,42,42,42,43,27,49,26,26,11,17,23,23,23,23,15,60,66,68,54,35,35,60,0,0],"gold":180,"neow_bonus":"UPGRADE_CARD","is_daily":false,"chose_seed":false,"campfire_upgraded":2,"win_rate":0.0,"timestamp":1609891819,"path_taken":["M","?","?","?","M","E","R","E","T","E","?","M","R","M","R","BOSS","M","M","M","M","?","R","E"],"items_purchased_type":["Potion","Card"],"build_version":"2020-12-22","purchased_purges":0,"victory":false,"max_hp_per_floor":[75,75,75,75,75,75,75,75,75,75,75,75,75,75,75,75,75,78,81,81,84,84,84,84,84],"relic_stats":{"counters":[14,75],"Blue Candle":[0],"Astrolabe":["Heavy Blade","Havoc","Clothesline"],"obtain_stats":[{"Blue Candle":10,"Astrolabe":17,"Oddly Smooth Stone":8,"Bottled Lightning":6,"Burning Blood":0,"Akabeko":9},{"Blue Candle":5,"Astrolabe":9,"Oddly Smooth Stone":4,"Bottled Lightning":3,"Burning Blood":0,"Akabeko":4},{"Blue Candle":25,"Astrolabe":47,"Oddly Smooth Stone":21,"Bottled Lightning":11,"Burning Blood":0,"Akabeko":21}],"Burning Blood":78},"card_choices":[{"not_picked":["Flex","Warcry","Reckless Charge"],"picked":"SKIP","floor":1},{"not_picked":["Flex","Warcry"],"picked":"Reckless Charge","floor":1},{"not_picked":["Twin Strike","Body Slam"],"picked":"Anger","floor":5},{"not_picked":["Thunderclap","Entrench","True Grit"],"picked":"SKIP","floor":6},{"not_picked":["Rampage","Dropkick","Clothesline"],"picked":"SKIP","floor":8},{"not_picked":["Twin Strike","Wild Strike","Brutality"],"picked":"SKIP","floor":10},{"not_picked":["Power Through","Combust"],"picked":"Battle Trance","floor":11},{"not_picked":["Reckless Charge","Pummel","Pommel Strike"],"picked":"SKIP","floor":12},{"not_picked":["Infernal Blade","Heavy Blade"],"picked":"Power Through","floor":14},{"not_picked":["Demon Form","Impervious"],"picked":"Feed","floor":16},{"not_picked":["Iron Wave","Anger","Perfected Strike"],"picked":"SKIP","floor":18},{"not_picked":["Cleave","Pommel Strike","Reckless Charge"],"picked":"SKIP","floor":19},{"not_picked":["Body Slam","Thunderclap","True Grit"],"picked":"SKIP","floor":20},{"not_picked":["Heavy Blade","Burning Pact","Ghostly Armor"],"picked":"SKIP","floor":21}],"player_experience":20373223,"relics_obtained":[{"floor":6,"key":"Bottled Lightning"},{"floor":8,"key":"Oddly Smooth Stone"},{"floor":9,"key":"Akabeko"},{"floor":10,"key":"Blue Candle"}],"event_choices":[{"damage_healed":0,"gold_gain":0,"player_choice":"Entered Light","damage_taken":23,"max_hp_gain":0,"max_hp_loss":0,"event_name":"Shining Light","floor":2,"gold_loss":0,"cards_upgraded":["Defend_R","Strike_R"]},{"damage_healed":0,"gold_gain":0,"cards_transformed":["Strike_R"],"player_choice":"Change","damage_taken":0,"max_hp_gain":0,"max_hp_loss":0,"event_name":"Living Wall","floor":3,"gold_loss":0,"cards_obtained":["Sentinel"]},{"cards_removed":["Heavy Blade"],"damage_healed":0,"gold_gain":0,"player_choice":"Gave Gold","damage_taken":0,"max_hp_gain":0,"max_hp_loss":0,"event_name":"Beggar","floor":22,"gold_loss":75}],"is_beta":false,"boss_relics":[{"not_picked":["SacredBark","Tiny House"],"picked":"Astrolabe"}],"items_purged_floors":[],"is_endless":false,"potions_floor_spawned":[8,10,11,16,18,21],"killed_by":"Gremlin Leader","ascension_level":20}}