{"host":"vbgsu3zpv6j9f5su","time":1609896344,"event":{"mods":["BaseMod","Block Reminder","Colored Powertips","DeckTracker","Minty Spire (QoL Compilation)","Quick Restart","StSLib"],"gold_per_floor":[119,119,136,155,171,198,41,41,41,41,41,73,89,106,106,206,206,191,91,91,91,91,91,91],"floor_reached":23,"playtime":913,"items_purged":["Strike_B","Strike_B"],"score":314,"play_id":"1164af8e-baa1-41ba-9aec-729b0e024f4d","local_time":"20210106022544","is_ascension_mode":true,"campfire_choices":[{"floor":8,"key":"REST"},{"floor":10,"key":"REST"},{"data":"Static Discharge","floor":15,"key":"SMITH"}],"circlet_count":0,"master_deck":["Strike_B","Strike_B","Defend_B","Defend_B","Defend_B","Defend_B","Zap+1","Dualcast","Panacea","Conserve Battery","Static Discharge+1","Coolheaded","Leap","Sunder","FTL","Leap","Ball Lightning","Meteor Strike"],"relics":["Cracked Core","Dream Catcher","Pear","Frozen Egg 2","Sozu","PreservedInsect"],"acts_visited":["Exordium","TheCity"],"potions_floor_usage":[12,13,23,23],"damage_taken":[{"damage":9,"enemies":"Small Slimes","floor":1,"turns":3},{"damage":2,"enemies":"Cultist","floor":3,"turns":5},{"damage":1,"enemies":"2 Louse","floor":4,"turns":2},{"damage":22,"enemies":"Exordium Wildlife","floor":5,"turns":5},{"damage":34,"enemies":"3 Sentries","floor":6,"turns":9},{"damage":2,"enemies":"Lagavulin","floor":12,"turns":7},{"damage":0,"enemies":"Lots of Slimes","floor":13,"turns":1},{"damage":4,"enemies":"Blue Slaver","floor":14,"turns":4},{"damage":14,"enemies":"The Guardian","floor":16,"turns":13},{"damage":11,"enemies":"2 Thieves","floor":18,"turns":4},{"damage":52,"enemies":"Gremlin Leader","floor":23,"turns":5}],"seed_played":"-7683265084929765755","potions_obtained":[{"floor":1,"key":"Swift Potion"},{"floor":5,"key":"PotionOfCapacity"},{"floor":12,"key":"PowerPotion"},{"floor":13,"key":"ColorlessPotion"}],"is_trial":false,"path_per_floor":["M","?","M","M","M","E","$","R","T","R","?","E","M","M","R","B",null,"M","$","T","$","?","E"],"character_chosen":"DEFECT","items_purchased":["FTL"],"campfire_rested":2,"item_purchase_floors":[7],"current_hp_per_floor":[59,64,62,61,39,5,5,29,39,66,66,64,64,60,60,46,79,68,68,68,68,50,0,0],"gold":91,"neow_bonus":"RANDOM_COLORLESS","is_daily":false,"chose_seed":false,"campfire_upgraded":1,"win_rate":0.0,"timestamp":1609896344,"path_taken":["M","?","M","M","M","E","$","R","T","R","?","E","M","?","R","BOSS","M","$","?","$","?","E"],"items_purchased_type":["Card"],"build_version":"2020-12-22","purchased_purges":2,"victory":false,"max_hp_per_floor":[75,80,80,80,80,80,80,80,90,90,90,90,90,90,90,90,90,90,90,90,90,95,95,95],"card_choices":[{"not_picked":["Impatience","Purity"],"picked":"Panacea","floor":0},{"not_picked":["Heatsinks","Ball Lightning"],"picked":"Conserve Battery","floor":1},{"not_picked":["Gash","Defragment"],"picked":"Static Discharge","floor":3},{"not_picked":["Recycle","Reinforced Body"],"picked":"Coolheaded","floor":4},{"not_picked":["Beam Cell","Turbo"],"picked":"Leap","floor":5},{"not_picked":["Core Surge","Hello World"],"picked":"Sunder","floor":6},{"not_picked":["Stack","Streamline"],"picked":"Leap","floor":8},{"not_picked":["White Noise","Capacitor+1"],"picked":"Ball Lightning","floor":12},{"not_picked":["Steam Power","Hologram","Loop+1"],"picked":"SKIP","floor":13},{"not_picked":["Rebound","Streamline","Cold Snap"],"picked":"SKIP","floor":14},{"not_picked":["Hyperbeam","Fission"],"picked":"Meteor Strike","floor":16},{"not_picked":["Gash","Barrage","Steam"],"picked":"SKIP","floor":18}],"player_experience":782000,"relics_obtained":[{"floor":6,"key":"Dream Catcher"},{"floor":9,"key":"Pear"},{"floor":12,"key":"Frozen Egg 2"},{"floor":20,"key":"PreservedInsect"}],"event_choices":[{"damage_healed":0,"gold_gain":0,"player_choice":"Donut","damage_taken":0,"max_hp_gain":5,"max_hp_loss":0,"event_name":"Big Fish","floor":2,"gold_loss":0},{"damage_healed":0,"gold_gain":0,"player_choice":"Forge","damage_taken":0,"max_hp_gain":0,"max_hp_loss":0,"event_name":"Accursed Blacksmith","floor":11,"gold_loss":0,"cards_upgraded":["Zap"]},{"damage_healed":0,"gold_gain":0,"player_choice":"Shed Blood","damage_taken":23,"max_hp_gain":5,"max_hp_loss":0,"event_name":"Forgotten Altar","floor":22,"gold_loss":0}],"is_beta":false,"boss_relics":[{"not_picked":["Inserter","Empty Cage"],"picked":"Sozu"}],"items_purged_floors":[7,19],"is_endless":false,"potions_floor_spawned":[1,5,12,13],"killed_by":"Gremlin Leader","ascension_level":9}}