{"host":"bydnmyvf669xu6ab","time":1609918276,"event":{"mods":["Aspiration","BaseMod","Better Note","BetterRewards","Colored Map","Colored Powertips","Minty Spire (QoL Compilation)","Rare Cards Sparkle","Relic Stats","Shop Mod","StSLib","SuperFastMode","Virulent Crown"],"gold_per_floor":[117,131,145,0,11,11,42,217,217,29,29,55,55,81,81,180,180,198,208,219,233,508,508,526,526,526,560,560,116,116,62,62,62,62],"floor_reached":33,"playtime":2101,"items_purged":[],"score":427,"play_id":"44e82e64-f8a0-4cfb-833a-606ab9230d4b","local_time":"20210105233116","is_ascension_mode":true,"campfire_choices":[{"data":"Accuracy","floor":6,"key":"SMITH"},{"data":"Blade Dance","floor":11,"key":"SMITH"},{"data":"Caltrops","floor":15,"key":"SMITH"},{"data":"Crippling Poison","floor":23,"key":"SMITH"},{"data":"Deadly Poison","floor":25,"key":"SMITH"},{"floor":30,"key":"RECALL"},{"data":"Calculated Gamble","floor":32,"key":"SMITH"}],"circlet_count":0,"master_deck":["Strike_G","Strike_G","Strike_G","Strike_G","Strike_G","Defend_G","Defend_G","Defend_G","Defend_G","Defend_G","Survivor","Neutralize","Enlightenment+1","Blade Dance+1","Caltrops+1","Dodge and Roll","Bane","Accuracy+1","Crippling Poison+1","Backflip","Deadly Poison+1","Doubt","Terror","Cloak And Dagger","Venomology","Prepared","Calculated Gamble+1","Regret","Deadly Poison+1","Well Laid Plans","Cloak And Dagger","Backflip","Poisoned Stab"],"relics":["Ring of the Snake","Meat on the Bone","Potion Belt","Happy Flower","Lee\u0027s Waffle","Bag of Preparation","Pear","Busted Crown","Gremlin Horn","Strawberry","TungstenRod"],"acts_visited":["Exordium","TheCity"],"potions_floor_usage":[7,12,19,20,21,24,27,27,27,33,33,33,33],"damage_taken":[{"damage":0,"enemies":"Cultist","floor":1,"turns":3},{"damage":0,"enemies":"Small Slimes","floor":2,"turns":4},{"damage":0,"enemies":"Jaw Worm","floor":3,"turns":4},{"damage":0,"enemies":"Blue Slaver","floor":5,"turns":3},{"damage":15,"enemies":"3 Sentries","floor":7,"turns":11},{"damage":6,"enemies":"Gremlin Nob","floor":12,"turns":3},{"damage":8,"enemies":"Lagavulin","floor":14,"turns":4},{"damage":24,"enemies":"The Guardian","floor":16,"turns":9},{"damage":2,"enemies":"Chosen","floor":18,"turns":4},{"damage":8,"enemies":"Shell Parasite","floor":19,"turns":6},{"damage":5,"enemies":"3 Cultists","floor":20,"turns":5},{"damage":11,"enemies":"Centurion and Healer","floor":21,"turns":6},{"damage":9,"enemies":"Snake Plant","floor":24,"turns":4},{"damage":19,"enemies":"Book of Stabbing","floor":27,"turns":4},{"damage":66,"enemies":"Collector","floor":33,"turns":6}],"seed_played":"8230133662547678656","potions_obtained":[{"floor":2,"key":"AttackPotion"},{"floor":12,"key":"LiquidBronze"},{"floor":16,"key":"LiquidMemories"},{"floor":18,"key":"Fire Potion"},{"floor":19,"key":"CunningPotion"},{"floor":27,"key":"Strength Potion"}],"is_trial":false,"path_per_floor":["M","M","M","$","M","R","E","?","T","$","R","E","?","E","R","B",null,"M","M","M","M","?","R","M","R","T","E","?","$","R","$","R","B"],"character_chosen":"THE_SILENT","items_purchased":["Meat on the Bone","Enlightenment","Blade Dance","Caltrops","Dodge and Roll","Bane","Regen Potion","Potion Belt","Lee\u0027s Waffle","Terror","Well Laid Plans","Cloak And Dagger","TungstenRod","Backflip","Poisoned Stab"],"campfire_rested":0,"item_purchase_floors":[0,0,0,0,0,0,0,4,10,10,29,29,29,29,31],"current_hp_per_floor":[49,49,49,49,49,49,49,49,49,77,77,71,71,73,73,49,87,85,77,72,61,61,61,52,52,52,52,52,52,52,52,52,0,0],"gold":62,"neow_bonus":"","is_daily":false,"chose_seed":false,"campfire_upgraded":6,"win_rate":0.0,"timestamp":1609918276,"path_taken":["M","M","M","$","?","R","E","?","T","$","R","E","?","E","R","BOSS","M","M","M","M","?","R","M","R","T","E","?","$","R","?","R","BOSS"],"items_purchased_type":["Relic","Card","Card","Card","Card","Card","Potion","Relic","Relic","Card","Card","Card","Relic","Card","Card"],"build_version":"2020-12-22","purchased_purges":0,"victory":false,"max_hp_per_floor":[70,70,70,70,70,70,70,70,70,77,77,77,77,87,87,87,87,87,87,87,87,87,87,87,87,87,94,94,94,94,94,94,94,94],"relic_stats":{"Lee\u0027s Waffle":28,"Busted Crown":12,"Happy Flower":[17],"Gremlin Horn":[6,6],"counters":[530,2698],"Bag of Preparation":[160],"obtain_stats":[{"TwistedFunnel":12,"Ginger":53,"Whetstone":54,"Bottled Tornado":26,"aspiration:RitualStick":19,"Old Coin":37,"Blood Vial":47,"Sundial":24,"MealTicket":0,"Kunai":0,"Pear":14,"GiantMaggot":0,"Blue Candle":34,"Pen Nib":25,"Paper Crane":0,"aspiration:FrozenJewel":12,"aspiration:IroncladSkillbook":34,"SlaversCollar":17,"Pandora\u0027s Box":17,"Unceasing Top":0,"Ring of the Serpent":17,"WizardHat":0,"Regal Pillow":14,"aspiration:Lifesprig":0,"Lantern":30,"Singing Bowl":0,"StoneCalendar":34,"Rawhide":40,"RoseTintedShades":43,"Bag of Preparation":0,"Ancient Tea Set":47,"Cursed Key":34,"Burning Blood":26,"WristBlade":34,"aspiration:FutureDiary":17,"Ring of the Snake":0,"aspiration:VileToxins":21,"Potion Belt":31,"Lee\u0027s Waffle":0,"CherryCoatedStake":0,"Golden Idol":13,"Thread and Needle":0,"PreservedInsect":9,"The Courier":3,"Omamori":0,"Busted Crown":17,"Ornamental Fan":10,"Orrery":0,"Turnip":30,"SpikesRelics:DaevaFist":0,"Art of War":45,"Bottled Lightning":9,"Ice Cream":14,"Calipers":27,"Gremlin Horn":9,"Vajra":34,"Centennial Puzzle":54,"HornCleat":41,"SpikesRelics:ToyHorsey":48,"DollysMirror":53,"Strawberry":23,"Philosopher\u0027s Stone":17,"Toxic Egg 2":2,"LugNut":0,"Girya":14,"Happy Flower":7,"aspiration:Nostalgia":5,"Dead Branch":37,"Oddly Smooth Stone":37,"aspiration:SeaSaltIceCream":26,"BlackRope":17,"War Paint":53,"Question Card":12,"Shuriken":0,"Bronze Scales":5,"Molten Egg 2":43,"CosmicIsotope":34,"Pocketwatch":41,"Meat on the Bone":22,"Darkstone Periapt":22,"SnailShell":43,"RetroEgg":23,"SacredBark":34,"Snake Skull":22,"Juzu Bracelet":0,"Incense Burner":40,"PrismaticShard":25,"ClockworkSouvenir":0,"aspiration:StickyExplosives_weak":7,"Nunchaku":10,"Tough Bandages":11,"Dream Catcher":21,"aspiration:DefectSkillbook":17,"Gambling Chip":9,"Pantograph":48,"RollingBoulder":26,"Red Mask":21,"Cracked Core":22,"Runic Pyramid":34,"aspiration:HummingbirdHeart":38,"ToxicTincture":0,"aspiration:SecretTechniqueScroll":17,"Odd Mushroom":8,"Orichalcum":12,"White Beast Statue":54,"Mercury Hourglass":29,"Calling Bell":34,"Peace Pipe":29,"Strange Spoon":0,"Anchor":26,"CaptainsWheel":0,"Bag of Marbles":7,"aspiration:RitualDagger":34,"Membership Card":0,"PureWater":5,"FossilizedHelix":53,"TungstenRod":29},{"TwistedFunnel":502,"Ginger":315,"Whetstone":337,"Bottled Tornado":488,"aspiration:RitualStick":393,"Old Coin":308,"Blood Vial":359,"Sundial":299,"MealTicket":338,"Kunai":316,"Pear":522,"GiantMaggot":362,"Blue Candle":305,"Pen Nib":300,"Paper Crane":409,"aspiration:FrozenJewel":286,"aspiration:IroncladSkillbook":399,"SlaversCollar":415,"Pandora\u0027s Box":392,"Unceasing Top":428,"Ring of the Serpent":440,"WizardHat":338,"Regal Pillow":369,"aspiration:Lifesprig":475,"Lantern":511,"Singing Bowl":316,"StoneCalendar":305,"Rawhide":333,"RoseTintedShades":333,"Bag of Preparation":495,"Ancient Tea Set":313,"Cursed Key":512,"Burning Blood":300,"WristBlade":491,"aspiration:FutureDiary":276,"Ring of the Snake":0,"aspiration:VileToxins":348,"Potion Belt":398,"Lee\u0027s Waffle":362,"CherryCoatedStake":362,"Golden Idol":286,"Thread and Needle":316,"PreservedInsect":294,"The Courier":430,"Omamori":338,"Busted Crown":523,"Ornamental Fan":343,"Orrery":362,"Turnip":378,"SpikesRelics:DaevaFist":288,"Art of War":333,"Bottled Lightning":320,"Ice Cream":345,"Calipers":462,"Gremlin Horn":285,"Vajra":305,"Centennial Puzzle":408,"HornCleat":311,"SpikesRelics:ToyHorsey":359,"DollysMirror":315,"Strawberry":299,"Philosopher\u0027s Stone":346,"Toxic Egg 2":270,"LugNut":281,"Girya":483,"Happy Flower":520,"aspiration:Nostalgia":431,"Dead Branch":381,"Oddly Smooth Stone":381,"aspiration:SeaSaltIceCream":300,"BlackRope":323,"War Paint":336,"Question Card":390,"Shuriken":316,"Bronze Scales":431,"Molten Egg 2":405,"CosmicIsotope":421,"Pocketwatch":383,"Meat on the Bone":459,"Darkstone Periapt":373,"SnailShell":383,"RetroEgg":349,"SacredBark":353,"Snake Skull":348,"Juzu Bracelet":386,"Incense Burner":472,"PrismaticShard":349,"ClockworkSouvenir":316,"aspiration:StickyExplosives_weak":320,"Nunchaku":321,"Tough Bandages":368,"Dream Catcher":416,"aspiration:DefectSkillbook":295,"Gambling Chip":367,"Pantograph":474,"RollingBoulder":395,"Red Mask":326,"Cracked Core":486,"Runic Pyramid":380,"aspiration:HummingbirdHeart":355,"ToxicTincture":338,"aspiration:SecretTechniqueScroll":370,"Odd Mushroom":436,"Orichalcum":438,"White Beast Statue":427,"Mercury Hourglass":465,"Calling Bell":305,"Peace Pipe":465,"Strange Spoon":409,"Anchor":327,"CaptainsWheel":338,"Bag of Marbles":293,"aspiration:RitualDagger":330,"Membership Card":428,"PureWater":431,"FossilizedHelix":315,"TungstenRod":529},{"TwistedFunnel":2560,"Ginger":1583,"Whetstone":1730,"Bottled Tornado":2501,"aspiration:RitualStick":2048,"Old Coin":1539,"Blood Vial":1863,"Sundial":1486,"MealTicket":1739,"Kunai":1588,"Pear":2654,"GiantMaggot":1891,"Blue Candle":1523,"Pen Nib":1490,"Paper Crane":2130,"aspiration:FrozenJewel":1413,"aspiration:IroncladSkillbook":2076,"SlaversCollar":2161,"Pandora\u0027s Box":2045,"Unceasing Top":2239,"Ring of the Serpent":2294,"WizardHat":1739,"Regal Pillow":1919,"aspiration:Lifesprig":2443,"Lantern":2599,"Singing Bowl":1588,"StoneCalendar":1523,"Rawhide":1694,"RoseTintedShades":1694,"Bag of Preparation":2534,"Ancient Tea Set":1567,"Cursed Key":2609,"Burning Blood":1490,"WristBlade":2517,"aspiration:FutureDiary":1382,"Ring of the Snake":0,"aspiration:VileToxins":1793,"Potion Belt":2068,"Lee\u0027s Waffle":1891,"CherryCoatedStake":1891,"Golden Idol":1413,"Thread and Needle":1588,"PreservedInsect":1457,"The Courier":2244,"Omamori":1739,"Busted Crown":2663,"Ornamental Fan":1765,"Orrery":1891,"Turnip":1966,"SpikesRelics:DaevaFist":1428,"Art of War":1694,"Bottled Lightning":1613,"Ice Cream":1775,"Calipers":2387,"Gremlin Horn":1411,"Vajra":1523,"Centennial Puzzle":2122,"HornCleat":1553,"SpikesRelics:ToyHorsey":1863,"DollysMirror":1583,"Strawberry":1486,"Philosopher\u0027s Stone":1784,"Toxic Egg 2":1357,"LugNut":1398,"Girya":2475,"Happy Flower":2647,"aspiration:Nostalgia":2248,"Dead Branch":1981,"Oddly Smooth Stone":1981,"aspiration:SeaSaltIceCream":1490,"BlackRope":1636,"War Paint":1722,"Question Card":2033,"Shuriken":1588,"Bronze Scales":2248,"Molten Egg 2":2099,"CosmicIsotope":2196,"Pocketwatch":1992,"Meat on the Bone":2369,"Darkstone Periapt":1937,"SnailShell":1992,"RetroEgg":1800,"SacredBark":1828,"Snake Skull":1793,"Juzu Bracelet":2013,"Incense Burner":2427,"PrismaticShard":1800,"ClockworkSouvenir":1588,"aspiration:StickyExplosives_weak":1613,"Nunchaku":1619,"Tough Bandages":1912,"Dream Catcher":2166,"aspiration:DefectSkillbook":1466,"Gambling Chip":1908,"Pantograph":2436,"RollingBoulder":2057,"Red Mask":1654,"Cracked Core":2490,"Runic Pyramid":1978,"aspiration:HummingbirdHeart":1839,"ToxicTincture":1739,"aspiration:SecretTechniqueScroll":1926,"Odd Mushroom":2272,"Orichalcum":2282,"White Beast Statue":2231,"Mercury Hourglass":2400,"Calling Bell":1523,"Peace Pipe":2400,"Strange Spoon":2130,"Anchor":1659,"CaptainsWheel":1739,"Bag of Marbles":1452,"aspiration:RitualDagger":1679,"Membership Card":2239,"PureWater":2248,"FossilizedHelix":1583,"TungstenRod":2692}],"TungstenRod":5,"Ring of the Snake":[110],"Meat on the Bone":12},"card_choices":[{"not_picked":["Underhanded Strike","Deflect"],"picked":"Accuracy","floor":1},{"not_picked":["Slice","Finisher"],"picked":"Crippling Poison","floor":2},{"not_picked":["Slice","Outmaneuver","Tactician"],"picked":"SKIP","floor":3},{"not_picked":["Dagger Spray","Outmaneuver"],"picked":"Backflip","floor":5},{"not_picked":["Well Laid Plans","Slice"],"picked":"Deadly Poison","floor":7},{"not_picked":["Endless Agony","Skewer","Doppelganger"],"picked":"SKIP","floor":12},{"not_picked":["Outmaneuver","Deflect"],"picked":"Cloak And Dagger","floor":14},{"not_picked":["Tools of the Trade","Malaise"],"picked":"Venomology","floor":16},{"not_picked":[],"picked":"Prepared","floor":18},{"not_picked":[],"picked":"Calculated Gamble","floor":19},{"not_picked":["Masterful Stab"],"picked":"SKIP","floor":20},{"not_picked":["Flechettes"],"picked":"SKIP","floor":21},{"not_picked":["Finisher"],"picked":"SKIP","floor":24},{"not_picked":[],"picked":"Deadly Poison+1","floor":27}],"player_experience":2175984,"relics_obtained":[{"floor":7,"key":"Happy Flower"},{"floor":12,"key":"Bag of Preparation"},{"floor":14,"key":"Pear"},{"floor":26,"key":"Gremlin Horn"},{"floor":27,"key":"Strawberry"}],"event_choices":[{"damage_healed":0,"gold_gain":175,"player_choice":"AGREE","damage_taken":0,"max_hp_gain":0,"max_hp_loss":0,"event_name":"Liars Game","floor":8,"gold_loss":0,"cards_obtained":["Doubt"]},{"damage_healed":0,"gold_gain":0,"player_choice":"Grow","damage_taken":0,"max_hp_gain":0,"max_hp_loss":0,"event_name":"Living Wall","floor":13,"gold_loss":0,"cards_upgraded":["Enlightenment"]},{"damage_healed":0,"gold_gain":275,"player_choice":"Desecrate","damage_taken":0,"max_hp_gain":0,"max_hp_loss":0,"event_name":"Golden Shrine","floor":22,"gold_loss":0,"cards_obtained":["Regret"]},{"damage_healed":0,"gold_gain":0,"player_choice":"Bought 0 Potions","damage_taken":0,"max_hp_gain":0,"max_hp_loss":0,"event_name":"The Woman in Blue","floor":28,"gold_loss":0}],"is_beta":false,"boss_relics":[{"not_picked":["SacredBark","Runic Pyramid"],"picked":"Busted Crown"}],"items_purged_floors":[],"is_endless":false,"potions_floor_spawned":[2,12,16,18,19,27],"killed_by":"Collector","ascension_level":1}}