{"host":"vknm03unwrfz4wfe","time":1609939314,"event":{"mods":["Act Like it!","BaseMod","CapriCore","Downfall","Friendly Minions","Lobotomy","Minty Spire (QoL Compilation)","Prisma Mod","Reimu¡]³Õ???¡^","Remilia¡]Á¢¦Ì²ú?¡^","StSLib","SuperFastMode","The Animator","The Cursed","The Hayseed","The Runesmith","The Servant 0.9.4","WarShipGirlsR/??¤Ö¤kR mod","Yakumo Yukari mod","Yuyuko"],"gold_per_floor":[133,133,151,151,151,179,196,216,216,242,252,271,291,5,5,107,107,124,46,46,57,57,57],"floor_reached":22,"playtime":1275,"items_purged":[],"score":198,"play_id":"9faa0b38-aa02-427a-af0b-ae71a166bbb0","local_time":"20210106212154","is_ascension_mode":false,"campfire_choices":[{"floor":15,"key":"REST"}],"circlet_count":0,"master_deck":["AT_purpleEX","AT_purpleEX","AT_purpleEX","Defend_purpleEX","Defend_purpleEX","Defend_purpleEX","Defend_purpleEX","Observe_purple_1","Observe_purple_2","Charmbait_purple","OpenedBox_purple","SharpContractionReality_purple","Charmbait_purple","Fantasy_PerpetualMotionMachine_purple","WingOfChimera_purple","SharpContractionReality_purple","WorldDissolvedintheRealm_purple","MonsterNeedle_purple","Boundary_ObjectiveBoundary_purple","WangLiang_LineAndCurveDreams_purple+1","CurseOfTheBell","DimensionStaggered_purple","Fantasy_PerpetualMotionMachine_purple+1","WingOfChimera_purple"],"relics":["Boundary_crack","Memoryfragments_purpleEX","Centennial Puzzle","Ornamental Fan","Nunchaku","ScarletDevilRocket","Frozen Egg 2","Calling Bell","Strawberry","Runesmith:Nanobots","PureWhite:ReiMu","Calipers"],"acts_visited":["Exordium","TheCity"],"potions_floor_usage":[12,12,16],"damage_taken":[{"damage":3,"enemies":"Jaw Worm","floor":1,"turns":4},{"damage":6,"enemies":"Cultist","floor":3,"turns":3},{"damage":33,"enemies":"3 Sentries","floor":6,"turns":11},{"damage":0,"enemies":"Small Slimes","floor":7,"turns":3},{"damage":1,"enemies":"Blue Slaver","floor":8,"turns":3},{"damage":17,"enemies":"Lagavulin","floor":10,"turns":7},{"damage":4,"enemies":"Exordium Thugs","floor":11,"turns":4},{"damage":0,"enemies":"Lots of Slimes","floor":12,"turns":5},{"damage":0,"enemies":"Blue Slaver","floor":13,"turns":3},{"damage":39,"enemies":"Hexaghost","floor":16,"turns":12},{"damage":25,"enemies":"Spheric Guardian","floor":18,"turns":8},{"damage":5,"enemies":"Shell Parasite","floor":21,"turns":6},{"damage":49,"enemies":"Cultist and Chosen","floor":22,"turns":8}],"seed_played":"8884286523077631391","potions_obtained":[{"floor":3,"key":"Ancient Potion"},{"floor":6,"key":"Regen Potion"},{"floor":8,"key":"champ:CounterPotion"},{"floor":11,"key":"Fire Potion"},{"floor":13,"key":"Guardian:BlockOnCardUsePotion"},{"floor":18,"key":"Block Potion"}],"is_trial":false,"path_per_floor":["M","?","M","?","T","E","M","M","T","E","M","M","M","$","R","B",null,"M","$","?","M","M"],"character_chosen":"Youkari","items_purchased":["Frozen Egg 2","Boundary_ObjectiveBoundary_purple","Fantasy_PerpetualMotionMachine_purple+1"],"campfire_rested":1,"item_purchase_floors":[14,14,19],"current_hp_per_floor":[68,68,63,63,63,31,31,30,30,14,10,26,26,26,47,8,77,52,52,52,47,0,0],"gold":57,"neow_bonus":"RANDOM_COMMON_RELIC","is_daily":false,"chose_seed":false,"campfire_upgraded":0,"win_rate":0.0,"timestamp":1609939314,"path_taken":["M","?","?","?","?","E","M","M","T","E","M","M","M","$","R","BOSS","M","$","?","?","M"],"items_purchased_type":["Relic","Card","Card"],"build_version":"2020-12-22","purchased_purges":0,"victory":false,"max_hp_per_floor":[70,70,70,70,70,70,70,70,70,70,70,70,70,70,70,70,77,77,77,77,77,77,77],"card_choices":[{"not_picked":["DimensionStaggered_purple","Boundary_LightAndDark_purple"],"picked":"Charmbait_purple","floor":1},{"not_picked":["SharpContractionReality_purple","RuptureOfTimeAndSpace_purple"],"picked":"OpenedBox_purple","floor":3},{"not_picked":["Photoelasticity_Doppler_Effect_purple","MeetDecomposer_purple"],"picked":"SharpContractionReality_purple","floor":6},{"not_picked":["Line_surface_state_purple","MeetDecomposer_purple"],"picked":"Charmbait_purple","floor":7},{"not_picked":["RuleDissolution_purple","Extrememeaning_purpleEX"],"picked":"Fantasy_PerpetualMotionMachine_purple","floor":8},{"not_picked":["Worldmountain_purple","Realm_recovery_purpleEX"],"picked":"WingOfChimera_purple","floor":10},{"not_picked":["Umbrella_purple","Mirror_FormAndEmptin_purple"],"picked":"SharpContractionReality_purple","floor":11},{"not_picked":["WingOfChimera_purple","UniverseChoice_purple"],"picked":"WorldDissolvedintheRealm_purple","floor":12},{"not_picked":["AdvanceAttack_purple","Umbrella_purple"],"picked":"MonsterNeedle_purple","floor":13},{"not_picked":["Mirror_TwoAndThreeElementRealm_purple","WasteWire_Metro_purple"],"picked":"WangLiang_LineAndCurveDreams_purple+1","floor":16},{"not_picked":["SfantasyHide_purple","Extrememeaning_purpleEX"],"picked":"DimensionStaggered_purple","floor":18},{"not_picked":["SharpContractionReality_purple","Yakumo_Ran_purple"],"picked":"WingOfChimera_purple","floor":21}],"player_experience":231780,"relics_obtained":[{"floor":5,"key":"Ornamental Fan"},{"floor":6,"key":"Nunchaku"},{"floor":10,"key":"ScarletDevilRocket"},{"floor":17,"key":"Strawberry"},{"floor":17,"key":"Runesmith:Nanobots"},{"floor":17,"key":"PureWhite:ReiMu"}],"event_choices":[{"cards_removed":["AT_purpleEX"],"damage_healed":0,"gold_gain":0,"player_choice":"Offered Basic","damage_taken":0,"max_hp_gain":0,"max_hp_loss":0,"event_name":"Bonfire Elementals","floor":2,"gold_loss":0},{"damage_healed":0,"gold_gain":0,"player_choice":"Ignored","damage_taken":0,"max_hp_gain":0,"max_hp_loss":0,"event_name":"Golden Wing","floor":4,"gold_loss":0},{"damage_healed":0,"gold_gain":0,"player_choice":"Gave Potion","damage_taken":0,"relics_obtained":["Calipers"],"max_hp_gain":0,"max_hp_loss":0,"event_name":"WeMeetAgain","floor":20,"gold_loss":0}],"is_beta":false,"boss_relics":[{"not_picked":["RedLine:ReiMu","Velvet Choker"],"picked":"Calling Bell"}],"items_purged_floors":[],"is_endless":false,"potions_floor_spawned":[3,6,8,11,13,18],"killed_by":"Cultist and Chosen","ascension_level":0}}