{"host":"9616p6fq555p3lhn","time":1609912648,"event":{"mods":["Act Like it!","BaseMod","Gensokyo","Koishi","Luminous","Marisa£®ÏF”Í°°ƒß¿Ì…≥£©","Minty Spire (QoL Compilation)","Replay The Spire","StSLib","The Servant 0.9.4","Waifu the Spire","Yakumo Yukari mod","Yuyuko","vexMod","°æ“≈ŒÔø®≈∆°øREMEMod"],"gold_per_floor":[113,124,139,150,1,1,36,36,90,90,90],"floor_reached":10,"playtime":424,"items_purged":[],"score":110,"play_id":"cde838b5-73bd-4c72-93ef-d353d5c0a88a","local_time":"20210106135728","is_ascension_mode":true,"campfire_choices":[{"data":"FastForward","floor":6,"key":"SMITH"}],"circlet_count":0,"master_deck":["Strike_S","Strike_S","Strike_S","Strike_S","Defend_S","Defend_S","Defend_S","Defend_S","KidneyShot","Exchange","Contraction","FastForward+1","Hightail","FastForward"],"relics":["Uniform","REME_ComplimentaryCards","NeowsBlessing","vexMod:Spyglass","vexMod:MemoryStick","Replay:Wax Seal"],"acts_visited":["Gensokyo:Gensokyo"],"potions_floor_usage":[7],"damage_taken":[{"damage":0,"enemies":"Gensokyo:Python","floor":1,"turns":1},{"damage":0,"enemies":"Gensokyo:2_Kodama","floor":2,"turns":1},{"damage":0,"enemies":"Gensokyo:Gryphon","floor":3,"turns":1},{"damage":23,"enemies":"Gensokyo:Python_and_Kodama","floor":4,"turns":7},{"damage":0,"enemies":"Gensokyo:Mamizou","floor":7,"turns":17},{"damage":0,"enemies":"Gensokyo:Cirno","floor":10,"turns":1}],"seed_played":"5747284054171025911","potions_obtained":[{"floor":1,"key":"GamblersBrew"},{"floor":2,"key":"Adrenaline Potion"}],"is_trial":false,"path_per_floor":["M","M","M","M","$","R","E","$","T","E"],"character_chosen":"THE_SERVANT","items_purchased":["vexMod:Spyglass"],"campfire_rested":0,"item_purchase_floors":[5],"current_hp_per_floor":[65,65,65,42,42,42,42,42,42,42,42],"gold":90,"neow_bonus":"THREE_ENEMY_KILL","is_daily":false,"chose_seed":false,"campfire_upgraded":1,"win_rate":0.0,"timestamp":1609912648,"path_taken":["M","M","M","M","$","R","E","?","T","E"],"items_purchased_type":["Relic"],"build_version":"2020-12-22","purchased_purges":0,"victory":false,"max_hp_per_floor":[65,65,65,65,65,65,65,65,65,65,65],"card_choices":[{"not_picked":["Defy","Rewind","StarChef"],"picked":"SKIP","floor":1},{"not_picked":["Alleviate","Rewind"],"picked":"Contraction","floor":2},{"not_picked":["Read","Rearm"],"picked":"FastForward","floor":3},{"not_picked":["Defy","FanOfKnives"],"picked":"Hightail","floor":4},{"not_picked":["WasteNot","Alleviate"],"picked":"FastForward","floor":7}],"player_experience":40741,"relics_obtained":[{"floor":7,"key":"vexMod:MemoryStick"},{"floor":9,"key":"Replay:Wax Seal"}],"event_choices":[],"is_beta":false,"boss_relics":[],"items_purged_floors":[],"is_endless":false,"potions_floor_spawned":[1,2],"killed_by":"Gensokyo:Cirno","ascension_level":4}}