{"host":"i0boqj7z83tzxoi1","time":1609943304,"event":{"mods":["BaseMod","Minty Spire (QoL Compilation)","Replay The Spire","StSLib","The Construct"],"gold_per_floor":[211,211,227,149,159,190,190,190,213,233,233,233],"floor_reached":11,"playtime":720,"items_purged":[],"score":73,"play_id":"40fcc669-e668-44ae-b8c0-873a7bd43bdf","local_time":"20210106222824","is_ascension_mode":false,"campfire_choices":[{"floor":8,"key":"REST"}],"circlet_count":0,"master_deck":["construct:Strike_Gold","construct:Strike_Gold","construct:Strike_Gold","construct:Strike_Gold","construct:Strike_Gold","construct:Defend_Gold","construct:Defend_Gold","construct:Defend_Gold","construct:Defend_Gold","construct:Defend_Gold","construct:AttackMode","construct:DefenseMode","construct:PowerUp","construct:FlakBarrage","construct:Autoturret","construct:FierceBash","construct:Boost","construct:ShiftGuard","Decay","construct:OneWayMirror"],"relics":["construct:Cogwheel","Replay:Rubber Ducky","Gremlin Food"],"acts_visited":["Exordium"],"potions_floor_usage":[5,6,11],"damage_taken":[{"damage":4,"enemies":"Small Slimes","floor":1,"turns":4},{"damage":9,"enemies":"Cultist","floor":3,"turns":4},{"damage":11,"enemies":"Jaw Worm","floor":5,"turns":5},{"damage":20,"enemies":"3 Sentries","floor":6,"turns":9},{"damage":36,"enemies":"Gremlin Gang","floor":10,"turns":12},{"damage":13,"enemies":"Lagavulin","floor":11,"turns":8}],"seed_played":"-497175200048424377","potions_obtained":[{"floor":1,"key":"DistilledChaos"},{"floor":2,"key":"Venom Potion"},{"floor":2,"key":"Languid Potion"},{"floor":5,"key":"Fruit Juice"}],"is_trial":false,"path_per_floor":["M","?","M","$","M","E","?","R","T","M","E"],"character_chosen":"THE_CONSTRUCT_MOD","items_purchased":["construct:Autoturret","construct:FierceBash"],"campfire_rested":1,"item_purchase_floors":[4,4],"current_hp_per_floor":[81,81,72,72,66,46,46,73,73,37,24,24],"gold":233,"neow_bonus":"HUNDRED_GOLD","is_daily":false,"chose_seed":false,"campfire_upgraded":0,"win_rate":0.0,"timestamp":1609943304,"path_taken":["M","?","M","$","?","E","?","R","T","M","E"],"items_purchased_type":["Card","Card"],"build_version":"2020-12-22","purchased_purges":0,"victory":false,"max_hp_per_floor":[85,85,85,85,90,90,90,90,90,90,90,90],"card_choices":[{"not_picked":["construct:Chainstrike","construct:Tumble"],"picked":"construct:PowerUp","floor":1},{"not_picked":["construct:SweepLaser","construct:Zapper"],"picked":"construct:FlakBarrage","floor":3},{"not_picked":["construct:Accumulate","construct:Construct_Overclock"],"picked":"construct:Boost","floor":5},{"not_picked":["construct:Dampening","construct:Forcefield"],"picked":"construct:ShiftGuard","floor":6},{"not_picked":["construct:SaveState","construct:SuppressiveFire"],"picked":"construct:OneWayMirror","floor":10}],"player_experience":149082,"relics_obtained":[{"floor":6,"key":"Replay:Rubber Ducky"},{"floor":9,"key":"Gremlin Food"}],"event_choices":[{"damage_healed":0,"gold_gain":0,"player_choice":"Got Potions","damage_taken":0,"max_hp_gain":0,"max_hp_loss":0,"event_name":"Lab","floor":2,"gold_loss":0},{"damage_healed":0,"gold_gain":0,"player_choice":"Cursed","damage_taken":0,"max_hp_gain":0,"max_hp_loss":0,"event_name":"Wheel of Change","floor":7,"gold_loss":0,"cards_obtained":["Decay"]}],"is_beta":false,"boss_relics":[],"items_purged_floors":[],"is_endless":false,"potions_floor_spawned":[1,3,5],"killed_by":"Lagavulin","ascension_level":0}}