{"host":"l84l8xigz5v5foa2","time":1609934454,"event":{"mods":["2.2 Compatiblity","AchievementEnabler","BaseMod","Better Note","Better Vampires","Card Filter","Colored Map","DeckTracker","Downfall","Gremlin Skip","Highlight Path","Keyboard Shortcuts","Minty Spire (QoL Compilation)","Permanent Neow","Quick Restart","Relic Filter","Relic Stats","StSLib","SuperFastMode","Transform Curses","Unknown Chances"],"gold_per_floor":[99,110,127,152,62,62,87,87,117,42,67,80,97,97,116,193,193,118,118,138,26,38,38,63,215,215,140,166,166,180,206,221,298,298,298,311,1310,1310,1321,1321,1400,1400,1415,1447,1076,1093,1120,1120,1135,1135,1135,1160,579,579,579],"floor_reached":56,"playtime":4036,"items_purged":["Guardian:Defend_Guardian","Guardian:Strike_Guardian","Guardian:Strike_Guardian","Guardian:Defend_Guardian"],"score":2656,"play_id":"d5177138-9828-4dc5-aad4-4b60620f99e5","local_time":"20210106210054","is_ascension_mode":true,"campfire_choices":[{"data":"Guardian:CurlUp","floor":1.0,"key":"SMITH"},{"data":"Guardian:TwinSlam","floor":6.0,"key":"SMITH"},{"floor":8.0,"key":"RECALL"},{"floor":10.0,"key":"REST"},{"data":"Guardian:FuturePlans","floor":18.0,"key":"SMITH"},{"data":"Guardian:Orbwalk","floor":23.0,"key":"SMITH"},{"data":"Guardian:MultiBeam","floor":27.0,"key":"SMITH"},{"data":"Guardian:PrismaticBeam","floor":35.0,"key":"SMITH"},{"data":"expansioncontent:Chronoboost","floor":40,"key":"SMITH"},{"data":"Guardian:ExploitGems","floor":42,"key":"SMITH"},{"data":"Guardian:Harden","floor":54,"key":"SMITH"}],"circlet_count":0,"master_deck":["AscendersBane","Guardian:Defend_Guardian","Guardian:CurlUp+1","Guardian:TwinSlam+1","Guardian:DecasProtection+1","Guardian:GemFinder+1","Guardian:Recover","Guardian:BronzeOrb","Guardian:FuturePlans+1","Guardian:Incinerate","Guardian:MultiBeam+1","Guardian:Orbwalk+1","Guardian:VentSteam","Guardian:TimeCapacitor+1","Guardian:TimeSifter","Guardian:EvasiveProtocol","Guardian:PrismaticBeam+1","Guardian:Harden+1","Guardian:ExploitGems+1","expansioncontent:Chronoboost+1","expansioncontent:DefensiveStance","Guardian:Suspension+1","Guardian:PrismaticBarrier","Guardian:FuturePlans"],"relics":["Astrolabe","Lantern","InkBottle","downfall:HeartBlessingBlue","hexamod:BolsterEngine","SlaversCollar","downfall:HeartBlessingGreen","Enchiridion","MealTicket","downfall:HeartBlessingRed","Omamori","Letter Opener","Smiling Mask","Philosopher\u0027s Stone","Gremlin Horn","Bag of Preparation","Chemical X","Art of War","PreservedInsect","Happy Flower","Cauldron","Toy Ornithopter"],"acts_visited":["TheCity","TheBeyond","TheEnding"],"potions_floor_usage":[39,44,49,49,55,55],"damage_taken":[{"damage":6.0,"enemies":"Cultist","floor":2.0,"turns":4.0},{"damage":4.0,"enemies":"Small Slimes","floor":3.0,"turns":4.0},{"damage":6.0,"enemies":"downfall:FleeingMerchant","floor":5.0,"turns":4.0},{"damage":37.0,"enemies":"Gremlin Nob","floor":9.0,"turns":4.0},{"damage":0.0,"enemies":"3 Sentries","floor":11.0,"turns":2.0},{"damage":0.0,"enemies":"2 Louse","floor":12.0,"turns":3.0},{"damage":0.0,"enemies":"Blue Slaver","floor":13.0,"turns":3.0},{"damage":0.0,"enemies":"Red Slaver","floor":15.0,"turns":2.0},{"damage":0.0,"enemies":"downfall:Watcher","floor":16.0,"turns":10.0},{"damage":0.0,"enemies":"Spheric Guardian","floor":20.0,"turns":4.0},{"damage":0.0,"enemies":"downfall:FleeingMerchant","floor":21.0,"turns":4.0},{"damage":0.0,"enemies":"Chosen","floor":22.0,"turns":4.0},{"damage":0.0,"enemies":"downfall:FleeingMerchant","floor":25.0,"turns":4.0},{"damage":8.0,"enemies":"Slavers","floor":28.0,"turns":4.0},{"damage":0.0,"enemies":"Centurion and Healer","floor":30.0,"turns":3.0},{"damage":0.0,"enemies":"Gremlin Leader","floor":31.0,"turns":4.0},{"damage":10.0,"enemies":"Snake Plant","floor":32.0,"turns":3.0},{"damage":11.0,"enemies":"downfall:Silent","floor":33.0,"turns":6.0},{"damage":0.0,"enemies":"3 Shapes","floor":36.0,"turns":5.0},{"damage":0,"enemies":"Orb Walker","floor":39,"turns":3},{"damage":6,"enemies":"Writhing Mass","floor":43,"turns":6},{"damage":19,"enemies":"Nemesis","floor":44,"turns":5},{"damage":0,"enemies":"Maw","floor":46,"turns":6},{"damage":0,"enemies":"Giant Head","floor":47,"turns":5},{"damage":0,"enemies":"Sphere and 2 Shapes","floor":49,"turns":3},{"damage":0,"enemies":"downfall:Defect","floor":50,"turns":4},{"damage":0,"enemies":"downfall:CharBossMerchant","floor":52,"turns":4},{"damage":15,"enemies":"downfall:NeowBoss","floor":55,"turns":11}],"seed_played":"709031405593448845","potions_obtained":[{"floor":2.0,"key":"Ancient Potion"},{"floor":3.0,"key":"DistilledChaos"},{"floor":9.0,"key":"hexamod:EctoCoolerPotion"},{"floor":12.0,"key":"Guardian:DefensiveModePotion"},{"floor":22.0,"key":"hexamod:EctoCoolerPotion"},{"floor":28.0,"key":"ColorlessPotion"},{"floor":31.0,"key":"Weak Potion"},{"floor":33.0,"key":"Weak Potion"},{"floor":36.0,"key":"DistilledChaos"},{"floor":39,"key":"Explosive Potion"},{"floor":44,"key":"AttackPotion"},{"floor":53,"key":"Ancient Potion"}],"is_trial":false,"path_per_floor":["R","M","M","T","$","R","T","R","E","R","E","M","M","?","M","B",null,"R","?","M","$","M","R","T","$","?","R","E","T","M","E","M","B",null,"R","M","?","?","M","R","T","R","M","E","$","M","E","?","M","B",null,"E","$","R","B",null],"character_chosen":"GUARDIAN","items_purchased":["Guardian:Orbwalk","Guardian:VentSteam","Guardian:TimeSifter","Chemical X","Art of War","ColorlessPotion","GamblersBrew","Guardian:FuturePlans","Cauldron","Toy Ornithopter"],"campfire_rested":1,"item_purchase_floors":[21,21,25,45,45,53,53,53,53,53],"current_hp_per_floor":[65,59,55,55,49,49,49,49,12,46,46,46,46,46,46,46,73,73,52,52,52,52,52,52,67,67,67,59,59,59,59,49,38,71,71,71,71,61,61,61,61,61,55,36,51,51,51,92,92,92,92,92,92,92,82],"gold":579,"neow_bonus":"BOSS_RELIC","is_daily":false,"chose_seed":false,"campfire_upgraded":9,"win_rate":0.0,"timestamp":1609934454,"path_taken":["R","M","M","?","$","R","T","R","E","R","E","M","?","?","M","BOSS","R","?","M","$","M","R","T","$","?","R","E","?","?","E","M","BOSS","R","M","?","?","M","R","T","R","M","E","$","M","E","?","M","BOSS","E","$","R","BOSS"],"items_purchased_type":["Card","Card","Card","Relic","Relic","Potion","Potion","Card","Relic","Relic"],"build_version":"2020-12-22","purchased_purges":4,"victory":true,"max_hp_per_floor":[72,72,72,72,72,72,72,72,72,82,82,82,82,82,82,82,82,82,82,82,82,82,82,82,82,82,82,82,82,82,82,82,82,82,82,82,82,82,82,82,82,82,82,82,82,82,82,92,92,92,92,92,92,92,92],"relic_stats":{"Gremlin Horn":[5,5],"Happy Flower":[3],"counters":[28,124],"Astrolabe":["Guardian:DecasProtection","Guardian:HyperBeam_Guardian","Guardian:GemFinder"],"PreservedInsect":105,"Bag of Preparation":[12],"Letter Opener":[442],"Smiling Mask":175,"MealTicket":30,"Art of War":[2],"Chemical X":[14],"obtain_stats":[{"Lantern":4,"downfall:HeartBlessingRed":27,"Gremlin Horn":41,"Happy Flower":52,"Astrolabe":0,"Guardian:ModeShifter":0,"Enchiridion":19,"downfall:HeartBlessingGreen":18,"PreservedInsect":47,"Omamori":28,"Bag of Preparation":44,"Letter Opener":29,"Smiling Mask":31,"SlaversCollar":17,"Cauldron":53,"downfall:HeartBlessingBlue":10,"MealTicket":24,"Philosopher\u0027s Stone":34,"Art of War":45,"Chemical X":45,"hexamod:BolsterEngine":11,"InkBottle":9,"Toy Ornithopter":53},{"Lantern":2,"downfall:HeartBlessingRed":13,"Gremlin Horn":20,"Happy Flower":27,"Astrolabe":0,"Guardian:ModeShifter":0,"Enchiridion":9,"downfall:HeartBlessingGreen":9,"PreservedInsect":24,"Omamori":14,"Bag of Preparation":22,"Letter Opener":14,"Smiling Mask":16,"SlaversCollar":9,"Cauldron":27,"downfall:HeartBlessingBlue":4,"MealTicket":12,"Philosopher\u0027s Stone":18,"Art of War":22,"Chemical X":22,"hexamod:BolsterEngine":5,"InkBottle":4,"Toy Ornithopter":27},{"Lantern":8,"downfall:HeartBlessingRed":52,"Gremlin Horn":80,"Happy Flower":113,"Astrolabe":0,"Guardian:ModeShifter":0,"Enchiridion":36,"downfall:HeartBlessingGreen":36,"PreservedInsect":102,"Omamori":56,"Bag of Preparation":91,"Letter Opener":56,"Smiling Mask":63,"SlaversCollar":36,"Cauldron":113,"downfall:HeartBlessingBlue":16,"MealTicket":48,"Philosopher\u0027s Stone":72,"Art of War":91,"Chemical X":91,"hexamod:BolsterEngine":18,"InkBottle":16,"Toy Ornithopter":113}],"InkBottle":[88],"Toy Ornithopter":5},"card_choices":[{"not_picked":["Guardian:Gem_Lightblue","Guardian:Gem_Red"],"picked":"Guardian:Gem_Cyan","floor":2.0},{"not_picked":["Guardian:DonusPower","Guardian:TemporalShield","Guardian:Gem_Lightblue"],"picked":"SKIP","floor":2.0},{"not_picked":["Guardian:Gem_Lightblue","Guardian:Gem_Green"],"picked":"Guardian:Gem_Cyan","floor":3.0},{"not_picked":["Guardian:CrystalBeam","Guardian:GuardianWhirl","Guardian:Gem_Yellow"],"picked":"SKIP","floor":3.0},{"not_picked":["Guardian:RefractedBeam","Guardian:RollAttack","Guardian:DonusPower"],"picked":"SKIP","floor":5.0},{"not_picked":["Guardian:Gem_Green","Guardian:Gem_Red"],"picked":"Guardian:Gem_Cyan","floor":9.0},{"not_picked":["Guardian:BronzeOrb","Guardian:TimeSifter"],"picked":"Guardian:Recover","floor":9.0},{"not_picked":["Guardian:PolyBeam","Guardian:TemporalStrike"],"picked":"Guardian:BronzeOrb","floor":11.0},{"not_picked":["Guardian:Gem_Green","Guardian:Gem_Red"],"picked":"Guardian:Gem_Cyan","floor":11.0},{"not_picked":["Guardian:CrystalBeam","Guardian:Orbwalk"],"picked":"Guardian:FuturePlans","floor":12.0},{"not_picked":["Guardian:Gem_Green","Guardian:Gem_Red"],"picked":"Guardian:Gem_Cyan","floor":12.0},{"not_picked":["Guardian:SentryBeam","Guardian:Gem_Red"],"picked":"Guardian:Incinerate","floor":13.0},{"not_picked":["Guardian:Gem_Green","Guardian:DecasProtection","Guardian:SpikerProtocol"],"picked":"SKIP","floor":15.0},{"not_picked":["Guardian:FastForward","Guardian:RevengeProtocol"],"picked":"Guardian:Gem_Orange","floor":16.0},{"not_picked":["Guardian:Planning","Guardian:Gem_Lightblue","Guardian:SpikerProtocol"],"picked":"SKIP","floor":20.0},{"not_picked":["Guardian:CrystalBeam","Guardian:PolyBeam"],"picked":"Guardian:MultiBeam","floor":21.0},{"not_picked":["Guardian:RollAttack","Guardian:Gem_Green"],"picked":"Guardian:TimeCapacitor+1","floor":22.0},{"not_picked":["Guardian:Gem_Red","Guardian:Gem_Lightblue"],"picked":"Guardian:Gem_Cyan","floor":22.0},{"not_picked":["Guardian:Incinerate","Guardian:Gem_Cyan","Guardian:Planning"],"picked":"SKIP","floor":25.0},{"not_picked":["Guardian:StasisField","Guardian:ShieldCharger"],"picked":"Guardian:EvasiveProtocol","floor":28.0},{"not_picked":["Guardian:Gem_Cyan","Guardian:CrystalBeam"],"picked":"Guardian:PrismaticBeam","floor":30.0},{"not_picked":["Guardian:FuturePlans","Guardian:FierceBash","Guardian:VentSteam"],"picked":"SKIP","floor":31.0},{"not_picked":["Guardian:Gem_Green","Guardian:Gem_Cyan"],"picked":"Guardian:Harden","floor":32.0},{"not_picked":["Guardian:GemFinder","Guardian:StasisStrike"],"picked":"Guardian:ExploitGems","floor":33.0},{"not_picked":["Guardian:Gem_Green","Guardian:Gem_Lightblue"],"picked":"Guardian:Gem_Cyan","floor":33.0},{"not_picked":["Guardian:Gem_Lightblue","Guardian:SpikerProtocol+1","Guardian:Suspension"],"picked":"SKIP","floor":36.0},{"not_picked":["expansioncontent:SuperHexaguard","expansioncontent:DonusPower"],"picked":"expansioncontent:Chronoboost","floor":38.0},{"not_picked":["expansioncontent:YouAreMine","expansioncontent:LastStand"],"picked":"expansioncontent:DefensiveStance","floor":38.0},{"not_picked":["Guardian:Planning","Guardian:GuardianWhirl"],"picked":"Guardian:Suspension+1","floor":39},{"not_picked":["Guardian:Gem_Green","Guardian:Gem_Lightblue"],"picked":"Guardian:Gem_Cyan","floor":39},{"not_picked":["Guardian:Gem_Lightblue","Guardian:Gem_Green"],"picked":"Guardian:Gem_Cyan","floor":43},{"not_picked":["Guardian:Gem_Yellow","Guardian:PrimingBeam"],"picked":"Guardian:PrismaticBarrier","floor":43},{"not_picked":["Guardian:Gem_Fragmented","Guardian:PolyBeam"],"picked":"Guardian:Gem_Blue","floor":44},{"not_picked":["Guardian:Reroute","Guardian:PiercingHide+1","Guardian:PrimingBeam+1"],"picked":"SKIP","floor":46},{"not_picked":["Guardian:Gem_Red","Guardian:Gem_Lightblue"],"picked":"Guardian:Gem_Green","floor":47},{"not_picked":["Guardian:WalkerClaw+1","Guardian:PrismaticBarrier","Guardian:Planning"],"picked":"SKIP","floor":47},{"not_picked":["Guardian:BaubleBeam","Guardian:Planning"],"picked":"Guardian:Gem_White","floor":49},{"not_picked":["Guardian:Gem_Green","Guardian:Gem_Red"],"picked":"Guardian:Gem_Cyan","floor":49},{"not_picked":["Guardian:ArmoredProtocol","Guardian:BronzeOrb+1"],"picked":"Guardian:Gem_Crimson","floor":52},{"not_picked":["Guardian:Gem_Lightblue","Guardian:Gem_Red"],"picked":"Guardian:Gem_Green","floor":52}],"player_experience":2922440,"relics_obtained":[{"floor":4.0,"key":"Lantern"},{"floor":9.0,"key":"InkBottle"},{"floor":11.0,"key":"hexamod:BolsterEngine"},{"floor":19.0,"key":"Enchiridion"},{"floor":24.0,"key":"MealTicket"},{"floor":28.0,"key":"Omamori"},{"floor":29.0,"key":"Letter Opener"},{"floor":31.0,"key":"Smiling Mask"},{"floor":41,"key":"Gremlin Horn"},{"floor":44,"key":"Bag of Preparation"},{"floor":47,"key":"PreservedInsect"},{"floor":52,"key":"Happy Flower"}],"event_choices":[{"cards_removed":["Guardian:HyperBeam_Guardian"],"damage_healed":31,"gold_gain":0,"player_choice":"Offered Rare","damage_taken":0,"max_hp_gain":10,"max_hp_loss":0,"event_name":"Bonfire Elementals","floor":48,"gold_loss":0}],"is_beta":false,"boss_relics":[{"not_picked":["Sozu","Calling Bell"],"picked":"SlaversCollar"},{"not_picked":["expansioncontent:StudyCardRelic","Coffee Dripper"],"picked":"Philosopher\u0027s Stone"}],"items_purged_floors":[5,25,45,53],"is_endless":false,"potions_floor_spawned":[2,3,9,12,22,28,31,33,36,39,44],"ascension_level":20}}