{"host":"0nfdmr2b19ur4mbc","time":1609955444,"event":{"mods":["2.2 Compatiblity","AchievementEnabler","Aspiration","BaseMod","Better Match","Better Note","Better Third Choice","Better Vampires","Disable Question Mark Monsters","Hubris","Infinite Spire","Minty Spire (QoL Compilation)","Quick Restart","Rare Cards Sparkle","Replay The Spire","StSLib"],"gold_per_floor":[119,119,136,136,136,165,165,182,261,436,462,490,490,490,490,587,587,603,603,616,616,626,626,638,638,638,578,578,596,596,615,615,710,710,724,740,288,288,288],"floor_reached":38,"playtime":1243,"items_purged":["Doubt"],"score":590,"play_id":"d2a6f5b4-8abd-486f-b1c3-97212de5fc1d","local_time":"20210106185044","is_ascension_mode":true,"campfire_choices":[{"data":"ReplayTheSpireMod:Muscle Training","floor":7.0,"key":"SMITH"},{"floor":13.0,"key":"REST"},{"data":"ReplayTheSpireMod:Stacked","floor":15.0,"key":"SMITH"},{"data":"J.A.X.","floor":23.0,"key":"SMITH"},{"floor":28.0,"key":"REST"},{"floor":32.0,"key":"REST"}],"circlet_count":0,"master_deck":["Strike_R","Strike_R","Strike_R","Strike_R","Defend_R","Defend_R","Bash","ReplayTheSpireMod:Stacked","Thunderclap","ReplayTheSpireMod:Muscle Training+1","ReplayTheSpireMod:Stacked+1","hubris:ReadiedAction","Fiend Fire+1","Run Through+1","J.A.X.+1","True Grit+1","ReplayTheSpireMod:Limb From Limb+1","Twin Strike+1","Run Through+1","Sentinel","Feed+1","Spot Weakness+1","Bludgeon+1","Iron Wave+1","Perfected Strike+1"],"relics":["Burning Blood","NeowsBlessing","Tiny Chest","Garlic","Nunchaku","Regal Pillow","Molten Egg 2","Black Star","infinitespire:Broken Mirror","aspiration:RitualDagger","Replay:Blank Codex","infinitespire:Lucky Rock","Quantum Egg","hubris:ScarierMask","Kunai","Sling"],"acts_visited":["Exordium","TheCity","TheBeyond"],"potions_floor_usage":[38,38,38],"damage_taken":[{"damage":0.0,"enemies":"Small Slimes","floor":1.0,"turns":1.0},{"damage":0.0,"enemies":"Jaw Worm","floor":3.0,"turns":1.0},{"damage":0.0,"enemies":"Lagavulin","floor":6.0,"turns":1.0},{"damage":7.0,"enemies":"2 Louse","floor":8.0,"turns":2.0},{"damage":54.0,"enemies":"Gremlin Nob","floor":12.0,"turns":6.0},{"damage":90.0,"enemies":"Fading Forest","floor":16.0,"turns":11.0},{"damage":27.0,"enemies":"Chosen","floor":18.0,"turns":6.0},{"damage":20.0,"enemies":"Shell Parasite","floor":20.0,"turns":5.0},{"damage":68.0,"enemies":"Centurion and Healer","floor":22.0,"turns":8.0},{"damage":77.0,"enemies":"3 Cultists","floor":24.0,"turns":7.0},{"damage":25.0,"enemies":"Snake Plant","floor":29.0,"turns":3.0},{"damage":6.0,"enemies":"Shelled Parasite and Fungi","floor":31.0,"turns":2.0},{"damage":84.0,"enemies":"Champ","floor":33.0,"turns":9.0},{"damage":25.0,"enemies":"Orb Walker","floor":35.0,"turns":3.0},{"damage":41.0,"enemies":"3 Shapes","floor":36.0,"turns":3.0},{"damage":84,"enemies":"Transient","floor":38,"turns":5}],"seed_played":"1628167478687076433","potions_obtained":[{"floor":3.0,"key":"Fruit Juice"},{"floor":5.0,"key":"Elixir"},{"floor":5.0,"key":"Dexterity Potion"},{"floor":8.0,"key":"Block Potion"},{"floor":12.0,"key":"Ancient Potion"},{"floor":24.0,"key":"Elixir"},{"floor":31.0,"key":"SpeedPotion"},{"floor":36.0,"key":"Toxic Potion"}],"is_trial":false,"path_per_floor":["M","?","M","?","?","E","R","M","T","?","T","E","R","T","R","B",null,"M","?","M","AVR","M","R","M","?","T","?","R","M","T","M","R","B",null,"M","M","$","M"],"character_chosen":"IRONCLAD","items_purchased":["Kunai","Sling","Adrenaline Potion"],"campfire_rested":3,"item_purchase_floors":[37,37,37],"current_hp_per_floor":[78,78,80,73,78,84,84,83,83,83,83,35,75,75,75,11,67,46,46,32,32,77,77,24,8,8,8,48,38,38,53,89,58,81,73,54,54,0,0],"gold":288,"neow_bonus":"THREE_ENEMY_KILL","is_daily":false,"chose_seed":false,"campfire_upgraded":3,"win_rate":0.0,"timestamp":1609955444,"path_taken":["M","?","M","?","?","E","R","?","T","?","?","E","R","?","R","BOSS","M","?","M","AVR","M","R","M","?","T","?","R","M","?","M","R","BOSS","M","M","$","M"],"items_purchased_type":["Relic","Relic","Potion"],"build_version":"2020-12-22","purchased_purges":1,"victory":false,"max_hp_per_floor":[80,80,80,80,85,85,85,85,85,85,85,85,85,85,85,85,85,85,85,85,85,85,85,85,85,85,85,85,85,85,89,89,89,89,89,93,93,93,93],"card_choices":[{"not_picked":["Wild Strike","Warcry"],"picked":"ReplayTheSpireMod:Stacked","floor":1.0},{"not_picked":["Run Through","Rupture"],"picked":"Thunderclap","floor":3.0},{"not_picked":["Clothesline","hubris:ReadiedAction"],"picked":"ReplayTheSpireMod:Muscle Training","floor":6.0},{"not_picked":["Pommel Strike","Dropkick"],"picked":"ReplayTheSpireMod:Stacked","floor":8.0},{"not_picked":["Twin Strike","Clothesline"],"picked":"hubris:ReadiedAction","floor":12.0},{"not_picked":["Juggernaut","Offering"],"picked":"Fiend Fire+1","floor":16.0},{"not_picked":["Warcry","Havoc"],"picked":"Run Through+1","floor":18.0},{"not_picked":["Replay:Undeath\u0027s Touch+1","infinitespire:OneForAll+1"],"picked":"True Grit+1","floor":20.0},{"not_picked":["Replay:Undeath\u0027s Touch+1","Wild Strike+1"],"picked":"ReplayTheSpireMod:Limb From Limb+1","floor":22.0},{"not_picked":["Run Through+1","Headbutt+1"],"picked":"Twin Strike+1","floor":24.0},{"not_picked":["Heavy Blade+1","Battle Trance"],"picked":"Feed+1","floor":29.0},{"not_picked":["Warcry","Infernal Blade"],"picked":"Spot Weakness+1","floor":31.0},{"not_picked":["Corruption","Offering"],"picked":"Bludgeon+1","floor":33.0},{"not_picked":["Sentinel","Run Through+1"],"picked":"Iron Wave+1","floor":35.0},{"not_picked":["Replay:Undeath\u0027s Touch+1","Cleave+1"],"picked":"Perfected Strike+1","floor":36.0}],"player_experience":159825,"relics_obtained":[{"floor":6.0,"key":"Tiny Chest"},{"floor":9.0,"key":"Garlic"},{"floor":11.0,"key":"Nunchaku"},{"floor":12.0,"key":"Regal Pillow"},{"floor":14.0,"key":"Molten Egg 2"},{"floor":25.0,"key":"Replay:Blank Codex"},{"floor":26.0,"key":"infinitespire:Lucky Rock"},{"floor":30.0,"key":"Quantum Egg"}],"event_choices":[{"cards_removed":["Defend_R"],"damage_healed":0.0,"max_hp_gain":0.0,"max_hp_loss":0.0,"gold_gain":0.0,"event_name":"Golden Wing","player_choice":"Card Removal","floor":4.0,"gold_loss":0.0,"damage_taken":7.0},{"damage_healed":0.0,"max_hp_gain":0.0,"max_hp_loss":0.0,"gold_gain":0.0,"event_name":"Lab","player_choice":"Got Potions","floor":5.0,"gold_loss":0.0,"damage_taken":0.0},{"damage_healed":0.0,"max_hp_gain":0.0,"max_hp_loss":0.0,"gold_gain":175.0,"event_name":"betterThird:BetterSerpent","player_choice":"AGREE","floor":10.0,"gold_loss":0.0,"damage_taken":261.0},{"damage_healed":0.0,"max_hp_gain":0.0,"max_hp_loss":0.0,"gold_gain":0.0,"event_name":"Drug Dealer","player_choice":"Obtain J.A.X.","floor":19.0,"gold_loss":0.0,"damage_taken":0.0,"cards_obtained":["J.A.X."]},{"damage_healed":0.0,"max_hp_gain":0.0,"max_hp_loss":0.0,"gold_gain":0.0,"event_name":"Cursed Tome","player_choice":"Obtained Book","floor":25.0,"gold_loss":0.0,"damage_taken":16.0},{"damage_healed":0.0,"max_hp_gain":0.0,"max_hp_loss":0.0,"gold_gain":0.0,"cards_transformed":["Defend_R","Strike_R"],"event_name":"Designer","player_choice":"Transformed Cards","floor":27.0,"gold_loss":60.0,"damage_taken":0.0,"cards_obtained":["Run Through","Sentinel"]}],"is_beta":false,"boss_relics":[{"not_picked":["Replay:Bronze Core","Calling Bell"],"picked":"Black Star"},{"not_picked":["Snecko Heart","ReplayTheSpireMod:DimensionalGlitch"],"picked":"hubris:ScarierMask"}],"items_purged_floors":[21],"is_endless":false,"potions_floor_spawned":[3,8,12,24,31,36],"killed_by":"Transient","ascension_level":9}}