{"host":"yb8bkkdvr1qiclnk","time":1609925963,"event":{"mods":["BaseMod","Colored Map","Colored Powertips","DeckTracker","Faster Ascension Climbing","Highlight Path","Minty Spire (QoL Compilation)","Quick Restart","Relic Stats","UnlockEverythingMod"],"gold_per_floor":[115,126,126,146,146,177,177,207,233,233,252,279,279,66,66,140,140,157,232,232,157,157,157,58,91,91,106,106,106,135,155,155,233,233,246,261,30,111,30,30,57,77,104,104,104,47,81,99,99,99,99,99,99,20,52,52,52],"floor_reached":56,"playtime":7172,"items_purged":[],"score":1989,"play_id":"622a3cb6-95eb-4e35-8fd0-e400149d5be0","local_time":"20210106043923","is_ascension_mode":true,"campfire_choices":[{"floor":7,"key":"REST"},{"data":"Whirlwind","floor":10,"key":"SMITH"},{"floor":15,"key":"REST"},{"data":"Feed","floor":23,"key":"SMITH"},{"floor":29,"key":"REST"},{"floor":32,"key":"REST"},{"data":"Reaper","floor":40,"key":"SMITH"},{"floor":45,"key":"RECALL"},{"data":"Apotheosis","floor":49,"key":"SMITH"},{"data":"Impervious","floor":53,"key":"SMITH"}],"circlet_count":0,"master_deck":["AscendersBane","Bash","Rampage","Combust","Seeing Red","Spot Weakness","Whirlwind+1","Limit Break","Impervious+1","Pommel Strike","Seeing Red","Shockwave+1","Headbutt","Shrug It Off+1","Bandage Up","Feed+1","Spot Weakness","Dual Wield","Dark Shackles","Flame Barrier","Heavy Blade","Battle Trance","Shrug It Off","Reaper+1","Sword Boomerang+1","Blind","Flex","Inflame","Armaments","Double Tap","Finesse","Apotheosis+1","Burning Pact","Clash+1","Iron Wave"],"relics":["Pandora\u0027s Box","Tiny Chest","Vajra","Bronze Scales","Potion Belt","Runic Pyramid","Akabeko","Unceasing Top","StrikeDummy","Mercury Hourglass","Paper Frog","Coffee Dripper","Bottled Flame","Pen Nib","War Paint","Gambling Chip","Bag of Marbles"],"acts_visited":["Exordium","TheCity","TheBeyond","TheEnding"],"potions_floor_usage":[8,11,16,25,25,33,33,33,50,51,55,56],"damage_taken":[{"damage":12,"enemies":"Jaw Worm","floor":1,"turns":2},{"damage":7,"enemies":"Cultist","floor":2,"turns":3},{"damage":0,"enemies":"Small Slimes","floor":4,"turns":2},{"damage":22,"enemies":"Lagavulin","floor":6,"turns":5},{"damage":20,"enemies":"3 Sentries","floor":8,"turns":4},{"damage":1,"enemies":"Looter","floor":11,"turns":1},{"damage":10,"enemies":"Gremlin Nob","floor":12,"turns":3},{"damage":28,"enemies":"Hexaghost","floor":16,"turns":8},{"damage":24,"enemies":"2 Thieves","floor":18,"turns":3},{"damage":20,"enemies":"Gremlin Leader","floor":25,"turns":2},{"damage":5,"enemies":"Shell Parasite","floor":27,"turns":3},{"damage":16,"enemies":"Slavers","floor":30,"turns":2},{"damage":15,"enemies":"Snake Plant","floor":31,"turns":3},{"damage":36,"enemies":"Collector","floor":33,"turns":9},{"damage":20,"enemies":"3 Shapes","floor":35,"turns":1},{"damage":22,"enemies":"3 Darklings","floor":36,"turns":4},{"damage":29,"enemies":"Nemesis","floor":41,"turns":5},{"damage":24,"enemies":"Transient","floor":42,"turns":6},{"damage":37,"enemies":"Giant Head","floor":47,"turns":6},{"damage":22,"enemies":"Writhing Mass","floor":48,"turns":3},{"damage":100,"enemies":"Time Eater","floor":50,"turns":10},{"damage":117,"enemies":"Awakened One","floor":51,"turns":8},{"damage":87,"enemies":"Shield and Spear","floor":55,"turns":6},{"damage":186,"enemies":"The Heart","floor":56,"turns":8}],"seed_played":"850472197335884432","potions_obtained":[{"floor":1,"key":"Explosive Potion"},{"floor":6,"key":"SkillPotion"},{"floor":8,"key":"SneckoOil"},{"floor":11,"key":"FearPotion"},{"floor":16,"key":"Weak Potion"},{"floor":18,"key":"PowerPotion"},{"floor":25,"key":"FearPotion"},{"floor":41,"key":"Ancient Potion"},{"floor":42,"key":"ColorlessPotion"},{"floor":47,"key":"PowerPotion"}],"is_trial":false,"path_per_floor":["M","M","?","M","?","E","R","E","T","R","M","E","?","$","R","B",null,"M","T","?","?","T","R","$","E","T","M","T","R","E","M","R","B",null,"M","M","$","T","$","R","E","M","T","?","R","$","E","M","R","B","B",null,"R","$","E","B"],"character_chosen":"IRONCLAD","items_purchased":["Shrug It Off","Bandage Up","Block Potion","Dark Shackles","DistilledChaos","Blind","Flex","Inflame","Swift Potion","DuplicationPotion"],"campfire_rested":4,"item_purchase_floors":[14,14,14,24,37,37,37,39,46,54],"current_hp_per_floor":[56,49,49,49,49,27,49,29,29,29,28,18,7,7,29,5,58,41,41,41,41,41,41,41,21,21,20,20,44,32,21,46,14,68,48,76,76,76,76,76,94,74,74,64,64,64,98,76,76,9,21,82,82,82,91,0,0],"gold":52,"neow_bonus":"BOSS_RELIC","is_daily":false,"chose_seed":false,"campfire_upgraded":5,"win_rate":0.0,"timestamp":1609925963,"path_taken":["M","M","?","M","?","E","R","E","T","R","?","E","?","?","R","BOSS","M","?","?","?","?","R","$","E","T","M","?","R","E","?","R","BOSS","M","?","?","?","$","R","E","M","T","?","R","?","E","?","R","BOSS","BOSS","R","$","E","BOSS"],"items_purchased_type":["Card","Card","Potion","Card","Potion","Card","Card","Card","Potion","Potion"],"build_version":"2020-12-22","purchased_purges":0,"victory":false,"max_hp_per_floor":[75,75,75,75,75,75,75,75,75,75,75,75,75,75,75,75,75,78,78,78,78,78,78,78,78,78,82,82,82,82,86,86,86,86,86,90,90,90,90,90,94,94,94,94,94,94,98,98,98,98,102,102,102,102,102,102,102],"relic_stats":{"counters":[24,107],"Bronze Scales":[403],"Gambling Chip":[11],"Pandora\u0027s Box":["Dual Wield","Rampage","Combust","Seeing Red","Spot Weakness","Whirlwind","Limit Break","Impervious","Infernal Blade"],"Tiny Chest":3,"Pen Nib":[6],"War Paint":["Shockwave","Shrug It Off"],"obtain_stats":[{"Potion Belt":12,"Vajra":8,"Pen Nib":41,"War Paint":43,"Burning Blood":0,"Akabeko":22,"Mercury Hourglass":28,"Bottled Flame":38,"Bronze Scales":9,"Gambling Chip":47,"Pandora\u0027s Box":0,"Tiny Chest":6,"Coffee Dripper":34,"Bag of Marbles":55,"StrikeDummy":26,"Unceasing Top":25,"Runic Pyramid":17,"Paper Frog":30},{"Potion Belt":7,"Vajra":5,"Pen Nib":17,"War Paint":18,"Burning Blood":0,"Akabeko":9,"Mercury Hourglass":11,"Bottled Flame":16,"Bronze Scales":5,"Gambling Chip":19,"Pandora\u0027s Box":0,"Tiny Chest":4,"Coffee Dripper":14,"Bag of Marbles":23,"StrikeDummy":10,"Unceasing Top":10,"Runic Pyramid":8,"Paper Frog":12},{"Potion Belt":20,"Vajra":16,"Pen Nib":60,"War Paint":66,"Burning Blood":0,"Akabeko":31,"Mercury Hourglass":36,"Bottled Flame":55,"Bronze Scales":16,"Gambling Chip":72,"Pandora\u0027s Box":0,"Tiny Chest":12,"Coffee Dripper":50,"Bag of Marbles":99,"StrikeDummy":33,"Unceasing Top":33,"Runic Pyramid":28,"Paper Frog":38}],"Unceasing Top":[0],"Mercury Hourglass":[275]},"card_choices":[{"not_picked":["Bloodletting","Flex","Spot Weakness"],"picked":"SKIP","floor":1},{"not_picked":["Anger","Rage"],"picked":"Pommel Strike","floor":2},{"not_picked":["Body Slam","Entrench"],"picked":"Pommel Strike","floor":4},{"not_picked":["Burning Pact","Berserk"],"picked":"Warcry","floor":6},{"not_picked":["Rupture","Twin Strike"],"picked":"Shockwave","floor":8},{"not_picked":["Combust","Power Through"],"picked":"Headbutt","floor":11},{"not_picked":["Warcry","Pommel Strike","Thunderclap"],"picked":"SKIP","floor":12},{"not_picked":["Corruption","Double Tap"],"picked":"Feed","floor":16},{"not_picked":["Pommel Strike","Wild Strike"],"picked":"Spot Weakness","floor":18},{"not_picked":["Anger","Uppercut"],"picked":"Flame Barrier","floor":25},{"not_picked":["Clash","Armaments"],"picked":"Heavy Blade","floor":27},{"not_picked":["Feed","Pommel Strike"],"picked":"Battle Trance","floor":30},{"not_picked":["Bloodletting","Feel No Pain"],"picked":"Shrug It Off","floor":31},{"not_picked":["Limit Break","Bludgeon"],"picked":"Reaper","floor":33},{"not_picked":["Flex","Headbutt+1"],"picked":"Sword Boomerang+1","floor":35},{"not_picked":["Headbutt","Iron Wave","Carnage"],"picked":"SKIP","floor":36},{"not_picked":["Sword Boomerang","Second Wind"],"picked":"Armaments","floor":41},{"not_picked":["Cleave","Rampage+1"],"picked":"Double Tap","floor":42},{"not_picked":["The Bomb","HandOfGreed"],"picked":"Finesse","floor":44},{"not_picked":["Swift Strike","Discovery"],"picked":"Apotheosis","floor":44},{"not_picked":["Uppercut","Twin Strike"],"picked":"Burning Pact","floor":47},{"not_picked":["Wild Strike+1","Second Wind"],"picked":"Clash+1","floor":48},{"not_picked":["Bludgeon","Wild Strike"],"picked":"Iron Wave","floor":55}],"player_experience":34345,"relics_obtained":[{"floor":6,"key":"Tiny Chest"},{"floor":8,"key":"Vajra"},{"floor":9,"key":"Bronze Scales"},{"floor":12,"key":"Potion Belt"},{"floor":22,"key":"Akabeko"},{"floor":25,"key":"Unceasing Top"},{"floor":26,"key":"StrikeDummy"},{"floor":28,"key":"Mercury Hourglass"},{"floor":30,"key":"Paper Frog"},{"floor":38,"key":"Bottled Flame"},{"floor":41,"key":"Pen Nib"},{"floor":43,"key":"War Paint"},{"floor":47,"key":"Gambling Chip"},{"floor":55,"key":"Bag of Marbles"}],"event_choices":[{"damage_healed":0,"gold_gain":0,"cards_transformed":["Infernal Blade"],"player_choice":"Change","damage_taken":0,"max_hp_gain":0,"max_hp_loss":0,"event_name":"Living Wall","floor":3,"gold_loss":0,"cards_obtained":["Seeing Red"]},{"cards_removed":["Dual Wield"],"damage_healed":0,"gold_gain":0,"player_choice":"Purged","damage_taken":0,"max_hp_gain":0,"max_hp_loss":0,"event_name":"Purifier","floor":5,"gold_loss":0},{"damage_healed":0,"gold_gain":0,"player_choice":"Fled","damage_taken":11,"max_hp_gain":0,"max_hp_loss":0,"event_name":"Scrap Ooze","floor":13,"gold_loss":0},{"damage_healed":0,"gold_gain":0,"cards_transformed":["Warcry","Pommel Strike"],"player_choice":"Became Test Subject","damage_taken":0,"max_hp_gain":0,"max_hp_loss":0,"event_name":"Drug Dealer","floor":20,"gold_loss":0,"cards_obtained":["Dual Wield","Seeing Red"]},{"cards_removed":["Seeing Red"],"damage_healed":0,"gold_gain":0,"player_choice":"Gave Gold","damage_taken":0,"max_hp_gain":0,"max_hp_loss":0,"event_name":"Beggar","floor":21,"gold_loss":75},{"damage_healed":0,"gold_gain":0,"player_choice":"Memory 3","damage_taken":10,"max_hp_gain":0,"max_hp_loss":0,"event_name":"SensoryStone","floor":44,"gold_loss":0}],"is_beta":false,"boss_relics":[{"not_picked":["Fusion Hammer","Sozu"],"picked":"Runic Pyramid"},{"not_picked":["Mark of Pain","Black Star"],"picked":"Coffee Dripper"}],"items_purged_floors":[],"is_endless":false,"potions_floor_spawned":[1,6,8,11,16,18,25,41,42,47],"killed_by":"The Heart","ascension_level":20}}