{"host":"dmdprxj8bosbz96f","time":1609900885,"event":{"mods":["AchievementEnabler","BaseMod","Colored Map","DeckTracker","Minty Spire (QoL Compilation)","Quick Restart","SuperFastMode","everything is the same but u backflip on backflip"],"gold_per_floor":[112,112,126,126,151,185,185,185,235,246,257,320,320,334,334,435,435,422,422,116,130,130,130,130,130,185,201,212,212,212,231,231,231,231],"floor_reached":33,"playtime":1793,"items_purged":["Defend_G"],"score":363,"play_id":"e5087e35-434e-4168-b910-cc7329d93b0f","local_time":"20210106114125","is_ascension_mode":true,"campfire_choices":[{"data":"Calculated Gamble","floor":7.0,"key":"SMITH"},{"data":"Backflip","floor":13.0,"key":"SMITH"},{"data":"Footwork","floor":15.0,"key":"SMITH"},{"floor":23.0,"key":"REST"},{"floor":25.0,"key":"REST"},{"data":"PiercingWail","floor":30.0,"key":"SMITH"},{"data":"Acrobatics","floor":32.0,"key":"SMITH"}],"circlet_count":0,"master_deck":["Strike_G","Strike_G","Strike_G","Strike_G","Strike_G","Defend_G","Defend_G","Survivor+1","Neutralize+1","Reflex+1","Footwork+1","Calculated Gamble+1","Deflect","Blur","Backflip+1","Dagger Throw","Burst","Backflip","Acrobatics+1","Footwork","Finisher","Tactician+1","PiercingWail+1","Dagger Throw","Deadly Poison"],"relics":["Ring of the Snake","NeowsBlessing","Centennial Puzzle","Eternal Feather","Bronze Scales","Pantograph","Black Star","Potion Belt"],"acts_visited":["Exordium","TheCity"],"potions_floor_usage":[],"damage_taken":[{"damage":0.0,"enemies":"2 Louse","floor":1.0,"turns":1.0},{"damage":0.0,"enemies":"Cultist","floor":3.0,"turns":1.0},{"damage":0.0,"enemies":"Lagavulin","floor":6.0,"turns":1.0},{"damage":0.0,"enemies":"Jaw Worm","floor":10.0,"turns":5.0},{"damage":1.0,"enemies":"Looter","floor":11.0,"turns":5.0},{"damage":12.0,"enemies":"Gremlin Nob","floor":12.0,"turns":3.0},{"damage":1.0,"enemies":"3 Louse","floor":14.0,"turns":5.0},{"damage":18.0,"enemies":"The Guardian","floor":16.0,"turns":18.0},{"damage":19.0,"enemies":"2 Thieves","floor":18.0,"turns":4.0},{"damage":23.0,"enemies":"Chosen","floor":21.0,"turns":13.0},{"damage":26.0,"enemies":"Book of Stabbing","floor":24.0,"turns":6.0},{"damage":38.0,"enemies":"Shelled Parasite and Fungi","floor":27.0,"turns":10.0},{"damage":4.0,"enemies":"Cultist and Chosen","floor":28.0,"turns":12.0},{"damage":0.0,"enemies":"Snake Plant","floor":31.0,"turns":7.0},{"damage":72,"enemies":"Automaton","floor":33,"turns":12}],"seed_played":"4696562700441879599","potions_obtained":[{"floor":1.0,"key":"SteroidPotion"},{"floor":3.0,"key":"Block Potion"},{"floor":6.0,"key":"ColorlessPotion"},{"floor":12.0,"key":"Ancient Potion"},{"floor":14.0,"key":"Regen Potion"},{"floor":18.0,"key":"SneckoOil"},{"floor":27.0,"key":"Regen Potion"},{"floor":28.0,"key":"CunningPotion"}],"is_trial":false,"path_per_floor":["M","?","M","?","T","E","R","?","T","M","M","?","R","M","R","B",null,"M","?","$","M","?","R","E","R","T","M","M","?","R","M","R","B"],"character_chosen":"THE_SILENT","items_purchased":["Backflip","Acrobatics","Footwork","SmokeBomb"],"campfire_rested":2,"item_purchase_floors":[20,20,20,20],"current_hp_per_floor":[70,70,70,56,56,56,65,58,58,58,57,45,54,53,62,55,66,47,47,47,24,24,57,31,64,64,26,37,37,49,49,64,0,0],"gold":231,"neow_bonus":"THREE_ENEMY_KILL","is_daily":false,"chose_seed":false,"campfire_upgraded":5,"win_rate":0.0,"timestamp":1609900885,"path_taken":["M","?","?","?","?","E","R","?","T","M","M","?","R","M","R","BOSS","M","?","$","M","?","R","E","R","T","M","M","?","R","?","R","BOSS"],"items_purchased_type":["Card","Card","Card","Potion"],"build_version":"2020-12-22","purchased_purges":1,"victory":false,"max_hp_per_floor":[70,70,70,70,70,70,70,70,70,70,70,70,70,70,70,70,70,70,70,70,70,70,70,70,70,70,70,70,70,70,70,70,70,70],"card_choices":[{"not_picked":["Well Laid Plans","Skewer"],"picked":"Reflex","floor":1.0},{"not_picked":["Deflect","Accuracy"],"picked":"Footwork","floor":3.0},{"not_picked":["Noxious Fumes","Prepared"],"picked":"Calculated Gamble","floor":6.0},{"not_picked":["Quick Slash","Cloak And Dagger"],"picked":"Deflect","floor":10.0},{"not_picked":["Riddle With Holes","Phantasmal Killer"],"picked":"Blur","floor":11.0},{"not_picked":["Underhanded Strike","Prepared"],"picked":"Backflip","floor":12.0},{"not_picked":["Underhanded Strike","Sucker Punch"],"picked":"Dagger Throw","floor":14.0},{"not_picked":["Grand Finale","Night Terror"],"picked":"Burst","floor":16.0},{"not_picked":["Infinite Blades+1","Underhanded Strike","Setup"],"picked":"SKIP","floor":18.0},{"not_picked":["Caltrops","Flying Knee"],"picked":"Finisher","floor":21.0},{"not_picked":["Finisher","Outmaneuver"],"picked":"Tactician+1","floor":27.0},{"not_picked":["Dodge and Roll","Deflect+1"],"picked":"PiercingWail","floor":28.0},{"not_picked":["Backflip","Die Die Die"],"picked":"Deadly Poison","floor":31.0}],"player_experience":157665,"relics_obtained":[{"floor":5.0,"key":"Centennial Puzzle"},{"floor":6.0,"key":"Eternal Feather"},{"floor":9.0,"key":"Bronze Scales"},{"floor":12.0,"key":"Pantograph"},{"floor":26.0,"key":"Potion Belt"}],"event_choices":[{"damage_healed":0.0,"max_hp_gain":0.0,"max_hp_loss":0.0,"gold_gain":0.0,"event_name":"Upgrade Shrine","player_choice":"Upgraded","floor":2.0,"gold_loss":0.0,"damage_taken":0.0,"cards_upgraded":["Reflex"]},{"damage_healed":0.0,"max_hp_gain":0.0,"max_hp_loss":0.0,"gold_gain":0.0,"event_name":"Shining Light","player_choice":"Entered Light","floor":4.0,"gold_loss":0.0,"damage_taken":14.0,"cards_upgraded":["Neutralize","Survivor"]},{"cards_removed":["Defend_G"],"damage_healed":0.0,"max_hp_gain":0.0,"max_hp_loss":0.0,"gold_gain":0.0,"event_name":"Golden Wing","player_choice":"Card Removal","floor":8.0,"gold_loss":0.0,"damage_taken":7.0},{"damage_healed":0.0,"max_hp_gain":0.0,"max_hp_loss":0.0,"gold_gain":0.0,"event_name":"Dead Adventurer","player_choice":"Searched \u00271\u0027 times","floor":12.0,"gold_loss":0.0,"damage_taken":0.0},{"damage_healed":0.0,"max_hp_gain":0.0,"max_hp_loss":0.0,"gold_gain":0.0,"event_name":"Vampires","player_choice":"Ignored","floor":19.0,"gold_loss":0.0,"damage_taken":0.0},{"cards_removed":["Defend_G"],"damage_healed":0.0,"max_hp_gain":0.0,"max_hp_loss":0.0,"gold_gain":0.0,"event_name":"Back to Basics","player_choice":"Elegance","floor":22.0,"gold_loss":0.0,"damage_taken":0.0},{"damage_healed":0.0,"max_hp_gain":0.0,"max_hp_loss":0.0,"gold_gain":0.0,"event_name":"Duplicator","player_choice":"Copied","floor":29.0,"gold_loss":0.0,"damage_taken":0.0,"cards_obtained":["Dagger Throw"]}],"is_beta":false,"boss_relics":[{"not_picked":["Velvet Choker","SacredBark"],"picked":"Black Star"}],"items_purged_floors":[20],"is_endless":false,"potions_floor_spawned":[1,3,6,12,14,18,27,28],"killed_by":"Automaton","ascension_level":5}}