{"host":"on8kfoejf6vp3cg3","time":1609970772,"event":{"mods":["AchievementEnabler","BaseMod","Better Match","Better Third Choice","Block Reminder","Colored Map","Colored Powertips","Disable Question Mark Monsters","Googly Eyes","Hermit","Highlight Path","Minty Spire (QoL Compilation)","Permanent Neow","Rare Cards Sparkle","Replay The Spire","StSLib","The Blackbeard","The Bladedancer","The Cursed"],"gold_per_floor":[117,117,137,156,176,211,286,286,312,263,340,340,420,456,456,636,636,693,737,771,840,882,948,1002,1002,1028,1115,1199,1234,1302,1021,1118,1303,1303,1345,1382,1421,1003,1028,1142,1187,1275,1298,1367,1405,944,984,1019,1019,1084],"floor_reached":51,"playtime":3376,"items_purged":["TheCursedMod:AshesToAshes","Apotheosis"],"score":1644,"play_id":"66d149cb-ed24-40bf-a412-350a5df75250","local_time":"20210106170612","daily_mods":["Insanity","Vintage","Heirloom","Time Dilation","Flight","Cursed Run"],"is_ascension_mode":true,"campfire_choices":[{"data":"TheCursedMod:TroublousMinions","floor":8.0,"key":"SMITH"},{"data":"TheCursedMod:SurpriseAttack","floor":15.0,"key":"SMITH"},{"data":"TheCursedMod:TroublousMinions","floor":25.0,"key":"SMITH"},{"data":"Apotheosis","floor":49.0,"key":"SMITH"}],"circlet_count":0,"master_deck":["TheCursedMod:RapidMovement","TheCursedMod:CursedBlade","TheCursedMod:SpitefulStrike","TheCursedMod:SpitefulStrike+1","TheCursedMod:TroublousMinions+1","TheCursedMod:SaltUponWound","TheCursedMod:Hemoplague","TheCursedMod:CursedMace","TheCursedMod:TacticalStrike+1","TheCursedMod:CursedBoomerang","TheCursedMod:SoulCrush","TheCursedMod:WearCloak","TheCursedMod:BloodBarrier","TheCursedMod:AbyssShockwave","TheCursedMod:CursedBlade","TheCursedMod:FleshFromBone","TheCursedMod:CircleOfFocus","TheCursedMod:FleshFromBone","TheCursedMod:SmokeScreen","TheCursedMod:CursedMace","TheCursedMod:Grudge","TheCursedMod:HellsGateOpen","TheCursedMod:SpitefulStrike","TheCursedMod:FleshFromBone","TheCursedMod:TacticalStrike","TheCursedMod:WearCloak","TheCursedMod:Stretching","TheCursedMod:Obscuration","TheCursedMod:Wield","TheCursedMod:CursedShiv","TheCursedMod:CursedBlade","TheCursedMod:FuryStrike","TheCursedMod:FleshFromBone","TheCursedMod:RapidMovement","TheCursedMod:CircleOfFlame","TheCursedMod:CircleOfFlame","TheCursedMod:CircleOfWindfury","TheCursedMod:ManaBullet","TheCursedMod:CursedShiv","TheCursedMod:Obscuration","TheCursedMod:VitalStrike","TheCursedMod:SmokeScreen","TheCursedMod:CircleOfAmplification","TheCursedMod:VitalStrike","TheCursedMod:Stigma","TheCursedMod:CursedShiv","TheCursedMod:CircleOfFlame","TheCursedMod:Wield","TheCursedMod:ReleasedKnowledge","TheCursedMod:LuckyCharm","TheCursedMod:TroublousMinions","Regret","TheCursedMod:SurpriseAttack+1","TheCursedMod:TroublousMinions","Voices","TheCursedMod:CircleOfAbyss","TheCursedMod:TroublousMinions+1","ReplayTheSpireMod:Faulty Equipment","TheCursedMod:SurpriseAttack+1","Writhe","Apotheosis+1","ReplayTheSpireMod:IOU","TheCursedMod:SpreadPlague","ReplayTheSpireMod:Restless Dread","TheCursedMod:SpitefulPray","TheCursedMod:SoulReap+1","Spreading Infection","TheCursedMod:CursedRelics+1","TheCursedMod:CircleOfFlame","TheCursedMod:CircleOfFlame","Regret"],"relics":["Cursed Key","Darkstone Periapt","Du-Vu Doll","Pocketwatch","Bag of Marbles","Happy Flower","Replay:Rubber Ducky","TheCursedMod:CrystalBall","Replay:Bandana","ReplayFunnel","ReplayTheSpireMod:TigerMarble","Question Card","Blue Doll","Lantern","TheCursedMod:FourLeafCloverCharm","Akabeko","Mummified Hand","The Courier","Pen Nib","Orichalcum","Oddly Smooth Stone","Replay:Wax Seal","Centennial Puzzle","ReplayTheSpireMod:CursedCoin","Whetstone","Matryoshka","Membership Card","TheCursedMod:Tack","Molten Egg 2","ChewingGum","Dead Branch","Letter Opener","FossilizedHelix","Nunchaku","Toy Ornithopter","Unceasing Top","Bottled Tornado","MealTicket","Anchor","Ancient Tea Set","Potion Belt","Shuriken","TungstenRod","Pondfish Scales","Torii","StrikeDummy"],"acts_visited":["Exordium","TheCity","TheBeyond"],"potions_floor_usage":[50,50,50],"damage_taken":[{"damage":0.0,"enemies":"2 Louse","floor":1.0,"turns":2.0},{"damage":0.0,"enemies":"Small Slimes","floor":3.0,"turns":2.0},{"damage":0.0,"enemies":"Cultist","floor":4.0,"turns":2.0},{"damage":0.0,"enemies":"2 Fungi Beasts","floor":5.0,"turns":2.0},{"damage":1.0,"enemies":"Replay:BlueRogue","floor":6.0,"turns":2.0},{"damage":0.0,"enemies":"3 Sentries","floor":7.0,"turns":4.0},{"damage":6.0,"enemies":"Lagavulin","floor":11.0,"turns":4.0},{"damage":3.0,"enemies":"3 Sentries","floor":13.0,"turns":4.0},{"damage":2.0,"enemies":"Exordium Wildlife","floor":14.0,"turns":2.0},{"damage":24.0,"enemies":"Hexaghost","floor":16.0,"turns":5.0},{"damage":0.0,"enemies":"Spheric Guardian","floor":18.0,"turns":4.0},{"damage":0.0,"enemies":"Shell Parasite","floor":19.0,"turns":2.0},{"damage":0.0,"enemies":"Snake Plant","floor":20.0,"turns":1.0},{"damage":0.0,"enemies":"Chosen and Byrds","floor":21.0,"turns":3.0},{"damage":0.0,"enemies":"Snecko","floor":22.0,"turns":1.0},{"damage":0.0,"enemies":"Book of Stabbing","floor":23.0,"turns":1.0},{"damage":0.0,"enemies":"Replay:Snechameleon","floor":24.0,"turns":1.0},{"damage":10.0,"enemies":"Book of Stabbing","floor":27.0,"turns":3.0},{"damage":0.0,"enemies":"3 Cultists","floor":29.0,"turns":1.0},{"damage":0.0,"enemies":"Slavers","floor":30.0,"turns":3.0},{"damage":0.0,"enemies":"Automaton","floor":33.0,"turns":6.0},{"damage":0.0,"enemies":"3 Darklings","floor":35.0,"turns":1.0},{"damage":0.0,"enemies":"3 Shapes","floor":36.0,"turns":1.0},{"damage":0.0,"enemies":"Jaw Worm Horde","floor":37.0,"turns":1.0},{"damage":0.0,"enemies":"Writhing Mass","floor":39.0,"turns":1.0},{"damage":0.0,"enemies":"Giant Head","floor":40.0,"turns":5.0},{"damage":0.0,"enemies":"Nemesis","floor":41.0,"turns":1.0},{"damage":1.0,"enemies":"Giant Head","floor":42.0,"turns":2.0},{"damage":0.0,"enemies":"Reptomancer","floor":44.0,"turns":1.0},{"damage":0.0,"enemies":"Sphere and 2 Shapes","floor":45.0,"turns":1.0},{"damage":0.0,"enemies":"4 Shapes","floor":47.0,"turns":1.0},{"damage":0.0,"enemies":"Spire Growth","floor":48.0,"turns":1.0},{"damage":0,"enemies":"Donu and Deca","floor":50,"turns":3}],"seed_played":"-9163412019484014557","potions_obtained":[{"floor":3.0,"key":"Weak Potion"},{"floor":4.0,"key":"Explosive Potion"},{"floor":5.0,"key":"Dexterity Potion"},{"floor":18.0,"key":"SteroidPotion"},{"floor":19.0,"key":"SteroidPotion"},{"floor":22.0,"key":"Cursed Concoction"},{"floor":45.0,"key":"Regen Potion"}],"is_trial":true,"path_per_floor":["M","$","M","M","M","E","E","R","T","$","E","$","E","M","R","B",null,"M","M","M","M","M","E","E","R","T","E","$","M","E","$","R_BF","B",null,"M","M","M","$","M","E","E","E","T","E","M","$","M","M","R","B",null],"character_chosen":"THE_CURSED","items_purchased":["TheCursedMod:SurpriseAttack","ReplayTheSpireMod:CursedCoin","Apotheosis","Membership Card","TheCursedMod:Tack","Molten Egg 2","FossilizedHelix","Nunchaku","Toy Ornithopter","TheCursedMod:SpitefulPray","Toxic Potion","TheCursedMod:SoulReap+1","Unceasing Top","Shuriken","TungstenRod","Pondfish Scales","TheCursedMod:CursedRelics+1","TheCursedMod:CircleOfFlame"],"campfire_rested":0,"item_purchase_floors":[10,28,28,31,31,31,38,38,38,38,38,38,38,46,46,46,46,46],"current_hp_per_floor":[75,75,75,75,75,74,74,74,80,80,74,74,71,69,69,51,87,87,87,87,87,87,87,87,87,93,83,95,95,95,95,95,101,111,111,111,111,111,111,111,111,110,116,117,117,117,117,117,117,123],"gold":1084,"neow_bonus":"","is_daily":false,"chose_seed":false,"campfire_upgraded":4,"win_rate":0.0,"timestamp":1609970772,"path_taken":["M","$","M","M","M","E","E","R","T","$","E","$","E","M","R","BOSS","M","M","M","M","M","E","E","R","T","E","$","M","E","$","R_BF","BOSS","M","M","M","$","M","E","E","E","T","E","M","$","M","M","R","BOSS"],"items_purchased_type":["Card","Relic","Card","Relic","Relic","Relic","Relic","Relic","Relic","Card","Potion","Card","Relic","Relic","Relic","Relic","Card","Card"],"build_version":"2020-12-22","purchased_purges":2,"victory":true,"max_hp_per_floor":[75,75,75,75,75,75,75,75,81,81,81,81,81,81,81,87,87,87,87,87,87,87,87,87,87,93,93,105,105,105,105,105,111,111,111,111,111,111,111,111,111,111,117,117,117,117,117,117,117,123],"card_choices":[{"not_picked":["TheCursedMod:WearCloak","TheCursedMod:CursedMace"],"picked":"TheCursedMod:LuckyCharm","floor":6.0},{"not_picked":["TheCursedMod:Hemoplague","TheCursedMod:FuryStrike"],"picked":"TheCursedMod:TroublousMinions","floor":7.0},{"not_picked":["TheCursedMod:SpitefulPlan","TheCursedMod:CircleOfCorruption"],"picked":"TheCursedMod:TroublousMinions","floor":11.0},{"not_picked":["TheCursedMod:ManaBullet","TheCursedMod:Wield","TheCursedMod:WearCloak","TheCursedMod:BloodBarrier"],"picked":"SKIP","floor":13.0},{"not_picked":["TheCursedMod:StunningStrike","TheCursedMod:ShockAndAwe","TheCursedMod:ForbiddenAlchemy"],"picked":"TheCursedMod:CircleOfAbyss","floor":16.0},{"not_picked":["TheCursedMod:SpitefulPray+1","TheCursedMod:SmokeScreen","TheCursedMod:SpitefulStrike"],"picked":"TheCursedMod:TroublousMinions","floor":23.0},{"not_picked":["TheCursedMod:Stigma","TheCursedMod:TacticalStrike","TheCursedMod:SmokeScreen","TheCursedMod:BloodBarrier"],"picked":"SKIP","floor":24.0},{"not_picked":["TheCursedMod:CircleOfWindfury","TheCursedMod:CursedBoomerang","TheCursedMod:RapidMovement"],"picked":"TheCursedMod:SurpriseAttack+1","floor":27.0},{"not_picked":["TheCursedMod:BlessingInDisguise","TheCursedMod:SaltUponWound","TheCursedMod:StingEye"],"picked":"TheCursedMod:SpreadPlague","floor":30.0},{"not_picked":["TheCursedMod:Wield+1","TheCursedMod:EmpowerCircles","TheCursedMod:SmokeScreen","TheCursedMod:SpitefulStrike+1"],"picked":"SKIP","floor":40.0},{"not_picked":["TheCursedMod:StingEye+1","TheCursedMod:RapidMovement","TheCursedMod:CursedMace+1","TheCursedMod:Wield+1"],"picked":"SKIP","floor":41.0},{"not_picked":["TheCursedMod:RavingStaff+1","TheCursedMod:SpitefulPlan","TheCursedMod:CursedMace+1","TheCursedMod:ManaCirculation"],"picked":"SKIP","floor":42.0},{"not_picked":["TheCursedMod:CircleOfCorruption+1","TheCursedMod:SpitefulStrike+1","TheCursedMod:Wield+1","TheCursedMod:FleshFromBone+1"],"picked":"SKIP","floor":44.0}],"player_experience":420408,"relics_obtained":[{"floor":1.0,"key":"Bag of Marbles"},{"floor":3.0,"key":"Happy Flower"},{"floor":4.0,"key":"Replay:Rubber Ducky"},{"floor":5.0,"key":"TheCursedMod:CrystalBall"},{"floor":6.0,"key":"Replay:Bandana"},{"floor":7.0,"key":"ReplayFunnel"},{"floor":9.0,"key":"ReplayTheSpireMod:TigerMarble"},{"floor":11.0,"key":"Question Card"},{"floor":13.0,"key":"Blue Doll"},{"floor":14.0,"key":"Lantern"},{"floor":18.0,"key":"Akabeko"},{"floor":19.0,"key":"Mummified Hand"},{"floor":21.0,"key":"The Courier"},{"floor":22.0,"key":"Pen Nib"},{"floor":23.0,"key":"Orichalcum"},{"floor":24.0,"key":"Oddly Smooth Stone"},{"floor":26.0,"key":"Replay:Wax Seal"},{"floor":27.0,"key":"Centennial Puzzle"},{"floor":29.0,"key":"Whetstone"},{"floor":30.0,"key":"Matryoshka"},{"floor":35.0,"key":"Dead Branch"},{"floor":37.0,"key":"Letter Opener"},{"floor":40.0,"key":"Bottled Tornado"},{"floor":43.0,"key":"MealTicket"},{"floor":43.0,"key":"Anchor"},{"floor":44.0,"key":"Ancient Tea Set"},{"floor":45.0,"key":"Potion Belt"},{"floor":47.0,"key":"Torii"},{"floor":48.0,"key":"StrikeDummy"}],"event_choices":[],"is_beta":false,"boss_relics":[{"not_picked":["Black Star","Replay:Grab Bag"],"picked":"TheCursedMod:FourLeafCloverCharm"},{"not_picked":["Astrolabe","Runic Pyramid"],"picked":"ChewingGum"}],"items_purged_floors":[28,46],"is_endless":false,"potions_floor_spawned":[3,4,5,14,18,19,22,24,30,40,42,44,45,48],"ascension_level":2}}