{"host":"raaimkojny05jekw","time":1609922995,"event":{"mods":["AchievementEnabler","BaseMod","Colored Map","Colored Powertips","DeckTracker","Minty Spire (QoL Compilation)","Quick Restart","Rare Cards Sparkle","everything is the same but u backflip on backflip"],"gold_per_floor":[111,36,50,61,39,39,56,56,56,76,1,14,30,45,45,119,119,134,45,320,220,237,271,271,284,359,359,284,284,284],"floor_reached":29,"playtime":1128,"items_purged":["Strike_G","Regret"],"score":478,"play_id":"5907ac31-cca1-4291-8bed-e2dc6e60bd76","local_time":"20210106174955","is_ascension_mode":true,"campfire_choices":[{"data":"Flying Knee","floor":6,"key":"SMITH"},{"data":"Leg Sweep","floor":8,"key":"SMITH"},{"data":"Deadly Poison","floor":15,"key":"SMITH"},{"floor":24,"key":"REST"}],"circlet_count":0,"master_deck":["AscendersBane","Strike_G","Strike_G","Strike_G","Defend_G","Defend_G","Defend_G","Defend_G","Survivor","Neutralize","Escape Plan","Backstab","Leg Sweep+1","Flying Knee+1","Blade Dance","Deflect","Footwork","Dagger Spray","Deadly Poison+1","After Image","Accuracy","Accuracy"],"relics":["Ring of the Serpent","The Specimen","Ninja Scroll","Dream Catcher","Bottled Flame","Orichalcum"],"acts_visited":["Exordium","TheCity"],"potions_floor_usage":[5,16,16,22,23],"damage_taken":[{"damage":0,"enemies":"2 Louse","floor":1,"turns":4},{"damage":11,"enemies":"Jaw Worm","floor":3,"turns":6},{"damage":1,"enemies":"Cultist","floor":4,"turns":5},{"damage":3,"enemies":"Exordium Thugs","floor":5,"turns":4},{"damage":3,"enemies":"Blue Slaver","floor":7,"turns":6},{"damage":2,"enemies":"Exordium Wildlife","floor":10,"turns":5},{"damage":8,"enemies":"Large Slime","floor":12,"turns":8},{"damage":1,"enemies":"Looter","floor":13,"turns":3},{"damage":0,"enemies":"Lots of Slimes","floor":14,"turns":4},{"damage":23,"enemies":"Hexaghost","floor":16,"turns":10},{"damage":9,"enemies":"2 Thieves","floor":18,"turns":4},{"damage":0,"enemies":"Chosen","floor":22,"turns":3},{"damage":34,"enemies":"Book of Stabbing","floor":23,"turns":7},{"damage":8,"enemies":"3 Cultists","floor":25,"turns":6},{"damage":22,"enemies":"Slavers","floor":29,"turns":4}],"seed_played":"4869625285294400935","potions_obtained":[{"floor":1,"key":"Strength Potion"},{"floor":3,"key":"LiquidMemories"},{"floor":10,"key":"Energy Potion"},{"floor":16,"key":"Fruit Juice"},{"floor":22,"key":"PowerPotion"}],"is_trial":false,"path_per_floor":["M","$","M","M","M","R","M","R","T","M","?","M","M","M","R","B",null,"M","$","?","$","M","E","R","M","T","T","?","E"],"character_chosen":"THE_SILENT","items_purchased":["Accuracy"],"campfire_rested":1,"item_purchase_floors":[19],"current_hp_per_floor":[59,59,48,47,44,44,41,41,41,39,39,31,30,30,30,12,52,43,43,43,43,43,9,28,20,20,20,20,0,0],"gold":284,"neow_bonus":"ONE_RARE_RELIC","is_daily":false,"chose_seed":false,"campfire_upgraded":3,"win_rate":0.0,"timestamp":1609922995,"path_taken":["M","$","M","M","M","R","M","R","T","M","?","M","M","M","R","BOSS","M","$","?","$","?","E","R","M","T","?","?","E"],"items_purchased_type":["Card"],"build_version":"2020-12-22","purchased_purges":2,"victory":false,"max_hp_per_floor":[60,60,60,60,60,60,60,60,60,60,60,60,60,60,60,65,65,65,65,65,65,65,65,65,65,65,65,65,65,65],"card_choices":[{"not_picked":["Flechettes","PiercingWail"],"picked":"Escape Plan","floor":1},{"not_picked":["Acrobatics","Choke"],"picked":"Backstab","floor":3},{"not_picked":["Blade Dance","Quick Slash"],"picked":"Leg Sweep","floor":4},{"not_picked":["Slice","Outmaneuver"],"picked":"Flying Knee","floor":5},{"not_picked":["Tactician","Riddle With Holes"],"picked":"Blade Dance","floor":7},{"not_picked":["Flechettes","Prepared"],"picked":"Deflect","floor":10},{"not_picked":["Concentrate","Caltrops"],"picked":"Footwork","floor":12},{"not_picked":["Dagger Throw","Distraction"],"picked":"Dagger Spray","floor":13},{"not_picked":["Blade Dance","Acrobatics"],"picked":"Deadly Poison","floor":14},{"not_picked":["Glass Knife","Night Terror"],"picked":"After Image","floor":16},{"not_picked":["Reflex","PiercingWail","Leg Sweep"],"picked":"SKIP","floor":18},{"not_picked":["Predator","Underhanded Strike+1","Sucker Punch"],"picked":"SKIP","floor":22},{"not_picked":["Eviscerate","Dash","Underhanded Strike"],"picked":"SKIP","floor":23},{"not_picked":["Masterful Stab","Finisher"],"picked":"Accuracy","floor":25}],"player_experience":722272,"relics_obtained":[{"floor":9,"key":"Ninja Scroll"},{"floor":23,"key":"Dream Catcher"},{"floor":26,"key":"Bottled Flame"},{"floor":27,"key":"Orichalcum"}],"event_choices":[{"cards_removed":["Defend_G"],"damage_healed":0,"gold_gain":0,"player_choice":"Card Removal","damage_taken":0,"max_hp_gain":0,"max_hp_loss":0,"event_name":"The Cleric","floor":11,"gold_loss":75},{"damage_healed":0,"gold_gain":275,"player_choice":"Desecrate","damage_taken":0,"max_hp_gain":0,"max_hp_loss":0,"event_name":"Golden Shrine","floor":20,"gold_loss":0,"cards_obtained":["Regret"]},{"cards_removed":["Strike_G"],"damage_healed":0,"gold_gain":0,"player_choice":"Gave Gold","damage_taken":0,"max_hp_gain":0,"max_hp_loss":0,"event_name":"Beggar","floor":28,"gold_loss":75}],"is_beta":false,"boss_relics":[{"not_picked":["Pandora\u0027s Box","SlaversCollar"],"picked":"Ring of the Serpent"}],"items_purged_floors":[2,21],"is_endless":false,"potions_floor_spawned":[1,3,10,12,16,22],"killed_by":"Slavers","ascension_level":20}}