{"host":"n7mxhpjy89lltbhc","time":1609930432,"event":{"mods":["2.2 Compatiblity","Act Like it!","Bard","BaseMod","Better Match","Better Sensory Stone","Better Synergies","Better Third Choice","Better Vampires","BetterRewards","Challenge The Spire","Colored Map","Colored Powertips","Downfall","Gensokyo","Hubris","Infinite Spire","Jedi Mod","Marisa????????","Marked Mod","Minty Spire (QoL Compilation)","Permanent Neow","Rare Cards Sparkle","Relic Sorter","Relic Stats","Replay The Spire","Shop Mod","Small Relic Pack","Spicy Shops","StSLib","Strawberry Spire","The Blue Laboratory","The Disciple","The Marked","The Servant 0.9.4","Uncapped","Waifu the Spire","Wandering Minibosses","vexMod"],"gold_per_floor":[110,110,110,130,149,179,179,213,283,330,330,364,376,406,406,477,477,497,78,78,92,111,137,137,167,191,191,191,191,221,236,236,309,309,325,339,339,339,339,339,366,366,448,478,478,22,207,219,219,219],"floor_reached":51,"playtime":2788,"items_purged":["CommonCold","Strike_MRS","Strike_MRS","DC","MasterSpark"],"score":1666,"play_id":"8b7cd980-ca88-483c-8f3c-5439d5e31eb6","local_time":"25640106175352","is_ascension_mode":true,"campfire_choices":[{"data":"ReplayTheSpireMod:??????????????????????","floor":7.0,"key":"SMITH"},{"floor":11.0,"key":"REST"},{"data":"OortCloud","floor":15.0,"key":"SMITH"},{"data":"EarthLightRay","floor":24.0,"key":"SMITH"},{"data":"UltimateShortwave","floor":27,"key":"SMITH"},{"data":"Strike_MRS","floor":32,"key":"PURGE"},{"data":"OortCloud","floor":40,"key":"SMITH"},{"floor":42,"key":"REST"},{"data":"DC","floor":45,"key":"PURGE"},{"floor":49,"key":"REST"}],"circlet_count":0,"master_deck":["AscendersBane","Defend_MRS","Defend_MRS","Defend_MRS","Defend_MRS","UpSweep+1","expansioncontent:DashGenerateEvil","ReplayTheSpireMod:??????????????????????+1","AlicesGift","6A","UltimateShortwave+1","PowerUp+1","OortCloud+1","EarthLightRay+1","AsteroidBelt","UnstableBomb+1","ShootTheMoon","BinaryStars+1","MillisecondPulsars","OortCloud+1","GalacticHalo+1","MachineGunSpark+1"],"relics":["MiniHakkero","hubris:DeckOfHolding","Spirit Poop","Ice Cream","hubris:MysteriousPyramids","Peace Pipe","hubris:SphereOfDissonance","Black Star","Whetstone","hubris:Zylophone","Replay:Ringing Soul","vexMod:BarristanHead","strawberrySpire:DirtyLipstick","Nunchaku","Omamori","jedi:heavyjacket","infinitespire:Beetle Shell","jedi:shrinkray","SacredBark","strawberrySpire:ThornyGelberry","hubris:Towel","relicPack:DSword","hubris:TinFlute","strawberrySpire:CharschorBlot","Pantograph","War Paint","strawberrySpire:ElefentMask","Replay:Wax Seal","ClockworkSouvenir"],"acts_visited":["Exordium","TheCity","TheBeyond"],"potions_floor_usage":[28,41,50],"damage_taken":[{"damage":6.0,"enemies":"Cultist","floor":1.0,"turns":3.0},{"damage":2.0,"enemies":"Small Slimes","floor":4.0,"turns":3.0},{"damage":0.0,"enemies":"2 Louse","floor":5.0,"turns":1.0},{"damage":10.0,"enemies":"3 Sentries","floor":6.0,"turns":8.0},{"damage":22.0,"enemies":"Gremlin Nob","floor":8.0,"turns":4.0},{"damage":11.0,"enemies":"3 Sentries","floor":10.0,"turns":4.0},{"damage":0.0,"enemies":"Gremlin Nob","floor":12.0,"turns":2.0},{"damage":1.0,"enemies":"Looter","floor":13.0,"turns":2.0},{"damage":20.0,"enemies":"3 Sentries","floor":14.0,"turns":4.0},{"damage":19.0,"enemies":"The Guardian","floor":16.0,"turns":6.0},{"damage":14.0,"enemies":"2 Thieves","floor":18.0,"turns":4.0},{"damage":9.0,"enemies":"Spheric Guardian","floor":21.0,"turns":5.0},{"damage":10.0,"enemies":"Snake Plant","floor":22.0,"turns":5.0},{"damage":7.0,"enemies":"strawberrySpire:AncientClocktower","floor":23.0,"turns":6.0},{"damage":0,"enemies":"Nightmare","floor":25,"turns":6},{"damage":0,"enemies":"Slavers","floor":30,"turns":5},{"damage":0,"enemies":"Snecko","floor":31,"turns":2},{"damage":6,"enemies":"Collector","floor":33,"turns":10},{"damage":0,"enemies":"3 Shapes","floor":35,"turns":2},{"damage":0,"enemies":"Orb Walker","floor":36,"turns":2},{"damage":9,"enemies":"strawberrySpire:EssenceStones","floor":41,"turns":4},{"damage":3,"enemies":"R_Hoarder","floor":44,"turns":4},{"damage":0,"enemies":"Transient","floor":48,"turns":5},{"damage":4,"enemies":"infinitespire:MassOfShapes","floor":50,"turns":4}],"seed_played":"2431578995770072211","potions_obtained":[{"floor":1.0,"key":"blueLaboratory:NullPotion"},{"floor":8.0,"key":"FearPotion"},{"floor":10.0,"key":"jedi:mysterypotion"},{"floor":12.0,"key":"blueLaboratory:AbyssPotion"},{"floor":13.0,"key":"Energy Potion"},{"floor":16.0,"key":"infinitespire:BlackPotion"},{"floor":22.0,"key":"blueLaboratory:PolymorphPotion"},{"floor":25,"key":"Explosive Potion"},{"floor":30,"key":"Languid Potion"}],"is_trial":false,"path_per_floor":["M","?","?","M","M","E","R","E","T","E","R","E","M","E","R","B",null,"M","$","AVR","M","M","E","R","NM","T","R","?","?","E","M","R","B",null,"M","M","AVR","?","?","R","E","R","T","E","R","$","?","M","R","B",null],"character_chosen":"MARISA","items_purchased":["DC","Whetstone","Replay:Wax Seal","ClockworkSouvenir","blueLaboratory:BottleOfRum","MachineGunSpark+1"],"campfire_rested":3,"item_purchase_floors":[19,19,46,46,46,46],"current_hp_per_floor":[57,57,57,55,55,45,45,23,23,12,30,30,29,13,13,1,48,38,38,38,33,27,24,24,33,33,33,33,33,39,39,39,42,62,65,65,65,65,30,30,30,52,52,55,55,58,27,33,56,74],"gold":219,"neow_bonus":"RANDOM_COLORLESS_2","is_daily":false,"chose_seed":false,"campfire_upgraded":5,"win_rate":0.0,"timestamp":1609930432,"path_taken":["M","?","?","M","M","E","R","E","T","E","R","E","M","E","R","BOSS","M","?","AVR","M","?","E","R","NM","T","R","?","?","E","?","R","BOSS","M","M","AVR","?","?","R","E","R","T","E","R","$","?","M","R","BOSS"],"items_purchased_type":["Card","Relic","Relic","Relic","Potion","Card"],"build_version":"2020-12-22","purchased_purges":5,"victory":true,"max_hp_per_floor":[63,63,63,63,63,63,63,63,63,63,63,63,63,63,63,63,63,63,63,63,63,63,63,63,66,66,66,66,66,66,66,66,69,69,72,72,72,72,72,72,75,75,75,75,75,78,78,78,78,78],"relic_stats":{"Peace Pipe":3,"Nunchaku":[9],"counters":[24,101],"Pantograph":22,"Black Star":5,"Whetstone":["Strike_MRS","UpSweep"],"War Paint":["BinaryStars","PowerUp"],"obtain_stats":[{"Ice Cream":6,"relicPack:DSword":39,"strawberrySpire:ThornyGelberry":37,"SacredBark":34,"Spirit Poop":3,"Whetstone":19,"hubris:MysteriousPyramids":9,"jedi:shrinkray":30,"ClockworkSouvenir":46,"Replay:Ringing Soul":23,"Nunchaku":25,"Pantograph":43,"hubris:DeckOfHolding":8,"Replay:Wax Seal":46,"hubris:TinFlute":41,"strawberrySpire:ElefentMask":44,"jedi:command_uncommon":29,"hubris:SphereOfDissonance":14,"infinitespire:Beetle Shell":30,"Omamori":26,"hubris:Towel":38,"War Paint":44,"strawberrySpire:DirtyLipstick":25,"Peace Pipe":12,"hubris:Zylophone":20,"jedi:heavyjacket":29,"vexMod:BarristanHead":23,"strawberrySpire:CharschorBlot":41,"Black Star":17,"MiniHakkero":0},{"Ice Cream":4,"relicPack:DSword":20,"strawberrySpire:ThornyGelberry":20,"SacredBark":18,"Spirit Poop":1,"Whetstone":11,"hubris:MysteriousPyramids":5,"jedi:shrinkray":16,"ClockworkSouvenir":22,"Replay:Ringing Soul":14,"Nunchaku":15,"Pantograph":21,"hubris:DeckOfHolding":5,"Replay:Wax Seal":22,"hubris:TinFlute":21,"strawberrySpire:ElefentMask":22,"jedi:command_uncommon":15,"hubris:SphereOfDissonance":9,"infinitespire:Beetle Shell":16,"Omamori":15,"hubris:Towel":20,"War Paint":22,"strawberrySpire:DirtyLipstick":15,"Peace Pipe":7,"hubris:Zylophone":11,"jedi:heavyjacket":15,"vexMod:BarristanHead":14,"strawberrySpire:CharschorBlot":21,"Black Star":10,"MiniHakkero":0},{"Ice Cream":15,"relicPack:DSword":84,"strawberrySpire:ThornyGelberry":84,"SacredBark":80,"Spirit Poop":3,"Whetstone":41,"hubris:MysteriousPyramids":19,"jedi:shrinkray":68,"ClockworkSouvenir":92,"Replay:Ringing Soul":57,"Nunchaku":63,"Pantograph":88,"hubris:DeckOfHolding":19,"Replay:Wax Seal":92,"hubris:TinFlute":88,"strawberrySpire:ElefentMask":92,"jedi:command_uncommon":63,"hubris:SphereOfDissonance":31,"infinitespire:Beetle Shell":68,"Omamori":63,"hubris:Towel":84,"War Paint":92,"strawberrySpire:DirtyLipstick":63,"Peace Pipe":25,"hubris:Zylophone":41,"jedi:heavyjacket":63,"vexMod:BarristanHead":57,"strawberrySpire:CharschorBlot":88,"Black Star":37,"MiniHakkero":0}]},"card_choices":[{"not_picked":["jedi:LeechingStrike","expansioncontent:Corrupt"],"picked":"expansioncontent:DashGenerateEvil","floor":0.0},{"not_picked":["SuperPerseids","OpenUniverse"],"picked":"DC","floor":1.0},{"not_picked":["infinitespire:Starlight","infinitespire:Punishment"],"picked":"ReplayTheSpireMod:??????????????????????","floor":2.0},{"not_picked":["GravityBeat","OpenUniverse"],"picked":"AlicesGift","floor":4.0},{"not_picked":["Occultation","Acceleration"],"picked":"6A","floor":5.0},{"not_picked":["FairyDestructionRay","LuminesStrike"],"picked":"UltimateShortwave","floor":6.0},{"not_picked":["DoubleSpark","LuminesStrike"],"picked":"PowerUp","floor":8.0},{"not_picked":["PropBag","AsteroidBelt"],"picked":"OortCloud","floor":10.0},{"not_picked":["LuminesStrike","SprinkleStarSeal","GasGiant"],"picked":"SKIP","floor":12.0},{"not_picked":["LuminesStrike","SprinkleStarSeal","GasGiant"],"picked":"SKIP","floor":12.0},{"not_picked":["PropBag","Acceleration"],"picked":"EarthLightRay","floor":13.0},{"not_picked":["SuperNova","6A"],"picked":"AsteroidBelt","floor":14.0},{"not_picked":["6A","GrandCross"],"picked":"UnstableBomb+1","floor":18.0},{"not_picked":["PulseMagic","NonDirectionalLaser","OneTimeOff"],"picked":"SKIP","floor":21.0},{"not_picked":["DC","WitchOfGreed"],"picked":"ShootTheMoon","floor":22.0},{"not_picked":["OrrerysSun","ManaConvection","OneTimeOff"],"picked":"SKIP","floor":23.0},{"not_picked":["ShootingEcho","GrandCross"],"picked":"BinaryStars","floor":25},{"not_picked":["StarDustReverie","AbsoluteMagnitude","PulseMagic+1"],"picked":"SKIP","floor":30},{"not_picked":["UnstableBomb","OrrerysSun","GravityBeat"],"picked":"SKIP","floor":31},{"not_picked":["MaximisePower","SuperNova"],"picked":"MillisecondPulsars","floor":33},{"not_picked":["NonDirectionalLaser","SporeBomb+1"],"picked":"OortCloud","floor":35},{"not_picked":["NonDirectionalLaser","DoubleSpark","DC"],"picked":"SKIP","floor":36},{"not_picked":["MysteriousBeam+1","IllusionStar","SuperPerseids"],"picked":"SKIP","floor":41},{"not_picked":["OpenUniverse","DragonMeteor","6A"],"picked":"SKIP","floor":44},{"not_picked":["DeepEcoloBomb+1","SprinkleStarSeal+1","NonDirectionalLaser"],"picked":"SKIP","floor":48}],"player_experience":1028859,"relics_obtained":[{"floor":6.0,"key":"Ice Cream"},{"floor":8.0,"key":"hubris:DeckOfHolding"},{"floor":9.0,"key":"hubris:MysteriousPyramids"},{"floor":12.0,"key":"Peace Pipe"},{"floor":14.0,"key":"hubris:SphereOfDissonance"},{"floor":23.0,"key":"Replay:Ringing Soul"},{"floor":23.0,"key":"vexMod:BarristanHead"},{"floor":25,"key":"strawberrySpire:DirtyLipstick"},{"floor":25,"key":"Nunchaku"},{"floor":26,"key":"Omamori"},{"floor":30,"key":"infinitespire:Beetle Shell"},{"floor":30,"key":"jedi:shrinkray"},{"floor":41,"key":"hubris:TinFlute"},{"floor":41,"key":"strawberrySpire:CharschorBlot"},{"floor":43,"key":"Pantograph"},{"floor":44,"key":"War Paint"},{"floor":44,"key":"strawberrySpire:ElefentMask"}],"event_choices":[{"cards_removed":["Overencumbered"],"damage_healed":0.0,"max_hp_gain":0.0,"max_hp_loss":0.0,"gold_gain":0.0,"event_name":"Bonfire Elementals","player_choice":"Offered Curse","floor":3.0,"gold_loss":0.0,"damage_taken":0.0,"relics_obtained":["Spirit Poop"]}],"is_beta":false,"boss_relics":[{"not_picked":["Runic Dome","hubris:ScarierMask"],"picked":"Black Star"},{"not_picked":["vexMod:TanglingVine","Honey Jar"],"picked":"SacredBark"}],"items_purged_floors":[19,19,20,37,46],"is_endless":false,"potions_floor_spawned":[1,8,10,12,13,16,21,22,25,30,33,36,48],"ascension_level":17}}