{"host":"ty2cix8xj6r3ad26","time":1609972097,"event":{"mods":["AchievementEnabler","BaseMod","BetterRewards","Minty Spire (QoL Compilation)","Replay The Spire","StSLib","SuperFastMode"],"gold_per_floor":[113,127,143,153,153,153,170,187,233,233,233,233,244,275,275,373,373,384,384,401,37,48,80,80,114,114,189,189,203,213,213,213,310,310,320,320,337,337,25,25,25,25,25,42,42,55,55,65,65,65,65,65,65,90,90],"floor_reached":56,"playtime":3976,"items_purged":["Strike_P","Strike_P"],"score":1253,"play_id":"5b63b6d0-dcf8-45d2-a31c-3425f592229c","local_time":"20210107002817","is_ascension_mode":true,"campfire_choices":[{"data":"PathToVictory","floor":6,"key":"SMITH"},{"data":"Vigilance","floor":10,"key":"SMITH"},{"floor":15,"key":"RECALL"},{"floor":24,"key":"DIG"},{"data":"Scrawl","floor":28,"key":"SMITH"},{"data":"Sadistic Nature","floor":32,"key":"SMITH"},{"floor":40,"key":"DIG"},{"data":"ClearTheMind","floor":42,"key":"SMITH"},{"floor":47,"key":"DIG"},{"floor":52,"key":"DIG"}],"circlet_count":0,"master_deck":["Defend_P","Defend_P","Vigilance+1","EmptyBody+1","PathToVictory+1","ClearTheMind+1","WaveOfTheHand+1","Alpha+1","Scrawl+1","Consecrate+1","BowlingBash+1","Sadistic Nature+1","Madness","Madness+1","Sadistic Nature+1","Replay:AtTheReady+1"],"relics":["PureWater","Snack Pack","Pen Nib","Ice Cream","Akabeko","Replay:Mystery Machine","Astrolabe","Shovel","Meat on the Bone","Bag of Preparation","ReplayTheSpireMod:Ninjato","SacredBark","FossilizedHelix","ReplayTheSpireMod:Shallot","Replay:Accelerometer","Replay:Multitool","Mercury Hourglass","Replay:WaspNest"],"acts_visited":["Exordium","TheCity","TheBeyond","TheEnding"],"potions_floor_usage":[7,8,14,18,22,23,25,44,54,55,55],"damage_taken":[{"damage":0,"enemies":"Cultist","floor":1,"turns":3},{"damage":0,"enemies":"2 Louse","floor":2,"turns":3},{"damage":0,"enemies":"Jaw Worm","floor":3,"turns":3},{"damage":0,"enemies":"2 Fungi Beasts","floor":4,"turns":3},{"damage":2,"enemies":"Red Slaver","floor":7,"turns":5},{"damage":0,"enemies":"Gremlin Gang","floor":8,"turns":6},{"damage":5,"enemies":"Blue Slaver","floor":13,"turns":4},{"damage":10,"enemies":"Lagavulin","floor":14,"turns":4},{"damage":2,"enemies":"Hexaghost","floor":16,"turns":7},{"damage":6,"enemies":"3 Byrds","floor":18,"turns":3},{"damage":19,"enemies":"2 Thieves","floor":20,"turns":4},{"damage":3,"enemies":"Centurion and Healer","floor":22,"turns":5},{"damage":9,"enemies":"Book of Stabbing","floor":23,"turns":4},{"damage":22,"enemies":"Gremlin Leader","floor":25,"turns":5},{"damage":10,"enemies":"Shelled Parasite and Fungi","floor":29,"turns":4},{"damage":0,"enemies":"Snake Plant","floor":30,"turns":2},{"damage":31,"enemies":"Automaton","floor":33,"turns":7},{"damage":17,"enemies":"3 Darklings","floor":35,"turns":3},{"damage":0,"enemies":"3 Shapes","floor":37,"turns":3},{"damage":0,"enemies":"Writhing Mass","floor":44,"turns":5},{"damage":0,"enemies":"4 Shapes","floor":46,"turns":2},{"damage":0,"enemies":"3 Darklings","floor":48,"turns":3},{"damage":40,"enemies":"Time Eater","floor":50,"turns":9},{"damage":0,"enemies":"Shield and Spear","floor":54,"turns":4},{"damage":88,"enemies":"The Heart","floor":55,"turns":6}],"seed_played":"-4869812076212788487","potions_obtained":[{"floor":1,"key":"BlessingOfTheForge"},{"floor":3,"key":"DistilledChaos"},{"floor":7,"key":"Elixir"},{"floor":13,"key":"BottledMiracle"},{"floor":16,"key":"Block Potion"},{"floor":20,"key":"Energy Potion"},{"floor":22,"key":"LiquidBronze"},{"floor":23,"key":"AttackPotion"},{"floor":33,"key":"Regen Potion"},{"floor":35,"key":"Adrenaline Potion"},{"floor":48,"key":"BottledMiracle"},{"floor":54,"key":"LiquidBronze"}],"is_trial":false,"path_per_floor":["M","M","M","M","?","R","M","M","T","R","?","?","M","E","R","B",null,"M","T","M","$","M","E","R","E","T","?","R","M","M","?","R","B",null,"M","?","M","?","$","R","?","R","T","M","?","M","R","M","R","B",null,"R","$","E","B",null],"character_chosen":"WATCHER","items_purchased":["EmptyBody+1","Snack Pack","Pen Nib","Ice Cream","Sadistic Nature","FairyPotion","FossilizedHelix"],"campfire_rested":0,"item_purchase_floors":[0,0,0,0,21,21,39],"current_hp_per_floor":[40,42,42,44,44,44,42,44,44,44,44,44,39,29,29,27,72,66,66,49,49,48,43,43,35,35,28,28,34,46,46,46,31,72,55,46,46,46,46,46,46,46,46,46,46,46,46,46,67,39,72,72,72,72,31],"gold":90,"neow_bonus":"","is_daily":false,"chose_seed":false,"campfire_upgraded":5,"win_rate":0.0,"timestamp":1609972097,"path_taken":["M","?","M","M","?","R","M","M","T","R","?","?","M","E","R","BOSS","M","?","?","?","M","E","R","E","T","?","R","M","?","?","R","BOSS","M","?","M","?","$","R","?","R","T","?","?","?","R","M","R","BOSS","R","$","E","BOSS"],"items_purchased_type":["Card","Relic","Relic","Relic","Card","Potion","Relic"],"build_version":"2020-12-22","purchased_purges":2,"victory":true,"max_hp_per_floor":[72,72,72,72,72,72,72,72,72,72,72,72,72,72,72,72,72,72,72,72,72,72,72,72,72,72,72,72,72,72,72,72,72,72,72,72,72,72,72,72,72,72,72,72,72,72,72,72,72,72,72,72,72,72,72],"card_choices":[{"not_picked":["WreathOfFlame","ForeignInfluence","JustLucky"],"picked":"SKIP","floor":1},{"not_picked":["Replay:AtTheReady","ClearTheMind"],"picked":"PathToVictory","floor":2},{"not_picked":["Fasting2","Crescendo"],"picked":"ClearTheMind","floor":3},{"not_picked":["EmptyBody","FollowUp"],"picked":"WaveOfTheHand","floor":4},{"not_picked":["FlurryOfBlows","BowlingBash","Replay:DivineShield"],"picked":"SKIP","floor":7},{"not_picked":["Wallop","Prostrate","Wireheading"],"picked":"SKIP","floor":8},{"not_picked":["BowlingBash","Prostrate","Collect"],"picked":"SKIP","floor":13},{"not_picked":["Replay:Hum","BowlingBash","Wireheading"],"picked":"SKIP","floor":14},{"not_picked":["Replay:AllIn","Establishment"],"picked":"Scrawl","floor":16},{"not_picked":["Protect","CrushJoints","SashWhip"],"picked":"SKIP","floor":18},{"not_picked":["Replay:ManipulateFuture","FollowUp","LessonLearned"],"picked":"SKIP","floor":20},{"not_picked":["Fasting2","Perseverance+1","Crescendo+1"],"picked":"SKIP","floor":22},{"not_picked":["EmptyMind","Nirvana","Replay:Hum"],"picked":"SKIP","floor":23},{"not_picked":["WindmillStrike","Replay:AtTheReady+1","Protect+1"],"picked":"SKIP","floor":25},{"not_picked":["FlurryOfBlows","Adaptation","SashWhip+1"],"picked":"SKIP","floor":29},{"not_picked":["Consecrate","Vengeance","Prostrate+1"],"picked":"SKIP","floor":30},{"not_picked":["Replay:BluntJabs+1","Crescendo","Replay:Hum+1"],"picked":"SKIP","floor":35},{"not_picked":["Halt","FlurryOfBlows","SandsOfTime"],"picked":"SKIP","floor":37},{"not_picked":["PathToVictory+1","Weave+1","Vengeance"],"picked":"SKIP","floor":44},{"not_picked":["WheelKick+1","Replay:AllIn"],"picked":"Replay:AtTheReady+1","floor":46},{"not_picked":["Swivel+1","Crescendo","Replay:ManipulateFuture"],"picked":"SKIP","floor":48},{"not_picked":["CutThroughFate","Fasting2+1","CrushJoints"],"picked":"SKIP","floor":54}],"player_experience":432518,"relics_obtained":[{"floor":9,"key":"Akabeko"},{"floor":14,"key":"Replay:Mystery Machine"},{"floor":19,"key":"Shovel"},{"floor":23,"key":"Meat on the Bone"},{"floor":24,"key":"Bag of Preparation"},{"floor":25,"key":"ReplayTheSpireMod:Ninjato"},{"floor":40,"key":"ReplayTheSpireMod:Shallot"},{"floor":43,"key":"Replay:Accelerometer"},{"floor":47,"key":"Replay:Multitool"},{"floor":52,"key":"Mercury Hourglass"},{"floor":54,"key":"Replay:WaspNest"}],"event_choices":[{"damage_healed":0,"gold_gain":0,"player_choice":"Ignored","damage_taken":0,"max_hp_gain":0,"max_hp_loss":0,"event_name":"Liars Game","floor":5,"gold_loss":0},{"damage_healed":0,"gold_gain":0,"player_choice":"Upgraded","damage_taken":0,"max_hp_gain":0,"max_hp_loss":0,"event_name":"Upgrade Shrine","floor":12,"gold_loss":0,"cards_upgraded":["WaveOfTheHand"]},{"damage_healed":0,"gold_gain":75,"player_choice":"Touch","damage_taken":7,"max_hp_gain":0,"max_hp_loss":0,"event_name":"FaceTrader","floor":27,"gold_loss":0},{"damage_healed":0,"gold_gain":0,"player_choice":"Ignored","damage_taken":0,"max_hp_gain":0,"max_hp_loss":0,"event_name":"Cursed Tome","floor":31,"gold_loss":0},{"damage_healed":0,"gold_gain":0,"player_choice":"Embrace Madness","damage_taken":9,"max_hp_gain":0,"max_hp_loss":0,"event_name":"Winding Halls","floor":36,"gold_loss":0,"cards_obtained":["Madness","Madness"]},{"cards_removed":["FlurryOfBlows"],"damage_healed":0,"gold_gain":0,"player_choice":"Removed Attack","damage_taken":0,"max_hp_gain":0,"max_hp_loss":0,"event_name":"Falling","floor":38,"gold_loss":0},{"cards_removed":["Defend_P"],"damage_healed":0,"gold_gain":0,"player_choice":"Purged","damage_taken":0,"max_hp_gain":0,"max_hp_loss":0,"event_name":"Purifier","floor":41,"gold_loss":0},{"damage_healed":0,"gold_gain":0,"player_choice":"Copied","damage_taken":0,"max_hp_gain":0,"max_hp_loss":0,"event_name":"Duplicator","floor":45,"gold_loss":0,"cards_obtained":["Sadistic Nature"]}],"is_beta":false,"boss_relics":[{"not_picked":["ChewingGum","Replay:Drink Me"],"picked":"Astrolabe"},{"not_picked":["Velvet Choker","Pandora\u0027s Box"],"picked":"SacredBark"}],"items_purged_floors":[0,21],"is_endless":false,"potions_floor_spawned":[1,3,7,13,16,20,22,23,33,35,48,54],"ascension_level":2}}