{"host":"z9grmtg2w0nmz8n1","time":1609914148,"event":{"mods":["Aspiration","Bard","BaseMod","Beaked The Cultist","Better Altar","Better Match","Better Note","Better Sensory Stone","Better Skull","Better Third Choice","BetterRewards","CCEM","Colored Map","Conspire","Downfall","GifTheSpireLib","Googly Eyes","Halation","Hermit","Highlight Path","Hubris","Hunter ??","Jedi Mod","Jorbs\u0027s Wanderer Trilogy","Mad Scientist","Marisa????????","Minty Spire (QoL Compilation)","Permanent Neow","Replay The Spire","Shade Mod","Shop Mod","Spicy Shops","StSLib","Stuff the Spire","The Bug Knight","The Construct","The Necromancer","The Runesmith","The Witch"],"gold_per_floor":[114,114,114,131,141,172,172,198,198,212,212,212,242,255,255,358,358,370,200,229,229,242,242,70,103,153,164,192,202,77,92,92,189,189,202,214,214,63,113,144,164,164,191,225,238,158,187,203,203,203,203],"floor_reached":50,"playtime":3636,"items_purged":["Runesmith:Strike_RS","Runesmith:Strike_RS","Runesmith:Strike_RS"],"score":725,"play_id":"84a152b0-cb20-42e6-b35e-b614b59071b5","local_time":"20210106042228","is_ascension_mode":true,"campfire_choices":[{"floor":7,"key":"RECALL"},{"floor":15,"key":"DIG"},{"data":"Runesmith:CraftFirestone","floor":23,"key":"SMITH"},{"data":"Runesmith:LithiumIon","floor":32,"key":"SMITH"},{"data":"Runesmith:Attraction","floor":42,"key":"SMITH"}],"circlet_count":0,"master_deck":["Runesmith:Defend_RS","Runesmith:Defend_RS","Runesmith:Defend_RS","Runesmith:Defend_RS","Runesmith:CraftFirestone+1","Runesmith:Fortify","Runesmith:EarthShield","Runesmith:RuneHurl","Runesmith:CraftMagma","Runesmith:UnlimitedPower+1","Runesmith:LithiumIon","Runesmith:Grindstone","Runesmith:LithiumIon+1","Runesmith:Attraction+1","Runesmith:CraftMagma","Runesmith:EarthShield","Runesmith:CraftMagma+1","Runesmith:LithiumIon+1","Runesmith:Reinforce+1","Runesmith:CraftIncendium","Runesmith:Permafrost","Runesmith:Grindstone+1"],"relics":["Runesmith:BrokenRuby","Meat on the Bone","ReplayTheSpireMod:Lightbulb","Bottled Lightning","CCEMRelics:GrindingGear","StuffTheSpire:Nightcore","jedi:firstaidkit","halation:SelfBoilingWater","beaked:SacredDeck","Red Mask","Ice Cream","PreservedInsect","aspiration:FutureDiary","halation:EternalFortune","DollysMirror","StuffTheSpire:NeowsTribute","hubris:SlimyHat","Ancient Tea Set","CCEMRelics:JestersCrown","Replay:Mystery Machine"],"acts_visited":["Exordium","TheCity","TheBeyond"],"potions_floor_usage":[4,6,6,6,8,20,33,44,44,48,50,50,50],"damage_taken":[{"damage":0,"enemies":"2 Louse","floor":1,"turns":4},{"damage":0,"enemies":"Small Slimes","floor":4,"turns":4},{"damage":0,"enemies":"Cultist","floor":5,"turns":4},{"damage":0,"enemies":"3 Sentries","floor":6,"turns":9},{"damage":24,"enemies":"Lagavulin","floor":8,"turns":10},{"damage":2,"enemies":"Blue Slaver","floor":10,"turns":5},{"damage":8,"enemies":"3 Sentries","floor":13,"turns":7},{"damage":0,"enemies":"Looter","floor":14,"turns":2},{"damage":56,"enemies":"Hexaghost","floor":16,"turns":14},{"damage":5,"enemies":"Shell Parasite","floor":18,"turns":8},{"damage":72,"enemies":"Masked Bandits","floor":20,"turns":6},{"damage":0,"enemies":"Shelled Parasite and Fungi","floor":22,"turns":7},{"damage":31,"enemies":"Slavers","floor":25,"turns":7},{"damage":0,"enemies":"Cultist and Chosen","floor":27,"turns":5},{"damage":1,"enemies":"Replay:Snechameleon","floor":28,"turns":5},{"damage":12,"enemies":"3 Cultists","floor":29,"turns":6},{"damage":2,"enemies":"Snecko","floor":31,"turns":4},{"damage":14,"enemies":"Champ","floor":33,"turns":8},{"damage":2,"enemies":"Orb Walker","floor":35,"turns":3},{"damage":25,"enemies":"3 Darklings","floor":36,"turns":5},{"damage":0,"enemies":"Mind Bloom Boss Battle","floor":39,"turns":5},{"damage":0,"enemies":"Giant Head","floor":40,"turns":6},{"damage":0,"enemies":"Writhing Mass","floor":41,"turns":5},{"damage":0,"enemies":"Reptomancer","floor":44,"turns":4},{"damage":0,"enemies":"4 Shapes","floor":45,"turns":4},{"damage":0,"enemies":"beaked:SuperParasite","floor":47,"turns":6},{"damage":8,"enemies":"Jaw Worm Horde","floor":48,"turns":4},{"damage":63,"enemies":"hubris:GrandSnecko","floor":50,"turns":13}],"seed_played":"-3594404279261515364","potions_obtained":[{"floor":1,"key":"SteroidPotion"},{"floor":3,"key":"BlessingOfTheForge"},{"floor":3,"key":"CultistPotion"},{"floor":3,"key":"LifebloodPotion"},{"floor":4,"key":"EssenceOfSteel"},{"floor":6,"key":"SkillPotion"},{"floor":10,"key":"Reflective Coating"},{"floor":18,"key":"Block Potion"},{"floor":20,"key":"Dexterity Potion"},{"floor":28,"key":"jedi:StrikingPotion"},{"floor":29,"key":"DistilledChaos"},{"floor":36,"key":"Flashbang"},{"floor":44,"key":"Fire Potion"},{"floor":47,"key":"AttackPotion"},{"floor":48,"key":"BlessingOfTheForge"}],"is_trial":false,"path_per_floor":["M","?","?","M","M","E","R","E","T","M","?","?","E","M","R_BF","B",null,"M","$","?","?","M","R","$","E","T","M","E","M","$","M","R_BF","B",null,"M","M","?","$","?","E","M","R","T","E","M","$","E","M","R_BF","B"],"character_chosen":"RUNESMITH_CLASS","items_purchased":["Runesmith:LithiumIon","Runesmith:Attraction","DollysMirror","Runesmith:Permafrost"],"campfire_rested":0,"item_purchase_floors":[19,24,38,46],"current_hp_per_floor":[70,70,70,70,70,70,70,46,46,44,41,41,45,45,45,42,70,68,68,28,51,51,51,51,48,48,48,50,43,43,41,41,42,70,70,56,59,59,59,59,59,59,59,59,62,62,62,61,61,0,0],"gold":203,"neow_bonus":"REMOVE_CARD","is_daily":false,"chose_seed":false,"campfire_upgraded":3,"win_rate":0.0,"timestamp":1609914148,"path_taken":["M","?","?","M","?","E","R","E","T","M","?","?","E","M","R_BF","BOSS","M","$","?","?","M","R","$","E","T","M","E","M","$","M","R_BF","BOSS","M","M","?","$","?","E","M","R","T","E","M","$","E","M","R_BF","BOSS"],"items_purchased_type":["Card","Card","Relic","Card"],"build_version":"2020-12-22","purchased_purges":3,"victory":false,"max_hp_per_floor":[70,70,70,70,70,70,70,70,70,70,70,70,70,70,70,70,70,70,70,70,70,70,70,70,70,70,70,70,70,70,70,70,70,70,70,70,73,73,73,73,73,73,73,73,76,76,76,76,76,76,76],"card_choices":[{"not_picked":["Runesmith:CraftVitae","Runesmith:Repurpose","Runesmith:UnstableHammer"],"picked":"SKIP","floor":1},{"not_picked":["Runesmith:BackupBattery","Runesmith:WhiteBalance"],"picked":"Runesmith:EarthShield","floor":4},{"not_picked":["Runesmith:Overpower","Runesmith:Malloc"],"picked":"Runesmith:RuneHurl","floor":5},{"not_picked":["Runesmith:Grindstone","Runesmith:RuneHurl"],"picked":"Runesmith:CraftMagma","floor":6},{"not_picked":["Runesmith:EnergizedChisel","Runesmith:RuneHurl","Runesmith:Superposition"],"picked":"SKIP","floor":8},{"not_picked":["Runesmith:ElementalConversion","Runesmith:DoubleUp","Runesmith:CraftProtectio"],"picked":"SKIP","floor":10},{"not_picked":["Runesmith:OneForEveryone","Runesmith:Discharge","Runesmith:CraftProtectio"],"picked":"SKIP","floor":13},{"not_picked":["Runesmith:Overpower","Runesmith:ShiftingStrike","Runesmith:Supernova"],"picked":"SKIP","floor":14},{"not_picked":["Runesmith:GenerateForcefield","Runesmith:LastStand"],"picked":"Runesmith:UnlimitedPower","floor":16},{"not_picked":["Runesmith:Overpower","Runesmith:ChiselStab"],"picked":"Runesmith:Grindstone","floor":18},{"not_picked":["Runesmith:Accelerate","Runesmith:Malloc","Runesmith:RuneHurl"],"picked":"SKIP","floor":22},{"not_picked":["Runesmith:Electrocute","Runesmith:CraftIndustria"],"picked":"Runesmith:CraftMagma","floor":25},{"not_picked":["Runesmith:RuneHurl","Runesmith:CraftMagma"],"picked":"Runesmith:EarthShield","floor":27},{"not_picked":["Runesmith:Terraform+1","Runesmith:Refine","Runesmith:Firestorm"],"picked":"SKIP","floor":28},{"not_picked":["aspiration:UnbridledHammer+1","Runesmith:ShiftingStrike+1","Runesmith:CraftSpiculum"],"picked":"SKIP","floor":29},{"not_picked":["Runesmith:RuneHurl","Runesmith:DoubleUp","Runesmith:HammerThrow"],"picked":"SKIP","floor":31},{"not_picked":["Runesmith:StaticCage","Runesmith:CraftProtectio+1"],"picked":"Runesmith:CraftMagma+1","floor":35},{"not_picked":["Runesmith:WhiteBalance","Runesmith:UnstableHammer","Runesmith:EnergizedChisel+1"],"picked":"SKIP","floor":36},{"not_picked":["Runesmith:CraftReservo+1","Runesmith:StaticCage+1","Runesmith:ShiftingStrike+1"],"picked":"SKIP","floor":40},{"not_picked":["Runesmith:CraftSpiculum+1","Runesmith:HammerThrow+1"],"picked":"Runesmith:Reinforce+1","floor":41},{"not_picked":["Runesmith:Prism+1","Runesmith:HeatExchange+1"],"picked":"Runesmith:CraftIncendium","floor":44},{"not_picked":["Runesmith:ShiftingStrike+1","Runesmith:Malloc","Runesmith:ChargedHammer"],"picked":"SKIP","floor":45},{"not_picked":["Runesmith:Overpower","Runesmith:MakeshiftArmor+1","Runesmith:FissionHammer"],"picked":"SKIP","floor":47},{"not_picked":["Runesmith:CraftMagma","Runesmith:BackupBattery"],"picked":"Runesmith:Grindstone+1","floor":48}],"player_experience":793705,"relics_obtained":[{"floor":6,"key":"Meat on the Bone"},{"floor":8,"key":"ReplayTheSpireMod:Lightbulb"},{"floor":9,"key":"Bottled Lightning"},{"floor":13,"key":"jedi:firstaidkit"},{"floor":15,"key":"halation:SelfBoilingWater"},{"floor":20,"key":"Red Mask"},{"floor":25,"key":"Ice Cream"},{"floor":28,"key":"PreservedInsect"},{"floor":39,"key":"StuffTheSpire:NeowsTribute"},{"floor":40,"key":"hubris:SlimyHat"},{"floor":43,"key":"Ancient Tea Set"},{"floor":44,"key":"CCEMRelics:JestersCrown"},{"floor":45,"key":"halation:EternalFortune"},{"floor":47,"key":"Replay:Mystery Machine"}],"event_choices":[{"damage_healed":0,"gold_gain":0,"player_choice":"Got Potions","damage_taken":0,"max_hp_gain":0,"max_hp_loss":0,"event_name":"Lab","floor":3,"gold_loss":0},{"damage_healed":0,"gold_gain":0,"player_choice":"Relic ","damage_taken":3,"max_hp_gain":0,"max_hp_loss":0,"event_name":"betterThird:BetterScrap","floor":11,"gold_loss":0,"cards_obtained":["ReplayTheSpireMod:Calculation Training"]},{"damage_healed":0,"gold_gain":0,"player_choice":"Gave Potion","damage_taken":0,"relics_obtained":["StuffTheSpire:Nightcore"],"max_hp_gain":0,"max_hp_loss":0,"event_name":"WeMeetAgain","floor":12,"gold_loss":0},{"damage_healed":0,"gold_gain":0,"player_choice":"Fought Bandits","damage_taken":0,"max_hp_gain":0,"max_hp_loss":0,"event_name":"Masked Bandits","floor":20,"gold_loss":0},{"damage_healed":23,"gold_gain":0,"player_choice":"Heal","damage_taken":0,"max_hp_gain":0,"max_hp_loss":0,"event_name":"The Library","floor":21,"gold_loss":0},{"damage_healed":0,"gold_gain":0,"player_choice":"Fight","damage_taken":0,"max_hp_gain":0,"max_hp_loss":0,"event_name":"MindBloom","floor":39,"gold_loss":0}],"is_beta":false,"boss_relics":[{"not_picked":["hubris:GrandSneckoEye","halation:PinkAlligatorPlush"],"picked":"beaked:SacredDeck"},{"not_picked":["construct:ClawGrip","Astrolabe"],"picked":"aspiration:FutureDiary"}],"items_purged_floors":[19,24,30],"is_endless":false,"potions_floor_spawned":[1,4,6,10,18,20,28,29,31,36,39,44,47,48],"killed_by":"hubris:GrandSnecko","ascension_level":1}}