{"host":"sm7bnwhqk38mm91i","time":1609893122,"event":{"mods":["BaseMod","Minty Spire (QoL Compilation)"],"gold_per_floor":[117,117,117,91,108,71,105,122,190,190,155,173,150,160,160,258,258,276,276,296,19,19,30,30,45,45,78,78,78,78,95,95,95,95],"floor_reached":33,"playtime":5891,"items_purged":[],"score":315,"play_id":"5034c683-582f-4e6a-8764-56ee989f8b12","local_time":"20210105193202","is_ascension_mode":false,"campfire_choices":[{"data":"Loop","floor":15,"key":"SMITH"},{"data":"Machine Learning","floor":30,"key":"SMITH"},{"data":"Capacitor","floor":32,"key":"SMITH"}],"circlet_count":0,"master_deck":["Defend_B","Defend_B","Defend_B","Zap","Dualcast+1","White Noise+1","Redo","FTL","Glacier","Lockon","Loop+1","Barrage","Ball Lightning","Ball Lightning","Machine Learning+1","Capacitor+1","Barrage+1","Heatsinks","Conserve Battery","Ghostly","Ghostly","Ghostly","Ghostly","Ghostly","Stack","FTL","Bite","Bite","Bite","Bite","Bite","Glacier"],"relics":["Cracked Core","MealTicket","Orichalcum","Gremlin Horn","Black Star","Strawberry","Mummified Hand","Pantograph","Boot","Thread and Needle","Bottled Flame"],"acts_visited":["Exordium","TheCity"],"potions_floor_usage":[27,27,31],"damage_taken":[{"damage":11,"enemies":"Jaw Worm","floor":1,"turns":2},{"damage":5,"enemies":"Small Slimes","floor":5,"turns":3},{"damage":21,"enemies":"3 Sentries","floor":7,"turns":9},{"damage":0,"enemies":"Cultist","floor":8,"turns":3},{"damage":8,"enemies":"Red Slaver","floor":12,"turns":2},{"damage":3,"enemies":"Exordium Thugs","floor":14,"turns":3},{"damage":6,"enemies":"Slime Boss","floor":16,"turns":7},{"damage":4,"enemies":"Chosen","floor":18,"turns":4},{"damage":16,"enemies":"Shell Parasite","floor":20,"turns":4},{"damage":22,"enemies":"Snecko","floor":23,"turns":6},{"damage":11,"enemies":"Chosen and Byrds","floor":25,"turns":5},{"damage":29,"enemies":"Slavers","floor":27,"turns":7},{"damage":0,"enemies":"3 Cultists","floor":31,"turns":5},{"damage":36,"enemies":"Automaton","floor":33,"turns":6}],"seed_played":"5166598353108176209","potions_obtained":[{"floor":1,"key":"Regen Potion"},{"floor":14,"key":"SneckoOil"},{"floor":18,"key":"Dexterity Potion"},{"floor":20,"key":"Ancient Potion"}],"is_trial":false,"path_per_floor":["M","?","?","$","M","$","E","M","T","?","?","M","$","M","R","B",null,"M","?","M","$","T","M","?","M","T","E","?","?","R","M","R","B"],"character_chosen":"DEFECT","items_purchased":["Redo","Glacier","Ball Lightning","Mummified Hand","Heatsinks"],"campfire_rested":0,"item_purchase_floors":[4,6,13,21,21],"current_hp_per_floor":[71,64,69,84,79,87,66,66,66,49,70,62,77,74,74,68,87,83,90,74,89,89,67,47,36,36,22,22,22,22,28,28,0,0],"gold":95,"neow_bonus":"TEN_PERCENT_HP_BONUS","is_daily":false,"chose_seed":false,"campfire_upgraded":3,"win_rate":0.0,"timestamp":1609893122,"path_taken":["M","?","?","$","M","?","E","M","T","?","?","M","$","M","R","BOSS","M","?","?","?","?","M","?","M","T","E","?","?","R","M","R","BOSS"],"items_purchased_type":["Card","Card","Card","Relic","Card"],"build_version":"2020-12-22","purchased_purges":0,"victory":false,"max_hp_per_floor":[82,82,87,87,87,87,87,87,87,87,87,87,87,87,87,87,87,87,94,94,94,94,94,47,47,47,47,32,32,32,32,32,32,32],"card_choices":[{"not_picked":["Aggregate","Beam Cell"],"picked":"White Noise","floor":1},{"not_picked":["Go for the Eyes","Leap"],"picked":"FTL","floor":5},{"not_picked":["Stack","Redo"],"picked":"Lockon","floor":7},{"not_picked":["Stack","Beam Cell"],"picked":"Loop","floor":8},{"not_picked":["Double Energy","Compile Driver"],"picked":"Barrage","floor":12},{"not_picked":["Biased Cognition","Go for the Eyes"],"picked":"Ball Lightning","floor":14},{"not_picked":["Multi-Cast","Buffer"],"picked":"Machine Learning","floor":16},{"not_picked":["Go for the Eyes","Tempest"],"picked":"Capacitor","floor":18},{"not_picked":["Chill+1","Ball Lightning"],"picked":"Barrage+1","floor":20},{"not_picked":["Gash","Compile Driver+1"],"picked":"Conserve Battery","floor":23},{"not_picked":["Leap","Go for the Eyes"],"picked":"Stack","floor":25},{"not_picked":["Compile Driver","Streamline"],"picked":"FTL","floor":27},{"not_picked":["Leap","Redo"],"picked":"Glacier","floor":31}],"player_experience":9036,"relics_obtained":[{"floor":7,"key":"Orichalcum"},{"floor":9,"key":"Gremlin Horn"},{"floor":22,"key":"Pantograph"},{"floor":26,"key":"Boot"},{"floor":27,"key":"Thread and Needle"},{"floor":27,"key":"Bottled Flame"}],"event_choices":[{"damage_healed":0,"gold_gain":0,"player_choice":"Success","damage_taken":7,"relics_obtained":["MealTicket"],"max_hp_gain":0,"max_hp_loss":0,"event_name":"Scrap Ooze","floor":2,"gold_loss":0},{"damage_healed":0,"gold_gain":0,"player_choice":"Donut","damage_taken":0,"max_hp_gain":5,"max_hp_loss":0,"event_name":"Big Fish","floor":3,"gold_loss":0},{"damage_healed":0,"gold_gain":0,"player_choice":"Entered Light","damage_taken":17,"max_hp_gain":0,"max_hp_loss":0,"event_name":"Shining Light","floor":10,"gold_loss":0,"cards_upgraded":["Dualcast","White Noise"]},{"damage_healed":21,"gold_gain":0,"player_choice":"Healed","damage_taken":0,"max_hp_gain":0,"max_hp_loss":0,"event_name":"The Cleric","floor":11,"gold_loss":35},{"damage_healed":0,"gold_gain":0,"player_choice":"Gave Potion","damage_taken":0,"relics_obtained":["Strawberry"],"max_hp_gain":0,"max_hp_loss":0,"event_name":"WeMeetAgain","floor":19,"gold_loss":0},{"damage_healed":0,"gold_gain":0,"player_choice":"Became a Ghost","damage_taken":0,"max_hp_gain":0,"max_hp_loss":47,"event_name":"Ghosts","floor":24,"gold_loss":0,"cards_obtained":["Ghostly","Ghostly","Ghostly","Ghostly","Ghostly"]},{"damage_healed":0,"gold_gain":0,"player_choice":"Became a vampire","damage_taken":0,"max_hp_gain":0,"max_hp_loss":15,"event_name":"Vampires","floor":28,"gold_loss":0,"cards_obtained":["Bite","Bite","Bite","Bite","Bite"]},{"cards_removed":["Defend_B"],"damage_healed":0,"gold_gain":0,"player_choice":"Elegance","damage_taken":0,"max_hp_gain":0,"max_hp_loss":0,"event_name":"Back to Basics","floor":29,"gold_loss":0}],"is_beta":false,"boss_relics":[{"not_picked":["Sozu","Inserter"],"picked":"Black Star"}],"items_purged_floors":[],"is_endless":false,"potions_floor_spawned":[1,14,18,20,25],"killed_by":"Automaton","ascension_level":0}}