{"host":"x7n7968bn9ekn290","time":1609911242,"event":{"mods":["AchievementEnabler","BaseMod","Colored Map","Googly Eyes","Highlight Path","Minty Spire (QoL Compilation)","Quick Restart","Rare Cards Sparkle","Relic Stats","slay the spire mod where everything is the same but ironclad has a cowboy hat"],"gold_per_floor":[110,123,123,135,155,189,189,61,61,61,88,45,62,80,80,80,80],"floor_reached":16,"playtime":772,"items_purged":[],"score":112,"play_id":"e8b975f4-7e2b-4165-b14f-75108173d39f","local_time":"20210105213402","is_ascension_mode":false,"campfire_choices":[{"floor":7,"key":"REST"},{"floor":15,"key":"REST"}],"circlet_count":0,"master_deck":["Strike_G","Strike_G","Strike_G","Strike_G","Strike_G","Defend_G","Defend_G","Defend_G","Defend_G","Defend_G","Survivor","Neutralize","PiercingWail","Deflect","PiercingWail","Cloak And Dagger","Crippling Poison","Sucker Punch","Endless Agony","Crippling Poison+1","Finisher","Backflip+1"],"relics":["Ring of the Snake","Orichalcum","Toxic Egg 2","Eternal Feather"],"acts_visited":["Exordium"],"potions_floor_usage":[4,16],"damage_taken":[{"damage":0,"enemies":"2 Louse","floor":1,"turns":4},{"damage":0,"enemies":"Small Slimes","floor":2,"turns":3},{"damage":0,"enemies":"Jaw Worm","floor":4,"turns":5},{"damage":1,"enemies":"3 Louse","floor":5,"turns":7},{"damage":43,"enemies":"3 Sentries","floor":6,"turns":16},{"damage":16,"enemies":"Gremlin Nob","floor":11,"turns":6},{"damage":0,"enemies":"Red Slaver","floor":13,"turns":4},{"damage":1,"enemies":"Blue Slaver","floor":14,"turns":3},{"damage":76,"enemies":"Hexaghost","floor":16,"turns":18}],"seed_played":"-3065341311375344093","potions_obtained":[{"floor":1,"key":"LiquidMemories"},{"floor":11,"key":"DistilledChaos"},{"floor":13,"key":"FearPotion"}],"is_trial":false,"path_per_floor":["M","M","?","M","M","E","R","$","T","?","E","?","M","M","R","B"],"character_chosen":"THE_SILENT","items_purchased":["Sucker Punch","Endless Agony"],"campfire_rested":2,"item_purchase_floors":[8,8],"current_hp_per_floor":[77,77,77,77,76,33,56,56,56,56,40,40,40,39,74,0,0],"gold":80,"neow_bonus":"TEN_PERCENT_HP_BONUS","is_daily":false,"chose_seed":false,"campfire_upgraded":0,"win_rate":0.0,"timestamp":1609911242,"path_taken":["M","M","?","M","M","E","R","$","T","?","E","?","M","M","R","BOSS"],"items_purchased_type":["Card","Card"],"build_version":"2020-12-22","purchased_purges":0,"victory":false,"max_hp_per_floor":[77,77,77,77,77,77,77,77,77,77,77,77,77,77,77,77,77],"relic_stats":{"counters":[9,66],"Eternal Feather":12,"Orichalcum":[90],"obtain_stats":[{"Eternal Feather":11,"Orichalcum":6,"Toxic Egg 2":9,"Ring of the Snake":0},{"Eternal Feather":6,"Orichalcum":5,"Toxic Egg 2":5,"Ring of the Snake":0},{"Eternal Feather":41,"Orichalcum":35,"Toxic Egg 2":35,"Ring of the Snake":0}],"Ring of the Snake":[19]},"card_choices":[{"not_picked":["Skewer","Backflip"],"picked":"PiercingWail","floor":1},{"not_picked":["Dagger Spray","Escape Plan"],"picked":"Deflect","floor":2},{"not_picked":["Corpse Explosion","Underhanded Strike"],"picked":"PiercingWail","floor":4},{"not_picked":["Dagger Throw","Outmaneuver"],"picked":"Cloak And Dagger","floor":5},{"not_picked":["Distraction","Bane"],"picked":"Crippling Poison","floor":6},{"not_picked":["Flying Knee","Predator"],"picked":"Crippling Poison+1","floor":11},{"not_picked":["Dagger Throw","Masterful Stab"],"picked":"Finisher","floor":13},{"not_picked":["Well Laid Plans","Terror+1"],"picked":"Backflip+1","floor":14}],"player_experience":17994,"relics_obtained":[{"floor":6,"key":"Orichalcum"},{"floor":9,"key":"Toxic Egg 2"},{"floor":11,"key":"Eternal Feather"}],"event_choices":[{"damage_healed":0,"gold_gain":0,"player_choice":"Ignored","damage_taken":0,"max_hp_gain":0,"max_hp_loss":0,"event_name":"Shining Light","floor":3,"gold_loss":0},{"damage_healed":0,"gold_gain":0,"player_choice":"Ignored","damage_taken":0,"max_hp_gain":0,"max_hp_loss":0,"event_name":"Golden Idol","floor":10,"gold_loss":0},{"damage_healed":0,"gold_gain":0,"player_choice":"Left Gold","damage_taken":0,"max_hp_gain":0,"max_hp_loss":0,"event_name":"World of Goop","floor":12,"gold_loss":43}],"is_beta":false,"boss_relics":[],"items_purged_floors":[],"is_endless":false,"potions_floor_spawned":[1,11,13],"killed_by":"Hexaghost","ascension_level":0}}