{"host":"c3lc60y5x60jlt1y","time":1609954882,"event":{"mods":["AchievementEnabler","BaseMod","Bestiary","Colored Map","Minty Spire (QoL Compilation)","Quick Restart","StSLib","ojb\u0027s Info Mod"],"gold_per_floor":[119,194,214,233,233,245,245,245],"floor_reached":7,"playtime":828,"items_purged":[],"score":45,"play_id":"5806fbd0-9228-4b9f-8cf9-ebf6ed5d252e","local_time":"20210106194122","is_ascension_mode":true,"campfire_choices":[],"circlet_count":0,"master_deck":["Strike_B","Strike_B","Strike_B","Strike_B","Defend_B","Defend_B","Defend_B","Defend_B","Zap","Dualcast","Shame","Thunder Strike","Cold Snap","Chaos","Thunder Strike","Decay","Chaos"],"relics":["Cracked Core"],"acts_visited":["Exordium"],"potions_floor_usage":[],"damage_taken":[{"damage":9,"enemies":"Cultist","floor":1,"turns":5},{"damage":3,"enemies":"2 Louse","floor":3,"turns":3},{"damage":1,"enemies":"Small Slimes","floor":4,"turns":3},{"damage":19,"enemies":"Looter","floor":6,"turns":4},{"damage":36,"enemies":"Lagavulin","floor":7,"turns":6}],"seed_played":"2320212279649859514","potions_obtained":[{"floor":1,"key":"EssenceOfDarkness"},{"floor":3,"key":"Regen Potion"}],"is_trial":false,"path_per_floor":["M","?","M","M","?","M","E"],"character_chosen":"DEFECT","items_purchased":[],"campfire_rested":0,"item_purchase_floors":[],"current_hp_per_floor":[66,59,56,55,55,36,0,0],"gold":245,"neow_bonus":"THREE_RARE_CARDS","is_daily":false,"chose_seed":false,"campfire_upgraded":0,"win_rate":0.0,"timestamp":1609954882,"path_taken":["M","?","M","?","?","M","E"],"items_purchased_type":[],"build_version":"2020-12-22","purchased_purges":0,"victory":false,"max_hp_per_floor":[75,75,75,75,75,75,75,75],"card_choices":[{"not_picked":["Biased Cognition","Core Surge"],"picked":"Thunder Strike","floor":0},{"not_picked":["Go for the Eyes","Barrage"],"picked":"Cold Snap","floor":1},{"not_picked":["Blizzard","Hologram"],"picked":"Chaos","floor":3},{"not_picked":["Leap","Go for the Eyes"],"picked":"Thunder Strike","floor":4},{"not_picked":["Force Field","Hologram"],"picked":"Chaos","floor":6}],"player_experience":7599698,"relics_obtained":[],"event_choices":[{"damage_healed":0,"gold_gain":75,"player_choice":"Touch","damage_taken":7,"max_hp_gain":0,"max_hp_loss":0,"event_name":"FaceTrader","floor":2,"gold_loss":0},{"damage_healed":0,"gold_gain":0,"player_choice":"Cursed","damage_taken":0,"max_hp_gain":0,"max_hp_loss":0,"event_name":"Wheel of Change","floor":5,"gold_loss":0,"cards_obtained":["Decay"]}],"is_beta":false,"boss_relics":[],"items_purged_floors":[],"is_endless":false,"potions_floor_spawned":[1,3],"killed_by":"Lagavulin","ascension_level":1}}