{"host":"g01l53quoe6lrer0","time":1609962526,"event":{"mods":["2.2 Compatiblity","AchievementEnabler","BaseMod","Colored Map","Highlight Path","Keyboard Shortcuts","Minty Spire (QoL Compilation)","Permanent Neow","StSLib","SuperFastMode","everything is the same but u backflip on backflip"],"gold_per_floor":[112,112,38,213,213,229,262,262,262,262,262,291,27,38,38,141,141,159,258,258,158,174,174,187,201,227,55,72,89,105,32,32,133,133,146,146,158,183,0,0,19,19,19,19,31,43,56,56,56,56],"floor_reached":51,"playtime":1441,"items_purged":["Doubt","All For One+1","Streamline"],"score":955,"play_id":"c0521c5d-b961-4d52-8b3c-417f539d95f7","local_time":"20210107044846","is_ascension_mode":true,"campfire_choices":[{"data":"Electrodynamics","floor":8.0,"key":"SMITH"},{"data":"Defragment","floor":10.0,"key":"SMITH"},{"data":"Hologram","floor":15.0,"key":"SMITH"},{"data":"Capacitor","floor":23.0,"key":"SMITH"},{"floor":32.0,"key":"REST"},{"data":"Loop","floor":40.0,"key":"SMITH"},{"floor":42.0,"key":"REST"},{"data":"Echo Form","floor":44.0,"key":"SMITH"},{"floor":49,"key":"REST"}],"circlet_count":0,"master_deck":["Zap+1","Dualcast+1","Ball Lightning","Defragment+1","Conserve Battery","Electrodynamics+1","Beam Cell+1","Thunder Strike+1","Cold Snap+1","Hologram+1","Echo Form+1","Buffer+1","Capacitor+1","Genetic Algorithm","Thunder Strike+1","Double Energy","BootSequence","Glacier","Cold Snap+1","Loop+1","Stack+1","Stack+1","White Noise+1","Leap","Go for the Eyes+1","Consume+1","Coolheaded+1","Self Repair","Glacier+1","Stack","Parasite","Force Field+1","White Noise+1","Blizzard+1","Defragment+1","Blizzard+1"],"relics":["Cracked Core","Molten Egg 2","StoneCalendar","Happy Flower","Pandora\u0027s Box","Prayer Wheel","Lantern","Nuclear Battery","Centennial Puzzle","Red Mask"],"acts_visited":["Exordium","TheCity","TheBeyond"],"potions_floor_usage":[50,50,50],"damage_taken":[{"damage":2.0,"enemies":"Jaw Worm","floor":1.0,"turns":3.0},{"damage":5.0,"enemies":"2 Louse","floor":6.0,"turns":2.0},{"damage":13.0,"enemies":"3 Sentries","floor":7.0,"turns":6.0},{"damage":30.0,"enemies":"Lagavulin","floor":12.0,"turns":4.0},{"damage":0.0,"enemies":"Cultist","floor":14.0,"turns":2.0},{"damage":19.0,"enemies":"Hexaghost","floor":16.0,"turns":7.0},{"damage":11.0,"enemies":"Chosen","floor":18.0,"turns":4.0},{"damage":4.0,"enemies":"Shell Parasite","floor":22.0,"turns":5.0},{"damage":11.0,"enemies":"Centurion and Healer","floor":24.0,"turns":6.0},{"damage":0.0,"enemies":"3 Cultists","floor":25.0,"turns":3.0},{"damage":7.0,"enemies":"Snake Plant","floor":28.0,"turns":5.0},{"damage":9.0,"enemies":"Shelled Parasite and Fungi","floor":29.0,"turns":6.0},{"damage":4.0,"enemies":"Sentry and Sphere","floor":30.0,"turns":6.0},{"damage":16.0,"enemies":"Automaton","floor":33.0,"turns":8.0},{"damage":0.0,"enemies":"3 Darklings","floor":35.0,"turns":5.0},{"damage":0.0,"enemies":"3 Shapes","floor":37.0,"turns":7.0},{"damage":15.0,"enemies":"Writhing Mass","floor":41.0,"turns":9.0},{"damage":7,"enemies":"Jaw Worm Horde","floor":45,"turns":5},{"damage":6,"enemies":"4 Shapes","floor":46,"turns":2},{"damage":18,"enemies":"Sphere and 2 Shapes","floor":47,"turns":4},{"damage":6,"enemies":"Donu and Deca","floor":50,"turns":7}],"seed_played":"-686308360763907357","potions_obtained":[{"floor":6.0,"key":"SkillPotion"},{"floor":7.0,"key":"Swift Potion"},{"floor":14.0,"key":"Fire Potion"},{"floor":18.0,"key":"GamblersBrew"},{"floor":25.0,"key":"DuplicationPotion"},{"floor":29.0,"key":"DuplicationPotion"},{"floor":35.0,"key":"Weak Potion"},{"floor":41.0,"key":"Regen Potion"},{"floor":46,"key":"LiquidBronze"},{"floor":47,"key":"FocusPotion"}],"is_trial":false,"path_per_floor":["M","?","$","?","?","M","E","R","T","R","?","E","$","M","R","B",null,"M","?","?","$","M","R","M","M","T","$","M","M","M","$","R","B",null,"M","?","M","T","?","R","M","R","T","R","M","M","M","?","R","B",null],"character_chosen":"DEFECT","items_purchased":["Defragment","Thunder Strike+1","Cold Snap+1","Leap","Self Repair"],"campfire_rested":3,"item_purchase_floors":[3,13,13,27,31],"current_hp_per_floor":[66,66,66,66,66,61,48,48,48,48,73,43,43,43,43,24,62,51,51,51,51,47,47,36,36,36,36,29,20,16,16,38,29,64,64,64,71,71,71,71,63,75,75,75,75,75,57,57,75,75],"gold":56,"neow_bonus":"UPGRADE_CARD","is_daily":false,"chose_seed":false,"campfire_upgraded":6,"win_rate":0.0,"timestamp":1609962526,"path_taken":["M","?","$","?","?","?","E","R","T","R","?","E","$","M","R","BOSS","M","?","?","$","M","R","M","M","T","$","?","?","M","$","R","BOSS","M","?","?","?","?","R","M","R","T","R","M","M","M","?","R","BOSS"],"items_purchased_type":["Card","Card","Card","Card","Card"],"build_version":"2020-12-22","purchased_purges":3,"victory":true,"max_hp_per_floor":[75,75,75,75,75,75,75,75,75,75,75,75,75,75,75,75,75,75,75,75,75,75,75,75,75,75,75,75,75,75,75,75,75,75,75,75,75,75,75,75,75,75,75,75,75,75,75,75,75,75],"card_choices":[{"not_picked":["Redo","Go for the Eyes"],"picked":"Ball Lightning","floor":1.0},{"not_picked":["Beam Cell","Steam"],"picked":"Conserve Battery","floor":6.0},{"not_picked":["Coolheaded","Stack"],"picked":"Electrodynamics","floor":7.0},{"not_picked":["Scrape+1","Redo"],"picked":"Beam Cell+1","floor":12.0},{"not_picked":["Aggregate","Sunder+1"],"picked":"Hologram","floor":14.0},{"not_picked":["Thunder Strike+1","Hyperbeam+1"],"picked":"Echo Form","floor":16.0},{"not_picked":["Gash+1","Compile Driver+1"],"picked":"Glacier","floor":18.0},{"not_picked":["FTL+1","Steam+1"],"picked":"Cold Snap+1","floor":22.0},{"not_picked":["Storm","Static Discharge+1","Scrape+1"],"picked":"SKIP","floor":22.0},{"not_picked":["Gash+1","Sweeping Beam+1"],"picked":"Loop","floor":24.0},{"not_picked":["Conserve Battery","Scrape+1"],"picked":"Stack+1","floor":24.0},{"not_picked":["Darkness","Conserve Battery"],"picked":"Stack+1","floor":25.0},{"not_picked":["Auto Shields","Cold Snap+1"],"picked":"White Noise+1","floor":25.0},{"not_picked":["Genetic Algorithm","Conserve Battery"],"picked":"Go for the Eyes+1","floor":28.0},{"not_picked":["Loop","Turbo","Sweeping Beam+1"],"picked":"SKIP","floor":28.0},{"not_picked":["Go for the Eyes+1","Turbo+1"],"picked":"Consume+1","floor":29.0},{"not_picked":["Rebound+1","Fission","Ball Lightning+1"],"picked":"SKIP","floor":29.0},{"not_picked":["Beam Cell+1","Sweeping Beam+1"],"picked":"Coolheaded+1","floor":30.0},{"not_picked":["Turbo","Rip and Tear+1","Conserve Battery"],"picked":"SKIP","floor":30.0},{"not_picked":["Tempest","Force Field"],"picked":"Glacier+1","floor":35.0},{"not_picked":["Ball Lightning+1","Lockon+1","Sweeping Beam+1"],"picked":"SKIP","floor":35.0},{"not_picked":["Coolheaded","Heatsinks"],"picked":"Stack","floor":37.0},{"not_picked":["Gash+1","Steam","Streamline+1"],"picked":"SKIP","floor":37.0},{"not_picked":["Consume","Amplify"],"picked":"Force Field+1","floor":41.0},{"not_picked":["Gash+1","BootSequence"],"picked":"White Noise+1","floor":41.0},{"not_picked":["Consume","Glacier"],"picked":"Blizzard+1","floor":45},{"not_picked":["Reinforced Body","Sweeping Beam+1","Gash+1"],"picked":"SKIP","floor":45},{"not_picked":["Double Energy","Steam"],"picked":"Defragment+1","floor":46},{"not_picked":["Conserve Battery+1","Chill+1"],"picked":"Blizzard+1","floor":46},{"not_picked":["Conserve Battery","Reinforced Body","BootSequence+1"],"picked":"SKIP","floor":47},{"not_picked":["Redo+1","Steam+1","Leap"],"picked":"SKIP","floor":47}],"player_experience":42311,"relics_obtained":[{"floor":7.0,"key":"Molten Egg 2"},{"floor":9.0,"key":"StoneCalendar"},{"floor":12.0,"key":"Happy Flower"},{"floor":20.0,"key":"Prayer Wheel"},{"floor":26.0,"key":"Lantern"},{"floor":38.0,"key":"Centennial Puzzle"}],"event_choices":[{"damage_healed":0.0,"max_hp_gain":0.0,"max_hp_loss":0.0,"gold_gain":0.0,"event_name":"Living Wall","player_choice":"Grow","floor":2.0,"gold_loss":0.0,"damage_taken":0.0,"cards_upgraded":["Dualcast"]},{"damage_healed":0.0,"max_hp_gain":0.0,"max_hp_loss":0.0,"gold_gain":175.0,"event_name":"Liars Game","player_choice":"AGREE","floor":4.0,"gold_loss":0.0,"damage_taken":0.0,"cards_obtained":["Doubt"]},{"damage_healed":0.0,"max_hp_gain":0.0,"max_hp_loss":0.0,"gold_gain":0.0,"cards_transformed":["Strike_B"],"event_name":"Transmorgrifier","player_choice":"Transformed","floor":5.0,"gold_loss":0.0,"damage_taken":0.0,"cards_obtained":["Streamline"]},{"damage_healed":25.0,"max_hp_gain":0.0,"max_hp_loss":0.0,"gold_gain":0.0,"event_name":"Big Fish","player_choice":"Banana","floor":11.0,"gold_loss":0.0,"damage_taken":0.0},{"damage_healed":0.0,"max_hp_gain":0.0,"max_hp_loss":0.0,"gold_gain":99.0,"event_name":"Nest","player_choice":"Stole From Cult","floor":19.0,"gold_loss":0.0,"damage_taken":0.0},{"damage_healed":0.0,"max_hp_gain":0.0,"max_hp_loss":0.0,"gold_gain":0.0,"event_name":"Wheel of Change","player_choice":"Relic","floor":20.0,"gold_loss":0.0,"damage_taken":0.0},{"damage_healed":0.0,"max_hp_gain":0.0,"max_hp_loss":0.0,"gold_gain":0.0,"event_name":"Accursed Blacksmith","player_choice":"Forge","floor":36.0,"gold_loss":0.0,"damage_taken":0.0,"cards_upgraded":["Buffer"]},{"damage_healed":0.0,"max_hp_gain":0.0,"max_hp_loss":0.0,"gold_gain":0.0,"event_name":"Tomb of Lord Red Mask","player_choice":"Paid","floor":39.0,"gold_loss":183.0,"damage_taken":0.0,"relics_obtained":["Red Mask"]},{"damage_healed":0,"gold_gain":0,"player_choice":"Ignored","damage_taken":0,"max_hp_gain":0,"max_hp_loss":0,"event_name":"Mysterious Sphere","floor":48,"gold_loss":0}],"is_beta":false,"boss_relics":[{"not_picked":["Black Star","SlaversCollar"],"picked":"Pandora\u0027s Box"},{"not_picked":["Coffee Dripper","Empty Cage"],"picked":"Nuclear Battery"}],"items_purged_floors":[13,21,27],"is_endless":false,"potions_floor_spawned":[6,7,14,18,24,25,29,35,41,46,47],"ascension_level":9}}