{"host":"867cnhxguf2bzj4x","time":1609950686,"event":{"mods":["BaseMod","BetterRewards","Duelist Mod","GifTheSpireLib","Lobotomy","Minty Spire (QoL Compilation)","Replay The Spire","StSLib","The Bug Knight","The Cursed","The Necromancer"],"gold_per_floor":[113,113,38,38,38,63,86,86,98,110,122,134,146,146],"floor_reached":13,"playtime":283,"items_purged":["Defend_G"],"score":71,"play_id":"4778fecb-f7f9-4835-a144-826e0a5380f1","local_time":"20210106173126","is_ascension_mode":false,"campfire_choices":[{"floor":12,"key":"REST"}],"circlet_count":0,"master_deck":["Strike_G","Strike_G","Strike_G+1","Strike_G","Strike_G","Defend_G+1","Defend_G","Defend_G","Defend_G","Survivor","Neutralize","OldLady","Crippling Poison","ShyLook","Wellcheers","Distraction"],"relics":["Ring of the Snake","CogitoBucket","Golden Idol","MawBank","ReplayTheSpireMod:Ninjato","Replay:Bottled Eggs"],"acts_visited":["Exordium"],"potions_floor_usage":[],"damage_taken":[{"damage":13,"enemies":"Jaw Worm","floor":1,"turns":5},{"damage":0,"enemies":"Cultist","floor":6,"turns":4},{"damage":7,"enemies":"Small Slimes","floor":7,"turns":4},{"damage":35,"enemies":"Gremlin Nob","floor":13,"turns":4}],"seed_played":"6564614922497028356","potions_obtained":[{"floor":1,"key":"Adrenaline Potion"},{"floor":6,"key":"BlessingOfTheForge"}],"is_trial":false,"path_per_floor":["M","?","$","?","$","M","M","T","T","?","?","R","E"],"character_chosen":"THE_SILENT","items_purchased":[],"campfire_rested":1,"item_purchase_floors":[],"current_hp_per_floor":[57,43,43,26,26,26,19,19,19,19,1,22,0,0],"gold":146,"neow_bonus":"","is_daily":false,"chose_seed":false,"campfire_upgraded":0,"win_rate":0.0,"timestamp":1609950686,"path_taken":["M","?","$","?","?","M","?","?","T","?","?","R","E"],"items_purchased_type":[],"build_version":"2020-12-22","purchased_purges":1,"victory":false,"max_hp_per_floor":[70,70,70,70,70,70,70,70,70,70,70,70,70,70],"card_choices":[{"not_picked":["Porccubus","LittleHelper"],"picked":"OldLady","floor":1},{"not_picked":["Underhanded Strike","Outmaneuver"],"picked":"Crippling Poison","floor":1},{"not_picked":["UniverseFragment","WallGazer"],"picked":"ShyLook","floor":6},{"not_picked":["Slice","Riddle With Holes","Dagger Spray"],"picked":"SKIP","floor":6},{"not_picked":["GreedKing","Laetitia"],"picked":"Wellcheers","floor":7},{"not_picked":["Acrobatics","Dodge and Roll"],"picked":"Distraction","floor":7}],"player_experience":114317,"relics_obtained":[{"floor":8,"key":"MawBank"},{"floor":9,"key":"ReplayTheSpireMod:Ninjato"}],"event_choices":[{"damage_healed":0,"gold_gain":0,"player_choice":"Entered Light","damage_taken":14,"max_hp_gain":0,"max_hp_loss":0,"event_name":"Shining Light","floor":2,"gold_loss":0,"cards_upgraded":["Defend_G","Strike_G"]},{"damage_healed":0,"gold_gain":0,"player_choice":"Take Damage","damage_taken":17,"relics_obtained":["Golden Idol"],"max_hp_gain":0,"max_hp_loss":0,"event_name":"Golden Idol","floor":4,"gold_loss":0},{"damage_healed":0,"gold_gain":0,"player_choice":"Ignored","damage_taken":0,"max_hp_gain":0,"max_hp_loss":0,"event_name":"Liars Game","floor":10,"gold_loss":0},{"damage_healed":0,"gold_gain":0,"player_choice":"Success","damage_taken":18,"relics_obtained":["Replay:Bottled Eggs"],"max_hp_gain":0,"max_hp_loss":0,"event_name":"Scrap Ooze","floor":11,"gold_loss":0}],"is_beta":false,"boss_relics":[],"items_purged_floors":[3],"is_endless":false,"potions_floor_spawned":[1,6],"killed_by":"Gremlin Nob","ascension_level":0}}