{"host":"f8lbor5qtgiy08rh","time":1609964608,"event":{"mods":["Aspiration","BaseMod","Better Match","Card Forge","Colored Map","Downfall","GifTheSpireLib","Hermit","Infinite Spire","Jedi Mod","Minty Spire (QoL Compilation)","Rare Cards Sparkle","Replay The Spire","StSLib","Stuff the Spire","The Construct","The Cursed","Unceasing Turn Reminder"],"gold_per_floor":[110,110,110,121,136,136,163,175,175,193,193,53,79,92,92,196,196,214,214,158,178,198,223,223,258,258,258,286,286,286,286],"floor_reached":30,"playtime":2192,"items_purged":[],"score":390,"play_id":"2d38ae42-8936-48ba-b548-49c40d8113b5","local_time":"20210106152328","is_ascension_mode":true,"campfire_choices":[{"floor":6,"key":"REST"},{"floor":24,"key":"REST"},{"floor":27,"key":"REST"}],"circlet_count":0,"master_deck":["Strike_R+1","Strike_R+1","Strike_R+1","Strike_R+1","Strike_R+1","Defend_R+1","Defend_R+1","Defend_R+1","Defend_R+1","Bash+1","Cleave+1","Demon Form+1","Hemogenesis+1","Inflame+1","Limit Break+1","Reaper+1","Rampage+1","Spot Weakness+1","Spot Weakness+1","Pummel+1","Carnage+1","StuffTheSpire:TitanForm+1","Pommel Strike+1","jedi:strikingstrike","ReplayTheSpireMod:Stacked","Double Tap+1","Demon Form+1","Spot Weakness+1","jedi:frostbite","Whirlwind+1","Sword Boomerang","Whirlwind","TheCursedMod:Dregs","Pot Of Greed+1","Pot Of Greed+1","Pot Of Greed+1"],"relics":["Hammer of Thor","Seething Fire","Anvil of the Gods","aspiration:SecretTechniqueScroll","aspiration:Lifesprig","Mercury Hourglass","aspiration:TomeofQuesting","Replay:Bronze Core","ReplayTheSpireMod:CursedCoin","infinitespire:Broken Mirror","jedi:purplefairy","Replay:Bottled Flurry","Toxic Egg 2","Grinning Jar"],"acts_visited":["Exordium","TheCity"],"potions_floor_usage":[28],"damage_taken":[{"damage":0,"enemies":"Cultist","floor":1,"turns":3},{"damage":3,"enemies":"Jaw Worm","floor":4,"turns":2},{"damage":5,"enemies":"Small Slimes","floor":5,"turns":2},{"damage":22,"enemies":"Gremlin Nob","floor":7,"turns":4},{"damage":28,"enemies":"Gremlin Gang","floor":8,"turns":4},{"damage":11,"enemies":"Exordium Wildlife","floor":10,"turns":3},{"damage":2,"enemies":"Lagavulin","floor":13,"turns":3},{"damage":6,"enemies":"2 Fungi Beasts","floor":14,"turns":2},{"damage":0,"enemies":"Fading Forest","floor":16,"turns":8},{"damage":10,"enemies":"Chosen","floor":18,"turns":2},{"damage":8,"enemies":"3 Byrds","floor":21,"turns":3},{"damage":12,"enemies":"Centurion and Healer","floor":22,"turns":2},{"damage":15,"enemies":"Gremlin Leader","floor":23,"turns":3},{"damage":62,"enemies":"Slavers","floor":25,"turns":4},{"damage":14,"enemies":"Book of Stabbing","floor":28,"turns":3},{"damage":32,"enemies":"Slavers","floor":30,"turns":1}],"seed_played":"-959333626957714002","potions_obtained":[{"floor":10,"key":"SkillPotion"},{"floor":13,"key":"jedi:wingpotion"},{"floor":14,"key":"Strength Potion"},{"floor":23,"key":"Swift Potion"},{"floor":25,"key":"jedi:StrikingPotion"},{"floor":28,"key":"Fire Potion"}],"is_trial":false,"path_per_floor":["M","$","?","M","M","R","E","M","T","M","?","$","E","M","R_BF","B",null,"M","?","$","M","M","E","R","E","T","R","E","?","E"],"character_chosen":"IRONCLAD","items_purchased":["jedi:strikingstrike","Demon Form","Spot Weakness","ReplayTheSpireMod:CursedCoin"],"campfire_rested":3,"item_purchase_floors":[12,20,20,20],"current_hp_per_floor":[80,80,80,77,72,80,58,60,60,61,66,66,64,58,83,83,85,75,75,75,77,65,50,75,13,13,38,24,24,0,0],"gold":286,"neow_bonus":"BOSS_RELIC","is_daily":false,"chose_seed":false,"campfire_upgraded":0,"win_rate":0.0,"timestamp":1609964608,"path_taken":["M","$","?","M","M","R","E","M","T","M","?","$","E","M","R_BF","BOSS","M","?","$","M","?","E","R","E","T","R","E","?","E"],"items_purchased_type":["Card","Card","Card","Relic"],"build_version":"2020-12-22","purchased_purges":0,"victory":false,"max_hp_per_floor":[80,80,80,80,80,80,80,80,80,80,85,85,85,85,85,85,85,85,85,85,85,85,85,85,85,85,85,85,85,85,85],"card_choices":[{"not_picked":["Twin Strike","Shrug It Off","StuffTheSpire:Pyroclast"],"picked":"SKIP","floor":1},{"not_picked":["Wild Strike","Perfected Strike"],"picked":"Pummel","floor":4},{"not_picked":["Headbutt","Dark Embrace"],"picked":"Carnage","floor":5},{"not_picked":["Uppercut","Defy Death"],"picked":"StuffTheSpire:TitanForm","floor":7},{"not_picked":["Havoc","Power Through","ReplayTheSpireMod:Strike From Hell"],"picked":"SKIP","floor":8},{"not_picked":["Thunderclap","Metallicize"],"picked":"Pommel Strike","floor":10},{"not_picked":["Perfected Strike","ReplayTheSpireMod:Corrosion Curse"],"picked":"ReplayTheSpireMod:Stacked","floor":13},{"not_picked":["StuffTheSpire:Incineration","Reckless Charge","Battle Trance"],"picked":"SKIP","floor":14},{"not_picked":["Reaper","jedi:harder"],"picked":"Double Tap","floor":16},{"not_picked":["Replay:Undeath\u0027s Touch","ReplayTheSpireMod:Strike From Hell","Clash"],"picked":"SKIP","floor":18},{"not_picked":["Clothesline","Spot Weakness+1"],"picked":"Whirlwind","floor":21},{"not_picked":["StuffTheSpire:Slingshot","Body Slam","Iron Wave"],"picked":"SKIP","floor":22},{"not_picked":["Dual Wield","StuffTheSpire:Slingshot","Disarm"],"picked":"SKIP","floor":23},{"not_picked":["Uppercut","StuffTheSpire:Slingshot"],"picked":"Sword Boomerang","floor":25},{"not_picked":["Heavy Blade","Armaments+1"],"picked":"Whirlwind","floor":28}],"player_experience":132933,"relics_obtained":[{"floor":7,"key":"aspiration:Lifesprig"},{"floor":9,"key":"Mercury Hourglass"},{"floor":13,"key":"aspiration:TomeofQuesting"},{"floor":23,"key":"infinitespire:Broken Mirror"},{"floor":25,"key":"jedi:purplefairy"},{"floor":26,"key":"Replay:Bottled Flurry"},{"floor":28,"key":"Toxic Egg 2"}],"event_choices":[{"damage_healed":0,"gold_gain":0,"player_choice":"Leave","damage_taken":0,"max_hp_gain":0,"max_hp_loss":0,"event_name":"The Cleric","floor":3,"gold_loss":0},{"damage_healed":0,"gold_gain":0,"player_choice":"Donut","damage_taken":0,"max_hp_gain":5,"max_hp_loss":0,"event_name":"Big Fish","floor":11,"gold_loss":0},{"damage_healed":0,"gold_gain":0,"player_choice":"Ignored","damage_taken":0,"max_hp_gain":0,"max_hp_loss":0,"event_name":"Purifier","floor":19,"gold_loss":0}],"is_beta":false,"boss_relics":[{"not_picked":["construct:ClawGrip","Replay:Drink Me"],"picked":"Replay:Bronze Core"}],"items_purged_floors":[],"is_endless":false,"potions_floor_spawned":[10,13,14,23,25,28],"killed_by":"Slavers","ascension_level":1}}