{"host":"qihv10mixs26xc23","time":1609954668,"event":{"mods":["AchievementEnabler","BaseMod","BetterRewards","Downfall","Googly Eyes","Hermit","Minty Spire (QoL Compilation)","Replay The Spire","Shop Mod","StSLib","The Marked"],"gold_per_floor":[113,38,54,67,67,67,98,110,110,129,129,129,129,167,167,290,290,308,97,97,122,37,37,78,101,101,219,219,15,34,72,72,195,258,274,29,29,29,50,50,50,50,50,71,90,111,135,150,150,150],"floor_reached":51,"playtime":2704,"items_purged":["Defend_G"],"score":1084,"play_id":"158761c9-0f66-44a2-a9b8-19dae9605e2b","local_time":"20210106123748","is_ascension_mode":true,"campfire_choices":[{"data":"Terror","floor":6,"key":"SMITH"},{"floor":13,"key":"DIG"},{"data":"Blade Dance","floor":15,"key":"SMITH"},{"data":"Accuracy","floor":23,"key":"SMITH"},{"floor":32,"key":"REST"},{"floor":40,"key":"REST"},{"data":"Blade Dance","floor":42,"key":"SMITH"},{"floor":49,"key":"REST"}],"circlet_count":0,"master_deck":["Survivor+1","Neutralize","Blade Dance","Blade Dance+1","Terror+1","Prepared","Deflect","Parasite","Unload","After Image","Sucker Punch+1","Replay:Bag of Tricks","ReplayTheSpireMod:Necrosis","Reflex","Corpse Explosion","Quick Slash","Dash+1","Wraith Form v2","Prepared","Infinite Blades+1","Flying Knee","Blade Dance","Accuracy+1","Prepared+1","Backflip+1","Expertise+1","Blade Dance+1","Acrobatics","Hidden Blade+1","Hidden Blade+1","expansioncontent:Corrupt+1","Accuracy","Prepared","Slice","Parasite","Backstab+1","Parasite","Hidden Blade+1","Blade Dance+1"],"relics":["Ring of the Snake","Toy Ornithopter","Shuriken","Shovel","TungstenRod","Golden Idol","Bottled Lightning","ReplayFunnel","Pandora\u0027s Box","Orrery","Mango","Golden Egg","Ornamental Fan","Whetstone","Replay:WaspNest","Tiny House","HornCleat","Strawberry","Darkstone Periapt"],"acts_visited":["Exordium","TheCity","TheBeyond"],"potions_floor_usage":[8,14,31,33,35,48,48,48],"damage_taken":[{"damage":2,"enemies":"Small Slimes","floor":1,"turns":3},{"damage":8,"enemies":"2 Louse","floor":3,"turns":2},{"damage":0,"enemies":"Jaw Worm","floor":4,"turns":4},{"damage":12,"enemies":"Gremlin Nob","floor":7,"turns":3},{"damage":4,"enemies":"Exordium Thugs","floor":8,"turns":3},{"damage":17,"enemies":"Large Slime","floor":10,"turns":4},{"damage":13,"enemies":"Lagavulin","floor":14,"turns":4},{"damage":9,"enemies":"Fading Forest","floor":16,"turns":11},{"damage":4,"enemies":"Shell Parasite","floor":18,"turns":3},{"damage":10,"enemies":"2 Thieves","floor":21,"turns":3},{"damage":6,"enemies":"Gremlin Leader","floor":24,"turns":2},{"damage":11,"enemies":"Cultist and Chosen","floor":25,"turns":4},{"damage":0,"enemies":"Chosen and Byrds","floor":30,"turns":3},{"damage":0,"enemies":"Book of Stabbing","floor":31,"turns":3},{"damage":3,"enemies":"Pondfish","floor":33,"turns":5},{"damage":23,"enemies":"3 Darklings","floor":35,"turns":4},{"damage":20,"enemies":"3 Shapes","floor":39,"turns":5},{"damage":24,"enemies":"Writhing Mass","floor":44,"turns":5},{"damage":0,"enemies":"Transient","floor":45,"turns":5},{"damage":12,"enemies":"4 Shapes","floor":46,"turns":3},{"damage":11,"enemies":"Writhing Mass","floor":47,"turns":3},{"damage":24,"enemies":"Sphere and 2 Shapes","floor":48,"turns":4},{"damage":47,"enemies":"Time Eater","floor":50,"turns":8}],"seed_played":"-5120558986913777063","potions_obtained":[{"floor":4,"key":"GhostInAJar"},{"floor":8,"key":"EssenceOfSteel"},{"floor":14,"key":"Venom Potion"},{"floor":21,"key":"Flashbang"},{"floor":24,"key":"Milkshake"},{"floor":33,"key":"AttackPotion"},{"floor":34,"key":"Cursed Concoction"},{"floor":46,"key":"Weak Potion"}],"is_trial":false,"path_per_floor":["M","$","M","M","?","R","E","M","T","M","?","?","R","E","R","B",null,"M","$","?","M","?","R","E","M","T","?","?","$","M","E","R","B",null,"M","$","?","?","M","R","?","R","T","M","M","M","M","M","R","B",null],"character_chosen":"THE_SILENT","items_purchased":["Infinite Blades+1","Orrery","Hidden Blade","expansioncontent:Corrupt","HornCleat"],"campfire_rested":3,"item_purchase_floors":[19,19,29,29,36],"current_hp_per_floor":[68,68,60,60,53,53,41,42,42,25,42,42,42,34,34,35,65,61,61,61,51,65,65,59,48,48,18,18,18,18,23,46,48,84,61,61,61,61,41,65,72,72,72,54,54,42,37,28,57,10],"gold":150,"neow_bonus":"RANDOM_COMMON_RELIC","is_daily":false,"chose_seed":false,"campfire_upgraded":4,"win_rate":0.0,"timestamp":1609954668,"path_taken":["M","$","M","M","?","R","E","M","T","M","?","?","R","E","R","BOSS","M","$","?","M","?","R","E","?","T","?","?","?","M","E","R","BOSS","M","$","?","?","M","R","?","R","T","M","?","M","M","M","R","BOSS"],"items_purchased_type":["Card","Relic","Card","Card","Relic"],"build_version":"2020-12-22","purchased_purges":1,"victory":true,"max_hp_per_floor":[70,70,70,70,70,70,70,70,70,70,70,65,65,65,65,65,65,65,65,65,65,79,79,79,79,79,79,79,79,79,79,79,79,84,84,84,84,80,80,80,87,87,87,93,93,93,99,99,99,99],"card_choices":[{"not_picked":["Dodge and Roll","Slice"],"picked":"Blade Dance","floor":1},{"not_picked":["Deflect","All Out Attack"],"picked":"Blade Dance","floor":3},{"not_picked":["Doppelganger","ReplayTheSpireMod:Exploit Weakness"],"picked":"Terror","floor":4},{"not_picked":["Outmaneuver","Well Laid Plans"],"picked":"Prepared","floor":7},{"not_picked":["Caltrops","Deadly Poison"],"picked":"Deflect","floor":8},{"not_picked":["Draining Mist","Flechettes","Underhanded Strike"],"picked":"SKIP","floor":10},{"not_picked":["Deadly Poison","Toxin Wave","Dash"],"picked":"SKIP","floor":14},{"not_picked":["ReplayTheSpireMod:From All Sides","ReplayTheSpireMod:Necrosis"],"picked":"Unload","floor":16},{"not_picked":["Acrobatics","Tactician"],"picked":"Prepared","floor":18},{"not_picked":["ReplayTheSpireMod:Exploit Weakness+1","Sucker Punch+1"],"picked":"Flying Knee","floor":19},{"not_picked":["Acrobatics","Deflect"],"picked":"Blade Dance","floor":19},{"not_picked":["Acrobatics","Burst"],"picked":"Accuracy","floor":19},{"not_picked":["Riddle With Holes","Draining Mist+1"],"picked":"Prepared+1","floor":19},{"not_picked":["Poisoned Stab","PiercingWail+1"],"picked":"Backflip+1","floor":19},{"not_picked":["Dagger Spray","ReplayTheSpireMod:From All Sides","PiercingWail"],"picked":"SKIP","floor":21},{"not_picked":["Catalyst+1","Flying Knee"],"picked":"Expertise+1","floor":24},{"not_picked":["Noxious Fumes","Poisoned Stab","Skewer"],"picked":"SKIP","floor":25},{"not_picked":["Eviscerate+1","Acrobatics"],"picked":"Blade Dance","floor":27},{"not_picked":["Bane+1","Choke"],"picked":"Acrobatics","floor":27},{"not_picked":["Backflip+1","Endless Agony"],"picked":"Accuracy","floor":30},{"not_picked":["Malaise","Deadly Poison+1","Unload"],"picked":"SKIP","floor":31},{"not_picked":["Deadly Poison+1","Draining Mist+1"],"picked":"Prepared","floor":34},{"not_picked":["Poisoned Stab","Choke"],"picked":"Slice","floor":35},{"not_picked":["Sucker Punch","Poisoned Stab+1","Outmaneuver+1"],"picked":"SKIP","floor":39},{"not_picked":["Deflect","Draining Mist"],"picked":"Backstab+1","floor":44},{"not_picked":["Skewer+1","Masterful Stab","Blur"],"picked":"SKIP","floor":45},{"not_picked":["Masterful Stab+1","Bouncing Flask","Predator+1"],"picked":"SKIP","floor":46},{"not_picked":["Heel Hook+1","Outmaneuver+1"],"picked":"Hidden Blade+1","floor":47},{"not_picked":["Acrobatics","ReplayTheSpireMod:Scrap Shanks+1"],"picked":"Blade Dance+1","floor":48}],"player_experience":64619,"relics_obtained":[{"floor":7,"key":"Shovel"},{"floor":9,"key":"TungstenRod"},{"floor":13,"key":"Bottled Lightning"},{"floor":14,"key":"ReplayFunnel"},{"floor":24,"key":"Golden Egg"},{"floor":26,"key":"Ornamental Fan"},{"floor":27,"key":"Whetstone"},{"floor":31,"key":"Replay:WaspNest"},{"floor":41,"key":"Strawberry"},{"floor":43,"key":"Darkstone Periapt"}],"event_choices":[{"damage_healed":0,"gold_gain":0,"player_choice":"Success","damage_taken":7,"relics_obtained":["Shuriken"],"max_hp_gain":0,"max_hp_loss":0,"event_name":"Scrap Ooze","floor":5,"gold_loss":0},{"damage_healed":17,"gold_gain":0,"player_choice":"Healed and dodged fight","damage_taken":0,"max_hp_gain":0,"max_hp_loss":0,"event_name":"Mushrooms","floor":11,"gold_loss":0,"cards_obtained":["Parasite"]},{"damage_healed":0,"gold_gain":0,"player_choice":"Lose Max HP","damage_taken":0,"relics_obtained":["Golden Idol"],"max_hp_gain":0,"max_hp_loss":5,"event_name":"Golden Idol","floor":12,"gold_loss":0},{"damage_healed":0,"gold_gain":0,"player_choice":"Ignored","damage_taken":0,"max_hp_gain":0,"max_hp_loss":0,"event_name":"Vampires","floor":20,"gold_loss":0},{"damage_healed":0,"gold_gain":0,"player_choice":"Obtained Relic","damage_taken":0,"relics_obtained":["Mango"],"max_hp_gain":0,"max_hp_loss":0,"event_name":"Addict","floor":22,"gold_loss":85},{"damage_healed":0,"gold_gain":0,"player_choice":"Memory 1","damage_taken":0,"max_hp_gain":0,"max_hp_loss":0,"event_name":"SensoryStone","floor":37,"gold_loss":0},{"damage_healed":0,"gold_gain":0,"player_choice":"Max HP","damage_taken":0,"max_hp_gain":0,"max_hp_loss":4,"event_name":"Winding Halls","floor":38,"gold_loss":0},{"damage_healed":0,"gold_gain":0,"player_choice":"Relic","damage_taken":0,"max_hp_gain":0,"max_hp_loss":0,"event_name":"Wheel of Change","floor":41,"gold_loss":0}],"is_beta":false,"boss_relics":[{"not_picked":["HoveringKite","ReplayTheSpireMod:DimensionalGlitch"],"picked":"Pandora\u0027s Box"},{"not_picked":["Replay:Drink Me","Coffee Dripper"],"picked":"Tiny House"}],"items_purged_floors":[2],"is_endless":false,"potions_floor_spawned":[4,8,14,21,24,33,46,47],"ascension_level":2}}