{"host":"a3oe3gstxz77c7qu","time":1609955464,"event":{"mods":["2.2 Compatiblity","Act Like it!","BaseMod","Bestiary","Better Altar","Better Match","Better Note","Better Skull","Better Third Choice","Block Reminder","Curses Come First","Custom Start","Downfall","Friendly Minions","GifTheSpireLib","Hermit","Infinite Spire","Jorbs\u0027s Wanderer Trilogy","Lobotomy","LobotomyExtend","Marisa????????","Minty Spire (QoL Compilation)","Permanent Neow","Quick Restart","Relic Stats","Replay The Spire","StSLib","The Bug Knight","The Disciple","Uncapped","Wandering Minibosses"],"gold_per_floor":[99,119,133,145,145,155,155,170,170,170,182,182,182,199,209,307,307,307,326,340,359,28,28,28,28,44,57,87,12,24,74,89,192,192,117,133,204,204,220,220,246,346,365,290,301,301,317,349,369,369,369,369,396,44,44,44],"floor_reached":57,"playtime":5426,"items_purged":["SwitchThreat","champ:Strike"],"score":1252,"play_id":"f78189f1-eb09-48b1-889e-6c4ae19c88b4","local_time":"20210106175104","is_ascension_mode":false,"campfire_choices":[{"floor":1.0,"key":"DIG"},{"data":"champ:Improvising","floor":10.0,"key":"SMITH"},{"data":"champ:GladiatorStyle","floor":12.0,"key":"SMITH"},{"floor":18,"key":"RECALL"},{"data":"champ:CrownThrow","floor":23,"key":"SMITH"},{"data":"champ:Aggression","floor":25,"key":"SMITH"},{"data":"champ:RisingSlash","floor":29,"key":"SMITH"},{"data":"champ:RapidStrikes","floor":35,"key":"SMITH"},{"data":"champ:GladiatorsShout","floor":40,"key":"SMITH"},{"data":"champ:Defend","floor":44,"key":"SMITH"},{"data":"champ:SteelEdge","floor":55,"key":"SMITH"}],"circlet_count":0,"master_deck":["champ:Strike","champ:Strike+1","champ:Defend+1","champ:Defend","champ:Defend","champ:Defend+1","champ:Execute","champ:Taunt+1","champ:Improvising+1","champ:BladeFlurry+1","champ:GladiatorStyle+1","champ:GladiatorsShout+1","champ:CrownThrow+1","champ:Aggression+1","champ:RisingSlash+1","champ:RapidStrikes+1","champ:CrookedStrike","champ:RisingSlash+1","champ:SteelEdge+1"],"relics":["champ:ChampionCrown","HollowMod:QueensCombRelic","Shuriken","LetterFromLob","Divine Protection","LaetitiaHeart","Moonlight_r","Philosopher\u0027s Stone","Question Card","Kunai","Guardian:GemstoneGun","downfall:HeartBlessingRed","Tiny House","infinitespire:Joker Card","Coffee Dripper","downfall:HeartBlessingGreen","Mirror","downfall:HeartBlessingBlue","Gaze_r","infinitespire:Golems Mask","infinitespire:Joker Card","BargainBundle","ReplayFunnel"],"acts_visited":["Exordium","TheCity","TheBeyond","TheEnding"],"potions_floor_usage":[26,47],"damage_taken":[{"damage":7.0,"enemies":"2 Louse","floor":2.0,"turns":2.0},{"damage":10.0,"enemies":"Jaw Worm","floor":3.0,"turns":4.0},{"damage":8.0,"enemies":"Cultist","floor":4.0,"turns":5.0},{"damage":37.0,"enemies":"Gremlin Gang","floor":6.0,"turns":8.0},{"damage":13.0,"enemies":"2 Fungi Beasts","floor":8.0,"turns":5.0},{"damage":16.0,"enemies":"Exordium Thugs","floor":11.0,"turns":6.0},{"damage":0.0,"enemies":"3 Louse","floor":13.0,"turns":4.0},{"damage":0.0,"enemies":"3 Louse","floor":13.0,"turns":4.0},{"damage":2.0,"enemies":"3 Louse","floor":14.0,"turns":4.0},{"damage":0.0,"enemies":"Large Slime","floor":15.0,"turns":3.0},{"damage":19.0,"enemies":"downfall:Silent","floor":16.0,"turns":9.0},{"damage":3,"enemies":"Chosen","floor":19,"turns":4},{"damage":0,"enemies":"Snake Plant","floor":20,"turns":4},{"damage":0,"enemies":"Snecko","floor":21,"turns":2},{"damage":5,"enemies":"downfall:FleeingMerchant","floor":22,"turns":4},{"damage":0,"enemies":"Centurion and Healer","floor":26,"turns":3},{"damage":0,"enemies":"Shelled Parasite and Fungi","floor":27,"turns":3},{"damage":32,"enemies":"Nightmare","floor":28,"turns":5},{"damage":0,"enemies":"3 Cultists","floor":30,"turns":3},{"damage":0,"enemies":"Chosen and Byrds","floor":32,"turns":3},{"damage":0,"enemies":"downfall:Ironclad","floor":33,"turns":5},{"damage":0,"enemies":"3 Shapes","floor":36,"turns":3},{"damage":0,"enemies":"downfall:FleeingMerchant","floor":37,"turns":3},{"damage":1,"enemies":"3 Darklings","floor":39,"turns":3},{"damage":0,"enemies":"Sphere and 2 Shapes","floor":43,"turns":5},{"damage":1,"enemies":"Writhing Mass","floor":45,"turns":4},{"damage":0,"enemies":"Writhing Mass","floor":46,"turns":3},{"damage":0,"enemies":"Jaw Worm Horde","floor":47,"turns":3},{"damage":0,"enemies":"Nemesis","floor":48,"turns":3},{"damage":0,"enemies":"Sphere and 2 Shapes","floor":49,"turns":2},{"damage":16,"enemies":"downfall:Defect","floor":50,"turns":4},{"damage":4,"enemies":"downfall:CharBossMerchant","floor":53,"turns":4},{"damage":21,"enemies":"downfall:NeowBoss","floor":56,"turns":16}],"seed_played":"3209260254764516816","potions_obtained":[{"floor":4.0,"key":"champ:CounterPotion"},{"floor":8.0,"key":"Guardian:BlockOnCardUsePotion"},{"floor":14.0,"key":"Weak Potion"},{"floor":15.0,"key":"Elixir"},{"floor":16.0,"key":"Explosive Potion"},{"floor":31,"key":"champ:TechniquePotion"},{"floor":32,"key":"Block Potion"},{"floor":47,"key":"Elixir"},{"floor":49,"key":"Energy Potion"}],"is_trial":false,"path_per_floor":["R","M","M","M","?","M","T","M","?","R","M","R","M","M","M","B",null,"R","M","M","M","$","R","T","R","M","M","NM","R","M","AVR","M","B",null,"R","M","$","?","M","R","T","?","M","R","M","?","M","E","M","B",null,null,"E","$","R","B",null],"character_chosen":"THE_CHAMP","items_purchased":["Question Card","Mirror","BargainBundle","ReplayFunnel"],"campfire_rested":0,"item_purchase_floors":[22,37,54,54],"current_hp_per_floor":[60,53,60,57,57,33,33,41,41,41,41,41,37,52,60,41,60,60,60,60,60,58,58,58,58,60,60,42,42,54,59,65,65,65,65,65,65,65,65,65,65,65,65,75,75,75,75,75,75,59,59,75,75,75,75,60],"gold":44,"neow_bonus":"ONE_RARE_RELIC","is_daily":false,"chose_seed":false,"campfire_upgraded":9,"win_rate":0.0,"timestamp":1609955464,"path_taken":["R","M","M","M","?","M","T","M","?","R","M","R","M","M","M","BOSS","R","M","M","M","$","R","T","R","M","M","NM","R","M","AVR","M","BOSS","R","M","$","?","M","R","T","?","M","R","?","?","M","E","M","BOSS","E","$","R","BOSS"],"items_purchased_type":["Relic","Relic","Relic","Relic"],"build_version":"2020-12-22","purchased_purges":2,"victory":true,"max_hp_per_floor":[60,60,60,60,60,60,60,60,60,60,60,60,60,60,60,60,60,60,60,60,60,60,60,60,60,60,60,60,60,60,65,65,65,65,65,65,65,65,65,65,65,65,65,75,75,75,75,75,75,75,75,75,75,75,75,75],"relic_stats":{"counters":[33,137],"Shuriken":[63],"Kunai":[53],"Question Card":22,"obtain_stats":[{"ReplayFunnel":54,"HollowMod:QueensCombRelic":0,"Divine Protection":7,"BargainBundle":54,"Tiny House":31,"downfall:HeartBlessingRed":29,"Guardian:GemstoneGun":28,"champ:ChampionCrown":0,"downfall:HeartBlessingGreen":35,"infinitespire:Joker Card":31,"Question Card":22,"Gaze_r":46,"Moonlight_r":13,"LaetitiaHeart":13,"Shuriken":1,"downfall:HeartBlessingBlue":44,"Philosopher\u0027s Stone":17,"infinitespire:Golems Mask":48,"LetterFromLob":2,"Coffee Dripper":34,"Kunai":24,"Mirror":37},{"ReplayFunnel":32,"HollowMod:QueensCombRelic":0,"Divine Protection":4,"BargainBundle":32,"Tiny House":19,"downfall:HeartBlessingRed":18,"Guardian:GemstoneGun":18,"champ:ChampionCrown":0,"downfall:HeartBlessingGreen":21,"infinitespire:Joker Card":19,"Question Card":15,"Gaze_r":27,"Moonlight_r":7,"LaetitiaHeart":6,"Shuriken":0,"downfall:HeartBlessingBlue":25,"Philosopher\u0027s Stone":11,"infinitespire:Golems Mask":29,"LetterFromLob":1,"Coffee Dripper":21,"Kunai":15,"Mirror":23},{"ReplayFunnel":121,"HollowMod:QueensCombRelic":0,"Divine Protection":19,"BargainBundle":121,"Tiny House":77,"downfall:HeartBlessingRed":75,"Guardian:GemstoneGun":75,"champ:ChampionCrown":0,"downfall:HeartBlessingGreen":85,"infinitespire:Joker Card":77,"Question Card":65,"Gaze_r":105,"Moonlight_r":34,"LaetitiaHeart":30,"Shuriken":0,"downfall:HeartBlessingBlue":98,"Philosopher\u0027s Stone":52,"infinitespire:Golems Mask":111,"LetterFromLob":2,"Coffee Dripper":85,"Kunai":65,"Mirror":91}]},"card_choices":[{"not_picked":["champ:GutPunch","champ:Circumvent","champ:PerfectedStrike"],"picked":"SKIP","floor":2.0},{"not_picked":["champ:Riposte","champ:Encircle"],"picked":"champ:Improvising","floor":3.0},{"not_picked":["champ:Circumvent","champ:BerserkersShout","champ:DefensiveShout"],"picked":"SKIP","floor":4.0},{"not_picked":["champ:IgnorePain","champ:GutPunch","champ:FlashCut"],"picked":"SKIP","floor":6.0},{"not_picked":["champ:PerfectedStrike","champ:AdrenalArmor"],"picked":"champ:BladeFlurry","floor":8.0},{"not_picked":["champ:Haymaker","champ:BladeFlurry"],"picked":"champ:GladiatorStyle","floor":11.0},{"not_picked":["champ:TornadoPunch","champ:Control","champ:FalseCounter"],"picked":"SKIP","floor":14.0},{"not_picked":["champ:BerserkersShout","champ:FaceSlap"],"picked":"champ:GladiatorsShout","floor":15.0},{"not_picked":["champ:ShieldThrow","champ:CheapShot"],"picked":"champ:CrownThrow","floor":16.0},{"not_picked":["champ:DefensiveShout","champ:Backstep","champ:StanceDance"],"picked":"SKIP","floor":19},{"not_picked":["champ:BladeFlurry","champ:RisingSlash+1"],"picked":"champ:Aggression","floor":20},{"not_picked":["champ:Circumvent","champ:DeathBlow","champ:StanceDance"],"picked":"SKIP","floor":21},{"not_picked":["champ:RapidStrikes+1","champ:TornadoPunch+1","champ:DefensiveStyle"],"picked":"SKIP","floor":22},{"not_picked":["champ:StanceDance","champ:Circumvent","champ:Devastate","champ:BladeFlurry"],"picked":"SKIP","floor":26},{"not_picked":["champ:Control","champ:DefensiveShout","champ:BringItOn"],"picked":"champ:RisingSlash","floor":27},{"not_picked":["champ:StanceDance","champ:Control","champ:FocusedGladiator+1","champ:PerfectedStrike"],"picked":"SKIP","floor":28},{"not_picked":["champ:Haymaker","champ:Balance","champ:BerserkersShout+1","champ:BladeFlurry"],"picked":"SKIP","floor":30},{"not_picked":["champ:BerserkersShout","champ:StanceDance","champ:Encircle+1"],"picked":"champ:RapidStrikes","floor":31},{"not_picked":["champ:Backstep+1","champ:FlashCut","champ:TornadoPunch+1"],"picked":"champ:CrookedStrike","floor":32},{"not_picked":["champ:FanOfKnives","champ:Circumvent+1","champ:PreciseThrust","champ:GutPunch+1"],"picked":"SKIP","floor":36},{"not_picked":["champ:Riposte+1","champ:FightOn","champ:BladeFlurry+1","champ:GutPunch+1"],"picked":"SKIP","floor":37},{"not_picked":["champ:AdrenalArmor+1","champ:ArenaPreparation+1","champ:Circumvent","champ:DeathBlow"],"picked":"SKIP","floor":39},{"not_picked":["champ:PerfectedStrike+1","champ:BladeFlurry+1","champ:DefensiveShout","champ:DeathBlow+1"],"picked":"SKIP","floor":43},{"not_picked":["champ:GladiatorStyle+1","champ:ArenaPreparation+1","champ:EnGarde","champ:DefensiveStyle+1"],"picked":"SKIP","floor":45},{"not_picked":["champ:Backstep+1","champ:HeartStrike+1","champ:BringItOn+1"],"picked":"champ:RisingSlash+1","floor":47},{"not_picked":["champ:Control","champ:ShieldSlam","champ:Haymaker"],"picked":"champ:SteelEdge","floor":48},{"not_picked":["champ:Circumvent+1","champ:RecklessLeap","champ:CrookedStrike+1","champ:BringItOn"],"picked":"SKIP","floor":49},{"not_picked":["champ:ShieldWall","champ:DeathBlow+1","champ:BladeFlurry","champ:AdrenalArmor+1"],"picked":"SKIP","floor":53}],"player_experience":909712,"relics_obtained":[{"floor":1.0,"key":"Shuriken"},{"floor":2.0,"key":"LetterFromLob"},{"floor":7.0,"key":"Divine Protection"},{"floor":24,"key":"Kunai"},{"floor":28,"key":"Guardian:GemstoneGun"},{"floor":48,"key":"infinitespire:Golems Mask"},{"floor":53,"key":"infinitespire:Joker Card"}],"event_choices":[{"damage_healed":0.0,"max_hp_gain":0.0,"max_hp_loss":0.0,"gold_gain":0.0,"event_name":"Upgrade Shrine","player_choice":"Upgraded","floor":9.0,"gold_loss":0.0,"damage_taken":0.0,"cards_upgraded":["champ:BladeFlurry"]}],"is_beta":false,"boss_relics":[{"not_picked":["ChewingGum","Replay:Drink Me"],"picked":"Philosopher\u0027s Stone"},{"not_picked":["Abe\u0027s Treasure","SacredBark"],"picked":"Coffee Dripper"}],"items_purged_floors":[22,54],"is_endless":false,"potions_floor_spawned":[4,8,14,15,16,19,32,33,39,45,46,47,49],"ascension_level":0}}