{"host":"2lqi9xx9scmc3cqh","time":1609944025,"event":{"mods":["AchievementEnabler","BaseMod","Colored Map","Minty Spire (QoL Compilation)","Remove Card Discount Mod","StSLib"],"gold_per_floor":[5112,5112,5112,5060,5060,5091,4339,4372,4424,4349,4373,4407,4431,105,105,210,210,234,184,99,142,176,215,249,249,249,374,398,398,398,398,398,500,500,521,255,285,18,39,39,39,63,109,109,147,147,174,215,215,215],"floor_reached":51,"playtime":1430,"items_purged":["Strike_G","Strike_G","Defend_G","Defend_G","Injury","Defend_G","Strike_G","Strike_G","Strike_G"],"score":2255,"play_id":"aac834a3-cf19-447b-8f96-46bd8fe36b3e","local_time":"20210106234025","is_ascension_mode":true,"campfire_choices":[{"data":"Survivor","floor":15,"key":"SMITH"},{"data":"Blade Dance","floor":25,"key":"SMITH"},{"data":"Blade Dance","floor":30,"key":"SMITH"},{"data":"Neutralize","floor":32,"key":"SMITH"},{"data":"Adrenaline","floor":40,"key":"SMITH"},{"data":"Blade Dance","floor":44,"key":"SMITH"},{"data":"Cloak And Dagger","floor":46,"key":"SMITH"},{"data":"Phantasmal Killer","floor":49,"key":"SMITH"}],"circlet_count":0,"master_deck":["AscendersBane","Defend_G","Defend_G+1","Survivor+1","Neutralize+1","Accuracy+1","Caltrops+1","Blade Dance+1","Accuracy+1","Blade Dance+1","Acrobatics+1","Phantasmal Killer+1","Blade Dance+1","Cloak And Dagger+1","Backflip+1","Prepared","Accuracy+1","A Thousand Cuts+1","Adrenaline+1","Footwork+1","Cloak And Dagger+1","After Image+1"],"relics":["Ring of the Snake","NeowsBlessing","Juzu Bracelet","Frozen Egg 2","Golden Idol","PreservedInsect","Shuriken","Bag of Marbles","Medical Kit","Ornamental Fan","Anchor","The Courier","Omamori","Happy Flower","TheAbacus","The Specimen","Bronze Scales","CeramicFish","Matryoshka","Mummified Hand","Paper Crane","Darkstone Periapt","Potion Belt","Snake Skull","Bag of Preparation","Kunai","Lantern","Sundial","Pen Nib","Blood Vial","Dream Catcher","Bottled Tornado","Prayer Wheel","Singing Bowl","Orichalcum","Eternal Feather","Lizard Tail","Strawberry","Philosopher\u0027s Stone","Question Card","Tiny Chest","Oddly Smooth Stone","Gremlin Horn","TungstenRod","Letter Opener","Juzu Bracelet","HornCleat","SlaversCollar","Calipers","Torii","Ancient Tea Set","MealTicket","Akabeko","Toxic Egg 2"],"acts_visited":["Exordium","TheCity","TheBeyond"],"potions_floor_usage":[16],"damage_taken":[{"damage":0,"enemies":"2 Louse","floor":1,"turns":1},{"damage":0,"enemies":"3 Sentries","floor":6,"turns":1},{"damage":0,"enemies":"Lagavulin","floor":8,"turns":1},{"damage":4,"enemies":"Small Slimes","floor":11,"turns":4},{"damage":7,"enemies":"Gremlin Nob","floor":12,"turns":3},{"damage":0,"enemies":"Cultist","floor":13,"turns":2},{"damage":0,"enemies":"Slime Boss","floor":16,"turns":1},{"damage":0,"enemies":"Spheric Guardian","floor":18,"turns":1},{"damage":0,"enemies":"3 Byrds","floor":21,"turns":2},{"damage":0,"enemies":"Snake Plant","floor":22,"turns":1},{"damage":0,"enemies":"Book of Stabbing","floor":23,"turns":1},{"damage":0,"enemies":"Centurion and Healer","floor":24,"turns":1},{"damage":0,"enemies":"Colosseum Slavers","floor":27,"turns":1},{"damage":0,"enemies":"Colosseum Nobs","floor":27,"turns":1},{"damage":0,"enemies":"Cultist and Chosen","floor":28,"turns":1},{"damage":0,"enemies":"Collector","floor":33,"turns":2},{"damage":0,"enemies":"3 Darklings","floor":35,"turns":1},{"damage":0,"enemies":"3 Shapes","floor":37,"turns":1},{"damage":0,"enemies":"Maw","floor":39,"turns":2},{"damage":0,"enemies":"4 Shapes","floor":42,"turns":1},{"damage":0,"enemies":"Nemesis","floor":45,"turns":1},{"damage":0,"enemies":"Spire Growth","floor":47,"turns":1},{"damage":0,"enemies":"Reptomancer","floor":48,"turns":1},{"damage":0,"enemies":"Awakened One","floor":50,"turns":3}],"seed_played":"1832547180535010542","potions_obtained":[{"floor":6,"key":"FearPotion"},{"floor":13,"key":"Strength Potion"},{"floor":22,"key":"LiquidMemories"},{"floor":23,"key":"Weak Potion"},{"floor":28,"key":"BlessingOfTheForge"}],"is_trial":false,"path_per_floor":["M","?","?","?","?","E","$","E","T","?","M","E","M","$","R","B",null,"M","?","?","M","M","E","M","R","T","?","M","?","R","T","R","B",null,"M","$","M","$","M","R","T","M","T","R","E","R","M","E","R","B",null],"character_chosen":"THE_SILENT","items_purchased":["Shuriken","Bag of Marbles","Medical Kit","Caltrops+1","Swift Potion","Omamori","Happy Flower","TheAbacus","The Specimen","Bronze Scales","CeramicFish","Matryoshka","Mummified Hand","Paper Crane","Darkstone Periapt","Accuracy+1","Potion Belt","Snake Skull","Blade Dance","Acrobatics","Bag of Preparation","Kunai","Lantern","Sundial","Pen Nib","Blood Vial","Dream Catcher","Bottled Tornado","Prayer Wheel","Singing Bowl","Orichalcum","Eternal Feather","Lizard Tail","Strawberry","Calipers","Torii"],"campfire_rested":0,"item_purchase_floors":[7,7,7,7,7,14,14,14,14,14,14,14,14,14,14,14,14,14,14,14,14,14,14,14,14,14,14,14,14,14,14,14,14,14,36,38],"current_hp_per_floor":[59,59,33,33,33,33,33,33,33,33,29,22,22,29,35,37,64,70,70,70,72,76,80,81,81,81,83,85,85,85,85,85,85,85,89,89,91,91,95,95,95,97,97,97,99,99,101,103,103,103],"gold":215,"neow_bonus":"THREE_ENEMY_KILL","is_daily":false,"chose_seed":false,"campfire_upgraded":8,"win_rate":0.0,"timestamp":1609944025,"path_taken":["M","?","?","?","?","E","?","E","T","?","M","E","M","$","R","BOSS","M","?","?","M","M","E","M","R","T","?","M","?","R","?","R","BOSS","M","$","M","$","M","R","?","M","T","R","E","R","M","E","R","BOSS"],"items_purchased_type":["Relic","Relic","Relic","Card","Potion","Relic","Relic","Relic","Relic","Relic","Relic","Relic","Relic","Relic","Relic","Card","Relic","Relic","Card","Card","Relic","Relic","Relic","Relic","Relic","Relic","Relic","Relic","Relic","Relic","Relic","Relic","Relic","Relic","Relic","Relic"],"build_version":"2020-12-22","purchased_purges":9,"victory":true,"max_hp_per_floor":[66,66,66,66,66,66,66,66,66,66,66,66,66,73,73,73,73,77,77,77,77,79,81,81,81,81,83,85,85,85,85,85,85,85,89,89,91,91,95,95,95,97,97,97,99,99,101,103,103,103],"card_choices":[{"not_picked":["Prepared","Outmaneuver"],"picked":"Catalyst","floor":1},{"not_picked":["Outmaneuver","Leg Sweep"],"picked":"Accuracy+1","floor":6},{"not_picked":["Noxious Fumes+1","Malaise","Expertise"],"picked":"SKIP","floor":8},{"not_picked":["Bane","Masterful Stab"],"picked":"Blade Dance","floor":11},{"not_picked":["Poisoned Stab","Noxious Fumes+1","Flechettes"],"picked":"SKIP","floor":12},{"not_picked":["Bane","All Out Attack","Concentrate"],"picked":"SKIP","floor":13},{"not_picked":["Wraith Form v2+1","Unload"],"picked":"Phantasmal Killer","floor":16},{"not_picked":["Endless Agony","Riddle With Holes","Masterful Stab"],"picked":"Singing Bowl","floor":18},{"not_picked":["Poisoned Stab","Backflip","Crippling Poison"],"picked":"Singing Bowl","floor":18},{"not_picked":["PiercingWail","Infinite Blades+1","Dagger Throw"],"picked":"Blade Dance","floor":21},{"not_picked":["Crippling Poison","Riddle With Holes","Cloak And Dagger","Eviscerate"],"picked":"SKIP","floor":21},{"not_picked":["Crippling Poison","Riddle With Holes","Eviscerate"],"picked":"Cloak And Dagger","floor":21},{"not_picked":["Flechettes","Skewer","All Out Attack"],"picked":"Backflip+1","floor":22},{"not_picked":["Catalyst","Setup","Flying Knee","Slice"],"picked":"SKIP","floor":22},{"not_picked":["Catalyst","Setup","Flying Knee","Slice"],"picked":"Singing Bowl","floor":22},{"not_picked":["Bullet Time","Caltrops+1","Acrobatics","Quick Slash"],"picked":"Singing Bowl","floor":23},{"not_picked":["Bane","Outmaneuver","Flying Knee"],"picked":"Prepared","floor":24},{"not_picked":["Bane+1","Poisoned Stab","Burst"],"picked":"Accuracy+1","floor":24},{"not_picked":["Setup","Backflip+1","Backstab","Deadly Poison"],"picked":"Singing Bowl","floor":27},{"not_picked":["Blur","Prepared+1","Concentrate","Masterful Stab+1"],"picked":"Singing Bowl","floor":28},{"not_picked":["Backstab+1","Poisoned Stab","Bane"],"picked":"A Thousand Cuts+1","floor":28},{"not_picked":["Storm of Steel","Malaise","Bullet Time"],"picked":"Adrenaline","floor":33},{"not_picked":["Masterful Stab","Quick Slash","Noxious Fumes+1","Dodge and Roll"],"picked":"Singing Bowl","floor":35},{"not_picked":["Well Laid Plans+1","Bane+1","Sucker Punch+1","Slice"],"picked":"Singing Bowl","floor":35},{"not_picked":["Underhanded Strike","Distraction","Deflect+1"],"picked":"Footwork+1","floor":37},{"not_picked":["Caltrops+1","Underhanded Strike","Footwork+1","Heel Hook"],"picked":"Singing Bowl","floor":37},{"not_picked":["Outmaneuver","Acrobatics","Underhanded Strike","Dagger Spray"],"picked":"Singing Bowl","floor":39},{"not_picked":["Dagger Throw","Predator+1","Dagger Spray","Heel Hook"],"picked":"Singing Bowl","floor":39},{"not_picked":["Blur","Expertise","Footwork+1","Underhanded Strike"],"picked":"Singing Bowl","floor":42},{"not_picked":["Quick Slash+1","Poisoned Stab+1","Choke"],"picked":"Cloak And Dagger+1","floor":42},{"not_picked":["Quick Slash","Blur","Slice","Flechettes"],"picked":"Singing Bowl","floor":45},{"not_picked":["Sucker Punch","Poisoned Stab","Expertise","Escape Plan"],"picked":"Singing Bowl","floor":47},{"not_picked":["Tactician+1","Dash+1","Backstab"],"picked":"After Image+1","floor":47},{"not_picked":["Caltrops+1","PiercingWail+1","Deflect+1","Underhanded Strike+1"],"picked":"Singing Bowl","floor":48}],"player_experience":391471,"relics_obtained":[{"floor":6,"key":"PreservedInsect"},{"floor":8,"key":"Ornamental Fan"},{"floor":9,"key":"Anchor"},{"floor":12,"key":"The Courier"},{"floor":23,"key":"Tiny Chest"},{"floor":26,"key":"Oddly Smooth Stone"},{"floor":26,"key":"Gremlin Horn"},{"floor":27,"key":"TungstenRod"},{"floor":27,"key":"Letter Opener"},{"floor":31,"key":"Juzu Bracelet"},{"floor":31,"key":"HornCleat"},{"floor":41,"key":"Ancient Tea Set"},{"floor":43,"key":"MealTicket"},{"floor":45,"key":"Akabeko"},{"floor":48,"key":"Toxic Egg 2"}],"event_choices":[{"damage_healed":0,"gold_gain":0,"player_choice":"Ignored","damage_taken":0,"max_hp_gain":0,"max_hp_loss":0,"event_name":"Liars Game","floor":2,"gold_loss":0},{"damage_healed":0,"gold_gain":0,"player_choice":"Success","damage_taken":26,"relics_obtained":["Frozen Egg 2"],"max_hp_gain":0,"max_hp_loss":0,"event_name":"Scrap Ooze","floor":3,"gold_loss":0},{"damage_healed":0,"gold_gain":0,"player_choice":"Left Gold","damage_taken":0,"max_hp_gain":0,"max_hp_loss":0,"event_name":"World of Goop","floor":4,"gold_loss":52},{"damage_healed":0,"gold_gain":0,"player_choice":"Take Wound","damage_taken":0,"relics_obtained":["Golden Idol"],"max_hp_gain":0,"max_hp_loss":0,"event_name":"Golden Idol","floor":5,"gold_loss":0,"cards_obtained":["Injury"]},{"cards_removed":["Catalyst"],"damage_healed":0,"gold_gain":0,"player_choice":"Card Removal","damage_taken":0,"max_hp_gain":0,"max_hp_loss":0,"event_name":"The Cleric","floor":10,"gold_loss":75},{"damage_healed":0,"gold_gain":0,"player_choice":"Upgraded Two","damage_taken":0,"max_hp_gain":0,"max_hp_loss":0,"event_name":"Designer","floor":19,"gold_loss":50,"cards_upgraded":["Acrobatics","Defend_G"]},{"damage_healed":0,"gold_gain":0,"player_choice":"Obtained Relic","damage_taken":0,"relics_obtained":["Question Card"],"max_hp_gain":0,"max_hp_loss":0,"event_name":"Addict","floor":20,"gold_loss":85},{"damage_healed":0,"gold_gain":0,"player_choice":"Fight","damage_taken":0,"max_hp_gain":0,"max_hp_loss":0,"event_name":"Colosseum","floor":27,"gold_loss":0},{"damage_healed":0,"gold_gain":0,"player_choice":"Fought Nobs","damage_taken":0,"max_hp_gain":0,"max_hp_loss":0,"event_name":"Colosseum","floor":27,"gold_loss":0},{"damage_healed":0,"gold_gain":0,"player_choice":"Ignored","damage_taken":0,"max_hp_gain":0,"max_hp_loss":0,"event_name":"Vampires","floor":29,"gold_loss":0}],"is_beta":false,"boss_relics":[{"not_picked":["Cursed Key","Fusion Hammer"],"picked":"Philosopher\u0027s Stone"},{"not_picked":["Velvet Choker","Astrolabe"],"picked":"SlaversCollar"}],"items_purged_floors":[7,7,7,7,14,14,14,36,36],"is_endless":false,"potions_floor_spawned":[6,13,22,23,28,33,37,42,45,48],"ascension_level":19}}