{"host":"cllrhzw6u2711n9p","time":1609959417,"event":{"mods":["A Magickal Journey","Aspiration","BaseMod","Better Altar","Better Skull","Better Third Choice","BetterRewards","Downfall","Highlight Path","Hubris","Infinite Spire","Minty Spire (QoL Compilation)","Replay The Spire","Spicy Shops","StSLib","SuperFastMode","vexMod"],"gold_per_floor":[112,132,146,156,34,60,76,116,198,223,252,439,451,473,485,593,605,636,648,660,682,694,737,765,808,820,863,888,1000,1012,1049,1061,1172,1184,1208,1272,1302,1316,1349,1410,1442,1487,1499,1511,1577,1611,1653,1665,1677,1699],"floor_reached":51,"playtime":4389,"items_purged":["Writhe"],"score":1169,"play_id":"5bad67be-9fcb-447a-bfe3-750b58c62b07","local_time":"20210106135657","daily_mods":["Vintage","Allstar","Heirloom","DeadlyEvents"],"is_ascension_mode":false,"campfire_choices":[{"floor":15,"key":"DIG"},{"data":"Sword Boomerang","floor":30,"key":"SMITH"},{"data":"Anger","floor":32,"key":"SMITH"},{"data":"Fiend Fire","floor":44,"key":"SMITH"},{"data":"Inflame","floor":49,"key":"SMITH"}],"circlet_count":0,"master_deck":["Strike_R","Strike_R","Strike_R","Strike_R","Strike_R","Defend_R","Defend_R","Defend_R","Defend_R","Bash","Secret Technique","Bandage Up","expansioncontent:YouAreMine","expansioncontent:ManipulateTime","Master of Strategy","Pommel Strike","Iron Wave","Anger+1","Doubt","Fiend Fire+1","Pommel Strike+1","Spot Weakness+1","Feed","Sword Boomerang+1","Juggernaut","Blood for Blood+1","Transmutation","Dramatic Entrance","Parasite","Fire Breathing+1","Flex+1","Sword Boomerang","Intimidate","Inflame+1"],"relics":["Burning Blood","replay:Trail_Library","Ice Cream","hubris:Reverence","hubris:SlimyHat","Toy Ornithopter","aspiration:HiddenCompartment","ReplayTheSpireMod:CursedCoin","Happy Flower","Ornamental Fan","MawBank","Odd Mushroom","Darkstone Periapt","Oddly Smooth Stone","ReplayTheSpireMod:Ninjato","Bag of Marbles","Coffee Dripper","infinitespire:Beetle Shell","Onion Ring","Self Forming Clay","Bloody Idol","Blood Vial","aspiration:DSix","vexMod:BarristanHead","infinitespire:FocusingShard","HornCleat","StoneCalendar","Replay:Baseball","vexMod:PlasmaPancake","aspiration:StickyExplosives_weak","Guardian:PocketSentry","infinitespire:Cupcake","infinitespire:Midas Blood","aspiration:HatOfInfinitePower","Potion Belt","hubris:TenFootPole","WingedGreaves","Replay:Bottled Steam","Blood Vial","Replay:Bottled Flurry","Replay:Kaleidoscope","Lantern","hubris:FunFungus"],"acts_visited":["Exordium","TheCity","TheBeyond"],"potions_floor_usage":[8,16,16,23,23,27,29,45,45,45,45,45,46],"damage_taken":[{"damage":1,"enemies":"Jaw Worm","floor":1,"turns":5},{"damage":0,"enemies":"Small Slimes","floor":2,"turns":3},{"damage":3,"enemies":"2 Louse","floor":3,"turns":4},{"damage":13,"enemies":"Exordium Wildlife","floor":4,"turns":5},{"damage":6,"enemies":"Lagavulin","floor":6,"turns":7},{"damage":5,"enemies":"2 Fungi Beasts","floor":7,"turns":3},{"damage":2,"enemies":"The Mushroom Lair","floor":8,"turns":4},{"damage":3,"enemies":"Red Slaver","floor":10,"turns":4},{"damage":0,"enemies":"Large Slime","floor":11,"turns":4},{"damage":6,"enemies":"Looter","floor":14,"turns":3},{"damage":20,"enemies":"Slime Boss","floor":16,"turns":5},{"damage":0,"enemies":"Chosen","floor":18,"turns":4},{"damage":0,"enemies":"Spheric Guardian","floor":21,"turns":2},{"damage":0,"enemies":"Gremlin Leader","floor":23,"turns":3},{"damage":2,"enemies":"3 Cultists","floor":24,"turns":4},{"damage":12,"enemies":"Book of Stabbing","floor":25,"turns":3},{"damage":15,"enemies":"Replay:Snechameleon","floor":27,"turns":6},{"damage":6,"enemies":"Shelled Parasite and Fungi","floor":28,"turns":4},{"damage":6,"enemies":"Colosseum Slavers","floor":29,"turns":5},{"damage":0,"enemies":"Colosseum Nobs","floor":29,"turns":3},{"damage":0,"enemies":"Book of Stabbing","floor":31,"turns":3},{"damage":4,"enemies":"Pondfish","floor":33,"turns":6},{"damage":1,"enemies":"Orb Walker","floor":35,"turns":2},{"damage":18,"enemies":"2 Orb Walkers","floor":36,"turns":4},{"damage":14,"enemies":"3 Darklings","floor":37,"turns":3},{"damage":3,"enemies":"Writhing Mass","floor":39,"turns":4},{"damage":28,"enemies":"Nightmare","floor":40,"turns":6},{"damage":0,"enemies":"Transient","floor":41,"turns":5},{"damage":6,"enemies":"R_Hoarder","floor":42,"turns":5},{"damage":6,"enemies":"Mind Bloom Boss Battle","floor":45,"turns":4},{"damage":12,"enemies":"Maw","floor":46,"turns":5},{"damage":15,"enemies":"Nemesis","floor":47,"turns":3},{"damage":25,"enemies":"hubris:GrandSnecko","floor":50,"turns":5}],"seed_played":"3082905307922433819","potions_obtained":[{"floor":3,"key":"Energy Potion"},{"floor":4,"key":"Adrenaline Potion"},{"floor":6,"key":"Adrenaline Potion"},{"floor":8,"key":"Strength Potion"},{"floor":11,"key":"Death Potion"},{"floor":18,"key":"sneckomod:MuddlingPotion"},{"floor":21,"key":"Swift Potion"},{"floor":24,"key":"LiquidBronze"},{"floor":28,"key":"PowerPotion"},{"floor":39,"key":"sneckomod:MuddlingPotion"},{"floor":41,"key":"EntropicBrew"},{"floor":42,"key":"SteroidPotion"},{"floor":47,"key":"Elixir"}],"is_trial":true,"path_per_floor":["M","M","M","M","$","E","M","?","T","M","M","?","$","M","R","B",null,"M","?","AVR","M","?","E","M","E","T","E","M","?","R","E","R","B",null,"M","?","M","?","M","NM","M","E","T","R","?","M","E","T","R","B",null],"character_chosen":"IRONCLAD","items_purchased":["ReplayTheSpireMod:CursedCoin","Happy Flower","Pommel Strike"],"campfire_rested":0,"item_purchase_floors":[5,5,5],"current_hp_per_floor":[80,80,80,77,77,80,80,80,80,80,80,86,86,86,86,77,86,86,86,86,86,21,53,73,83,86,86,89,98,98,98,98,98,98,101,101,101,96,107,107,107,107,107,107,107,106,103,107,107,107],"gold":1711,"neow_bonus":"","is_daily":false,"chose_seed":false,"campfire_upgraded":4,"win_rate":0.0,"timestamp":1609959417,"path_taken":["M","M","M","M","$","E","M","?","T","M","M","?","$","?","R","BOSS","M","?","AVR","M","?","E","M","E","T","?","M","?","R","?","R","BOSS","M","?","M","?","?","NM","M","?","T","R","?","?","?","?","R","BOSS"],"items_purchased_type":["Relic","Relic","Card"],"build_version":"2020-12-22","purchased_purges":1,"victory":true,"max_hp_per_floor":[80,80,80,80,80,80,80,80,80,80,80,86,86,86,86,86,86,86,86,86,86,86,86,86,86,86,86,89,98,98,98,98,98,98,101,101,101,101,107,107,107,107,107,107,107,107,107,107,107,107],"card_choices":[{"not_picked":["Burning Pact","Rage"],"picked":"Iron Wave","floor":6},{"not_picked":["Warcry","Perfected Strike"],"picked":"Anger","floor":8},{"not_picked":["Bludgeon","Corruption"],"picked":"Fiend Fire","floor":16},{"not_picked":["Warcry+1","Searing Blow"],"picked":"Pommel Strike+1","floor":23},{"not_picked":["Wild Strike","Body Slam"],"picked":"Spot Weakness+1","floor":25},{"not_picked":["Offering","Havoc"],"picked":"Feed","floor":27},{"not_picked":["ReplayTheSpireMod:Strike From Hell","Warcry"],"picked":"Sword Boomerang","floor":29},{"not_picked":["hubris:SharpeningStone","hubris:CleavingFinish","Havoc"],"picked":"SKIP","floor":31},{"not_picked":["Reaper","Exhume"],"picked":"Juggernaut","floor":33},{"not_picked":["Thunderclap+1","Second Wind"],"picked":"Blood for Blood+1","floor":36},{"not_picked":["Discovery","expansioncontent:HyperBeam"],"picked":"Transmutation","floor":38},{"not_picked":["expansioncontent:SlimeTackle","expansioncontent:CaCaw"],"picked":"Dramatic Entrance","floor":38},{"not_picked":["Flame Barrier+1","ReplayTheSpireMod:LeadingStrike"],"picked":"Fire Breathing+1","floor":40},{"not_picked":["Disarm","Iron Wave+1"],"picked":"Flex+1","floor":42},{"not_picked":["Second Wind+1","Combust+1"],"picked":"Sword Boomerang","floor":45},{"not_picked":["Shockwave+1","Power Through"],"picked":"Intimidate","floor":47}],"player_experience":1286,"relics_obtained":[{"floor":1,"key":"hubris:Reverence"},{"floor":2,"key":"hubris:SlimyHat"},{"floor":3,"key":"Toy Ornithopter"},{"floor":4,"key":"aspiration:HiddenCompartment"},{"floor":6,"key":"Ornamental Fan"},{"floor":7,"key":"MawBank"},{"floor":8,"key":"Odd Mushroom"},{"floor":9,"key":"Darkstone Periapt"},{"floor":10,"key":"Oddly Smooth Stone"},{"floor":11,"key":"ReplayTheSpireMod:Ninjato"},{"floor":14,"key":"Bag of Marbles"},{"floor":18,"key":"infinitespire:Beetle Shell"},{"floor":21,"key":"Self Forming Clay"},{"floor":23,"key":"aspiration:DSix"},{"floor":24,"key":"vexMod:BarristanHead"},{"floor":25,"key":"infinitespire:FocusingShard"},{"floor":26,"key":"HornCleat"},{"floor":27,"key":"StoneCalendar"},{"floor":28,"key":"Replay:Baseball"},{"floor":29,"key":"vexMod:PlasmaPancake"},{"floor":29,"key":"aspiration:StickyExplosives_weak"},{"floor":31,"key":"Guardian:PocketSentry"},{"floor":35,"key":"infinitespire:Midas Blood"},{"floor":36,"key":"aspiration:HatOfInfinitePower"},{"floor":37,"key":"Potion Belt"},{"floor":39,"key":"hubris:TenFootPole"},{"floor":40,"key":"WingedGreaves"},{"floor":41,"key":"Replay:Bottled Steam"},{"floor":42,"key":"Blood Vial"},{"floor":43,"key":"Replay:Bottled Flurry"},{"floor":45,"key":"Replay:Kaleidoscope"},{"floor":46,"key":"Lantern"},{"floor":48,"key":"hubris:FunFungus"}],"event_choices":[{"damage_healed":0,"gold_gain":0,"player_choice":"Fought Mushrooms","damage_taken":0,"max_hp_gain":0,"max_hp_loss":0,"event_name":"Mushrooms","floor":8,"gold_loss":0},{"damage_healed":0,"gold_gain":175,"player_choice":"AGREE","damage_taken":264,"max_hp_gain":0,"max_hp_loss":0,"event_name":"betterThird:BetterSerpent","floor":12,"gold_loss":0},{"damage_healed":0,"gold_gain":0,"player_choice":"Ignored","damage_taken":0,"max_hp_gain":0,"max_hp_loss":0,"event_name":"Vampires","floor":19,"gold_loss":0},{"damage_healed":0,"gold_gain":0,"player_choice":" Idol Vial ","damage_taken":65,"relics_obtained":["Bloody Idol","Blood Vial"],"max_hp_gain":86,"max_hp_loss":21,"event_name":"betterAltar:BetterAltar","floor":22,"potions_obtained":[],"relics_lost":[],"gold_loss":0},{"damage_healed":0,"gold_gain":0,"player_choice":"Fight","damage_taken":0,"max_hp_gain":0,"max_hp_loss":0,"event_name":"Colosseum","floor":29,"gold_loss":0},{"damage_healed":0,"gold_gain":0,"player_choice":"Fought Nobs","damage_taken":0,"max_hp_gain":0,"max_hp_loss":0,"event_name":"Colosseum","floor":29,"gold_loss":0},{"damage_healed":0,"gold_gain":0,"player_choice":"Fight","damage_taken":0,"max_hp_gain":0,"max_hp_loss":0,"event_name":"Mysterious Sphere","floor":36,"gold_loss":0},{"damage_healed":0,"gold_gain":0,"player_choice":"Memory 2","damage_taken":5,"max_hp_gain":0,"max_hp_loss":0,"event_name":"SensoryStone","floor":38,"gold_loss":0},{"damage_healed":0,"gold_gain":0,"player_choice":"Fight","damage_taken":0,"max_hp_gain":0,"max_hp_loss":0,"event_name":"MindBloom","floor":45,"gold_loss":0}],"is_beta":false,"boss_relics":[{"not_picked":["vexMod:ImprovementManual","Pandora\u0027s Box"],"picked":"Coffee Dripper"},{"not_picked":["Snecko Eye","aspiration:RunicSpoon"],"picked":"infinitespire:Cupcake"}],"items_purged_floors":[5],"is_endless":false,"potions_floor_spawned":[3,4,6,8,11,14,18,21,24,28,39,41,42,47],"ascension_level":0}}