{"host":"6a06qhlf17v5rcww","time":1609899966,"event":{"mods":["Act Like it!","BaseMod","Beaked The Cultist","Better Altar","Better Match","Better Note","Better Sensory Stone","Better Skull","Better Third Choice","Better Vampires","BetterRewards","Block Reminder","Colored Powertips","Downfall","Hallownest","Hermit","Infinite Spire","Minty Spire (QoL Compilation)","Rare Cards Sparkle","Replay The Spire","Shade Mod","StSLib","The Cursed","The Jungle","The Marked","The Witch"],"gold_per_floor":[118,134,134,134,134,134,165,165,165,191,191,204,214,241,241,340,340,351,156,156,156,168,168,198,198,198,198,198,118,118,130,130,226,226,246,309,328,328,343,343,369,381,408,408,408,408,224,254,254,254],"floor_reached":51,"playtime":5303,"items_purged":["Hallownest:curseDreamersLament"],"score":1213,"play_id":"fbc279ed-61f9-4064-8c9e-c517131b701d","local_time":"20210105212606","is_ascension_mode":true,"campfire_choices":[{"data":"Shade:TouchOfTheGrave","floor":6.0,"key":"SMITH"},{"data":"Shade:OpenGraves","floor":6.0,"key":"SMITH"},{"data":"Shade:FleshToFlesh","floor":8.0,"key":"SMITH"},{"data":"Shade:ExtraLimbs","floor":8.0,"key":"SMITH"},{"data":"Shade:Trample","floor":15.0,"key":"SMITH"},{"data":"Shade:Premonition","floor":15.0,"key":"SMITH"},{"data":"Shade:GreaterAnimation","floor":23.0,"key":"SMITH"},{"data":"Shade:OminousRitual","floor":23.0,"key":"SMITH"},{"data":"Shade:GoDigging","floor":25.0,"key":"SMITH"},{"data":"Shade:StitchTogether","floor":25.0,"key":"SMITH"},{"data":"Hallownest:skillCityofTearsMap","floor":30.0,"key":"SMITH"},{"data":"infinitespire:TheBestDefense","floor":30.0,"key":"SMITH"},{"floor":32.0,"key":"DIG"},{"data":"infinitespire:Collect","floor":40.0,"key":"SMITH"},{"data":"expansioncontent:DonusPower","floor":40.0,"key":"SMITH"},{"data":"Shade:OfferingToTheBeyond","floor":46,"key":"SMITH"},{"data":"Shade:Awaken","floor":46,"key":"SMITH"},{"data":"beaked:CrazyRituals","floor":49,"key":"SMITH"},{"data":"theMarked:ParalyzingBlade","floor":49,"key":"SMITH"}],"circlet_count":0,"master_deck":["Shade:CarefulCut","Shade:FleshToFlesh+1","Shade:TouchOfTheGrave+1","Shade:SoulToxin","Shade:Doomsay","Shade:ExtraLimbs+1","Shade:OpenGraves+1","Shade:GoDigging","Shade:Trample+1","Shade:FleshLikeOak","Shade:Premonition+1","Shade:OfferingToTheBeyond+1","Shade:LyeBath","Shade:OminousRitual+1","Shade:CallOfTheGrave","Shade:RavenousHorde","Shade:GoDigging+1","Shade:GreaterAnimation+1","Shade:BoneShards","Shade:PoundOfFlesh","Shade:GraveStillness","Shade:Awaken+1","Shade:Awaken","champ:BringItOn","Shade:StitchTogether+1","Pain","ReplayTheSpireMod:Doomed","Parasite","infinitespire:TheBestDefense+1","Hallownest:skillCityofTearsMap+1","Twitch","UnluckySeven","infinitespire:Collect+1","expansioncontent:DonusPower+1","Shade:LoseControl","m_Survivalism","beaked:WarriorEssence+1","TheCursedMod:CursedSpellbook+1","sneckomod:UnknownBlock+1","Shade:SanguineRitual+1","Shade:LichForm+1","beaked:CrazyRituals+1","Shade:Frenzy","Shade:ScuttlingHand","Shade:OpenGraves","Shade:StitchTogether","theMarked:ParalyzingBlade+1"],"relics":["Shade:YorickSkull","Replay:Arrowhead","WingedGreaves","Ice Cream","infinitespire:CheckeredPen","Dream Catcher","Pandora\u0027s Box","PrismaticShard","Hallownest:WatcherSealRelic","Shade:YorickPolishedSkull","ReplayFunnel","Replay:WaspNest","Kunai","ReplayTheSpireMod:TigerMarble","ReplayTheSpireMod:SealedPack","Incense Burner","The Courier","Replay:Mystery Machine","White Beast Statue","Bag of Preparation","Replay:Bronze Core","Oddly Smooth Stone"],"acts_visited":["Exordium","Hallownest:Greenpath","Hallownest:CityofTears"],"potions_floor_usage":[50],"damage_taken":[{"damage":0.0,"enemies":"Hallownest:2_Baldur","floor":1.0,"turns":6.0},{"damage":0.0,"enemies":"Hallownest:monsterHuskWarrior","floor":2.0,"turns":3.0},{"damage":0.0,"enemies":"Hallownest:eliteVengeflyKing","floor":7.0,"turns":7.0},{"damage":0.0,"enemies":"Hallownest:eliteMossKnight","floor":10.0,"turns":11.0},{"damage":0.0,"enemies":"Hallownest:monsterHuskGuard","floor":12.0,"turns":4.0},{"damage":0.0,"enemies":"Hallownest:monsterMossCharger","floor":13.0,"turns":4.0},{"damage":0.0,"enemies":"Hallownest:eliteVengeflyKing","floor":14.0,"turns":5.0},{"damage":0.0,"enemies":"Hallownest:BossFalseKnight","floor":16.0,"turns":10.0},{"damage":11.0,"enemies":"Hallownest:2_Mistakes","floor":18.0,"turns":7.0},{"damage":2.0,"enemies":"Hallownest:Flukemon_and_Top","floor":22.0,"turns":5.0},{"damage":2.0,"enemies":"Hallownest:eliteWatcherKnight","floor":24.0,"turns":11.0},{"damage":0.0,"enemies":"Hallownest:2_Flukemon","floor":31.0,"turns":5.0},{"damage":3.0,"enemies":"Hallownest:BossGrimm","floor":33.0,"turns":8.0},{"damage":16.0,"enemies":"Hallownest:2_Littles","floor":35.0,"turns":4.0},{"damage":28.0,"enemies":"Hallownest:2_Primals","floor":36.0,"turns":4.0},{"damage":13.0,"enemies":"Hallownest:3_Siblings","floor":37.0,"turns":3.0},{"damage":3.0,"enemies":"Hallownest:2_Wandering_and_1_Horned","floor":39.0,"turns":4.0},{"damage":9.0,"enemies":"Hallownest:eliteHiveKnight","floor":41.0,"turns":6.0},{"damage":21.0,"enemies":"Hallownest:2_Wing_and_1_Kings","floor":42.0,"turns":9.0},{"damage":11,"enemies":"Hallownest:eliteCollector","floor":48,"turns":7},{"damage":15,"enemies":"Hallownest:BossHollowKnight","floor":50,"turns":4}],"seed_played":"8465562698315170661","potions_obtained":[{"floor":1.0,"key":"Dexterity Potion"},{"floor":14.0,"key":"BlessingOfTheForge"},{"floor":16.0,"key":"Weak Potion"},{"floor":18.0,"key":"Fire Potion"},{"floor":37.0,"key":"Adrenaline Potion"},{"floor":41.0,"key":"Energy Potion"},{"floor":48,"key":"FearPotion"}],"is_trial":false,"path_per_floor":["M","M","$","?","?","R","E","R","T","E","?","M","M","E","R","B",null,"M","$","?","AVR","M","R","E","R","T","?","?","?","R","M","R","B",null,"M","?","M","?","M","R","E","M","T","T","AVR","R","$","E","R","B",null],"character_chosen":"SHADE","items_purchased":["Shade:FleshToFlesh","Shade:TouchOfTheGrave","Replay:Arrowhead","Shade:Awaken","PrismaticShard","Shade:Frenzy","Shade:ScuttlingHand","Shade:OpenGraves","Shade:StitchTogether"],"campfire_rested":0,"item_purchase_floors":[0,0,0,19,19,47,47,47,47],"current_hp_per_floor":[44,44,44,35,35,35,35,35,35,35,38,38,38,38,38,38,65,54,54,54,54,52,52,50,50,50,50,50,50,50,60,60,64,65,49,31,26,26,24,24,38,45,45,45,45,45,45,64,64,50],"gold":254,"neow_bonus":"","is_daily":false,"chose_seed":false,"campfire_upgraded":18,"win_rate":0.0,"timestamp":1609899966,"path_taken":["M","M","$","?","?","R","E","R","T","E","?","M","?","E","R","BOSS","M","$","?","AVR","M","R","E","R","T","?","?","?","R","M","R","BOSS","M","?","M","?","?","R","E","M","T","?","AVR","R","$","E","R","BOSS"],"items_purchased_type":["Card","Card","Relic","Card","Relic","Card","Card","Card","Card"],"build_version":"2020-12-22","purchased_purges":1,"victory":true,"max_hp_per_floor":[65,65,65,65,65,65,65,65,65,65,65,65,65,65,65,65,65,65,65,65,65,65,65,65,65,65,65,65,65,65,65,65,65,65,65,65,65,65,65,65,65,65,65,65,65,65,65,65,65,65],"card_choices":[{"not_picked":["Shade:Brains","Shade:CommandSoldier"],"picked":"Shade:ExtraLimbs","floor":1.0},{"not_picked":["Shade:CoffinDance","Shade:Doomsay"],"picked":"Shade:OpenGraves","floor":2.0},{"not_picked":["Shade:Awaken","Shade:FreshBones"],"picked":"Shade:GoDigging","floor":7.0},{"not_picked":["Shade:PotionOfRestlessness","Shade:Brains"],"picked":"Shade:Trample","floor":10.0},{"not_picked":["Shade:GraveStillness","Shade:ClawBack"],"picked":"Shade:FleshLikeOak","floor":12.0},{"not_picked":["Shade:Doomsay","Shade:Bonestorm","Shade:FleshToFlesh"],"picked":"SKIP","floor":13.0},{"not_picked":["Shade:FleshLikeOak","Shade:SpontaneousRitual"],"picked":"Shade:Premonition","floor":14.0},{"not_picked":["Shade:SoulPierce","Shade:LoseControl"],"picked":"Shade:OfferingToTheBeyond","floor":16.0},{"not_picked":["Shade:FingerOfDeath","Shade:LyeBath"],"picked":"Shade:GraveStillness","floor":18.0},{"not_picked":["theMarked:KeepCalmAndFightOn","sneckomod:UnknownClassHEXA_GHOST_PURPLE"],"picked":"champ:BringItOn","floor":22.0},{"not_picked":["ReplayTheSpireMod:Speed Training+1","theMarked:Improvise"],"picked":"Shade:StitchTogether","floor":24.0},{"not_picked":["infinitespire:Menacing","infinitespire:FutureSight"],"picked":"infinitespire:TheBestDefense","floor":28.0},{"not_picked":["Shade:AncientSpear","TheCursedMod:DoubleShield","hermit:HighCaliber"],"picked":"SKIP","floor":31.0},{"not_picked":["Slimebound:LeechLife","expansioncontent:StudyTheSpire"],"picked":"Twitch","floor":33.0},{"not_picked":["ReplayTheSpireMod:Book of Names","infinitespire:Menacing"],"picked":"infinitespire:Collect","floor":34.0},{"not_picked":["Mind Blast","Deep Breath"],"picked":"expansioncontent:DonusPower","floor":34.0},{"not_picked":["Shade:Tombstone","Shade:DarkOfNight"],"picked":"Shade:LoseControl","floor":34.0},{"not_picked":["champ:Execute","sneckomod:TailWhip"],"picked":"m_Survivalism","floor":34.0},{"not_picked":["Slice","Guardian:BaubleBeam"],"picked":"beaked:WarriorEssence+1","floor":35.0},{"not_picked":["Guardian:Gem_Lightblue","Forethought+1"],"picked":"TheCursedMod:CursedSpellbook+1","floor":36.0},{"not_picked":["beaked:Negation","Phantasmal Killer"],"picked":"sneckomod:UnknownBlock+1","floor":37.0},{"not_picked":["Shade:Patience+1","Shade:SkeletonArmy+1"],"picked":"Shade:SanguineRitual+1","floor":38.0},{"not_picked":["Shade:OminousRitual+1","Shade:DarkOfNight+1"],"picked":"Shade:LichForm+1","floor":38.0},{"not_picked":["TheCursedMod:SmokeScreen","Ball Lightning","Indignation"],"picked":"SKIP","floor":39.0},{"not_picked":["Demonfyre+1","TheCursedMod:HellfireBreathing+1","Shade:Patience"],"picked":"SKIP","floor":41.0},{"not_picked":["theMarked:WardOff+1","champ:IronFortress"],"picked":"beaked:CrazyRituals","floor":42.0},{"not_picked":["Cloak And Dagger","Slimebound:Chomp+1"],"picked":"theMarked:ParalyzingBlade","floor":48}],"player_experience":743678,"relics_obtained":[{"floor":7.0,"key":"WingedGreaves"},{"floor":9.0,"key":"Ice Cream"},{"floor":10.0,"key":"infinitespire:CheckeredPen"},{"floor":14.0,"key":"Dream Catcher"},{"floor":24.0,"key":"ReplayFunnel"},{"floor":26.0,"key":"Replay:WaspNest"},{"floor":32.0,"key":"ReplayTheSpireMod:TigerMarble"},{"floor":36.0,"key":"Incense Burner"},{"floor":41.0,"key":"The Courier"},{"floor":43,"key":"Replay:Mystery Machine"},{"floor":44,"key":"White Beast Statue"},{"floor":48,"key":"Oddly Smooth Stone"}],"event_choices":[{"damage_healed":3.0,"max_hp_gain":0.0,"max_hp_loss":0.0,"gold_gain":0.0,"event_name":"betterSkull:BetterSkull","player_choice":"LEAVE ","floor":11.0,"gold_loss":0.0,"damage_taken":0.0,"cards_upgraded":[],"relics_obtained":[]},{"damage_healed":0.0,"max_hp_gain":0.0,"max_hp_loss":0.0,"gold_gain":0.0,"event_name":"betterMatch:BetterMatch","player_choice":"2","floor":38.0,"gold_loss":0.0,"damage_taken":0.0,"cards_obtained":["betterMatch:RareCard","betterMatch:UncommonCard"]}],"is_beta":false,"boss_relics":[{"not_picked":["Fusion Hammer","Busted Crown"],"picked":"Pandora\u0027s Box"},{"not_picked":["Replay:Drink Me","Ring of Chaos"],"picked":"ReplayTheSpireMod:SealedPack"}],"items_purged_floors":[21],"is_endless":false,"potions_floor_spawned":[1,14,16,18,24,31,33,35,37,41,48],"ascension_level":1}}